2796 5048
693 245 749 304 118

107 409 241 490 cogitasse
258 404 386 494 ridetur.
423 405 481 466 Sed
498 406 553 466 erit
570 406 641 466 haec
660 407 744 469 nabis
762 409 823 469 veri
851 406 1015 487 disquisitio
1035 410 1068 469 in
1091 408 1194 471 studio
1210 413 1322 494 sapien·

106 509 162 567 tiae
173 513 344 587 progr-aem
360 503 507 586 quaedam.
538 505 609 564 Nam
626 505 682 566 fert
700 506 773 564 ratio
792 506 904 585 ingenii
922 505 1061 582 humani,
1082 521 1152 568 uta
1171 509 1278 589 pulcro
1292 507 1322 569 ad

107 625 224 680 verum,
245 603 282 663 ab
301 603 411 665 artibus
428 602 466 663 ad
484 601 650 678 doctrinas,
670 603 707 663 ab
725 604 779 677 iis,
800 625 872 683 quae
892 603 1041 680 sensibus,
1055 604 1094 664 ad
1112 628 1168 683 ea,
1182 628 1259 687 quae
1271 608 1321 667 sola

105 717 199 766 mente
216 715 244 763 et
262 702 432 783 cogitatione
449 701 669 784 percipiuntur,
689 699 896 782 progrediatur.
938 701 1023 777 Quod
1047 704 1103 762 iter
1127 718 1161 765 ut
1184 720 1214 766 et
1237 705 1321 766 homi·

106 802 153 861 nis
170 812 212 859 est
234 800 361 877 cujusvis
383 798 625 881 praestabilioris,
646 801 696 877 qui
717 798 755 859 ad
781 798 890 857 cultum
910 799 1045 879 procedat
1072 822 1179 876 suum,
1200 816 1230 863 et
1259 806 1319 883 gen·
1372 843 1398 862 ,,-.

104 899 177 959 tium
194 898 251 957 fuit
267 898 420 959 cultiorum
439 898 586 971 omnium,
608 898 648 957 ita
667 899 700 956 in
718 898 818 978 primis
837 897 1037 978 philosophiae
1056 900 1092 958 sit
1121 920 1241 961 necesse
1268 913 1316 960 eat:

105 997 212 1078 quippe
230 1017 301 1074 quae
319 1010 384 1055 ante
402 1009 511 1055 caetera
530 996 625 1054 omnia
643 995 769 1054 hominis
778 1041 786 1069 ,
808 996 868 1056 sive
893 997 982 1054 animi
1007 997 1147 1074 humani,
1178 1012 1315 1072 naturam,

103 1084 214 1168 studia,
234 1095 440 1174 perfectionem
460 1093 607 1172 exploret,
628 1106 688 1151 tum
718 1094 802 1152 etiam
830 1090 891 1151 dux
922 1114 980 1152 esse
1010 1094 1123 1154 homini
1151 1094 1315 1171 debeat,·ut

103 1207 221 1252 naturae
239 1193 287 1253 via
304 1190 341 1249 ad
359 1192 530 1272 sapientiam
548 1191 672 1251 accedat.
694 1192 744 1250 Est
760 1206 854 1251 autem
873 1175 1012 1268 ejusriiodi
1031 1195 1194 1274 progressio
1210 1193 1313 1269 haecce,

104 1304 136 1349 ut
154 1310 233 1349 nuuc
251 1287 366 1347 demum
388 1290 419 1347 in
437 1289 531 1368 ipsum
550 1290 749 1371 philosophiae
770 1310 888 1369 regnum
898 1334 906 1363 ,
927 1288 1005 1367 quod
1024 1288 1101 1348 idem
1119 1305 1163 1350 est
1183 1292 1312 1368 veritatis,
1392 1355 1398 1372 Ι

102 1389 189 1447 simus
207 1387 384 1467 perventuri.
433 1388 522 1460 Nam,
540 1388 636 1467 pulcri
656 1387 796 1447 tradenda
824 1388 963 1461 scientia,
983 1389 1169 1469 praepararit
1188 1411 1241 1449 nos
1257 1410 1309 1468 quo
1383 1456 1390 1468 q

101 1483 253 1546 dammodo
272 1485 413 1544 Diotimae
428 1505 537 1559 sermo,
558 1499 590 1544 ut
610 1507 709 1545 verum
729 1507 745 1544 a
763 1486 856 1565 speeie
872 1484 1111 1565 distingueremus
1117 1511 1125 1564 3
1142 1508 1226 1547 nunc
1243 1508 1309 1563 vero,

100 1583 173 1665 quid
200 1585 261 1664 ipsa
288 1583 407 1641 scientia
431 1583 487 1655 sit,
516 1581 672 1663 diligenter
698 1584 820 1662 dataque
849 1584 934 1662 opera
961 1586 1156 1661 exquiremus.
1197 1586 1240 1645 De
1266 1605 1308 1645 unt
1384 1640 1391 1649 .

100 1682 203 1765 pulcro
219 1682 326 1761 egimus
345 1680 502 1755 hactenus,
522 1701 615 1760 neque
634 1696 675 1742 est
693 1703 760 1742 sane
780 1680 817 1740 ad
839 1681 909 1739 haec
933 1679 1028 1740 studia
1053 1681 1222 1743 inchoanda
1238 1683 1308 1743 blan·

101 1779 169 1841 dius
185 1768 382 1858 efficaciusque
411 1779 650 1856 invitamentum
674 1802 752 1840 nunc
783 1800 850 1841 vero
879 1778 916 1838 de
944 1778 1029 1837 rebus
1056 1780 1192 1840 omuibus
1214 1802 1268 1861 qua
1282 1781 1309 1840 sit
1358 1751 1398 1836 l..

101 1878 212 1937 ratione
235 1874 444 1956 judicandum,
474 1876 668 1958 dispiciemus.
710 1864 929 1956 Relinquendus
958 1877 1077 1936 omnino
1102 1879 1191 1939 nobis
1218 1871 1313 1958 doctor
1386 1913 1389 1924 .

101 1974 150 2035 hic
165 1974 367 2051 munduserit,
382 1967 509 2035 errbrum
524 1978 715 2057 falsarumque
723 1977 894 2057 opinionum
908 1975 1026 2056 plenus:
1047 1975 1259 2041 ascendendum
1273 2002 1322 2039 au·

103 2087 160 2135 tem
178 2074 211 2132 in
230 2070 371 2133 mundum
388 2067 504 2154 νοητόν,
525 2075 577 2136 ubi
600 2076 699 2134 lucent
718 2072 798 2133 ideae
826 2094 943 2147 omncs,
964 2093 1033 2151 quas
1060 2075 1110 2151 qui
1140 2097 1203 2138 non
1230 2081 1345 2139 anino

101 2173 299 2254 perspexerit,
319 2176 469 2236 veritatem
488 2171 697 2252 injudicando
714 2172 823 2249 assequi
844 2171 930 2230 nulla
949 2171 1060 2259 ratione
1077 2174 1195 2252 poterit.

74 2304 76 2312 ·
142 2269 193 2329 Est
212 2290 345 2350 magnum
362 2293 431 2332 sane
449 2271 526 2331 illud
545 2285 573 2331 et
592 2270 734 2343 sublime,
755 2290 812 2349 quo
831 2267 986 2334 tendimus.
1037 2269 1237 2333 Veruntamen
1253 2261 1370 2353 quid

103 2367 214 2427 homini
236 2368 355 2444 utilius,
375 2368 447 2447 quid
466 2371 555 2450 magis
574 2369 607 2428 in
625 2369 685 2430 vita
705 2368 894 2427 necessarium
912 2381 973 2443 cst,
1000 2389 1085 2446 quam
1102 2383 1180 2429 reete
1194 2370 1373 2449 judicata

104 2478 134 2524 ct
160 2485 277 2526 cernere
304 2470 428 2528 verum?
458 2466 494 2526 ld
520 2481 614 2527 autem
638 2467 671 2526 iu
695 2465 781 2526 rebus
798 2467 931 2524 maximis
957 2467 1189 2546 gravissimisque
1215 2458 1375 2547 mseqm...]'

102 2563 215 2623 nemini
233 2565 395 2625 mortalium
416 2566 503 2642 licet,
523 2566 581 2625 nisi
599 2566 647 2624 cui
666 2584 748 2624 mens
775 2566 943 2642 animusque
966 2563 1003 2622 ab
1026 2564 1073 2623 his
1097 2583 1194 2624 rerum
1218 2567 1376 2639 hiuhma!

103 2671 132 2719 et
157 2659 334 2740 simulacris,
361 2665 468 2744 quibus
494 2658 663 2747 persensus
687 2661 866 2744 decipimur,
894 2675 969 2721 totus
992 2662 1029 2721 sit
1047 2660 1086 2720 ad
1105 2681 1150 2720 res
1169 2665 1261 2745 ipsas,
1281 2650 1375 2722 (Ξ

103 2759 165 2821 veri
182 2758 261 2820 ideas
278 2763 418 2842 perfectas
440 2783 604 2824 conversus.
644 2763 703 2822 Nec
724 2783 792 2824 vero
811 2762 851 2820 ita
869 2760 958 2820 ardua
977 2773 1019 2819 est
1041 2759 1126 2822 nobis
1145 2761 1178 2819 in
1197 2762 1373 2843 phileae*

103 2857 173 2938 phia
191 2856 320 2918 Platonis
337 2861 402 2934 via,
422 2875 454 2920 ut
468 2861 501 2920 in
515 2873 689 2919 caeterorum
706 2860 906 2941 plerorumque
926 2857 1161 2938 philosophorum
1176 2858 1332 2919 doctrici&
1345 2891 1370 2907 -

3 3023 5 3027 ¹
102 2957 226 3015 Naturae
251 2956 398 3019 illc'tiam
415 2960 520 3019 tenuit.
557 2959 684 3036 Namque
704 2971 735 3016 ut
752 2959 857 3017 fecerat
883 2959 916 3017 in
935 2955 1130 3036 superioribus
1158 2956 1195 3015 de
1217 2959 1369 3037 μάσω

104 3053 378 3134 disceptationibus,
399 3057 439 3117 ita
463 3057 496 3115 in
522 3057 575 3116 hac
595 3065 661 3115 vrri
685 3056 890 3133 inquisitione,
909 3049 1026 3115 oiiodav
1046 3046 1221 3135 ἀρξάμενος,
1246 3040 1368 3137 quoa

104 3151 198 3230 ajebat
229 3151 381 3228 Socrates,
411 3164 600 3232 noemetz'ptoa
627 3156 775 3236 primum,
811 3175 938 3234 quaeque
968 3158 1069 3215 insunt
1097 3157 1183 3216 nobis
1208 3154 1368 3225 emur,

106 3252 255 3328 exquirere
275 3273 327 3312 nos
343 3252 477 3330 jubebit:
499 3255 532 3313 in
561 3252 666 3331 quibus
695 3274 836 3328 amorem,
857 3255 1066 3334 principiorum
1093 3257 1223 3316 omnium
1244 3266 1370 3315 saul

105 3349 182 3408 muru
205 3362 234 3408 et
258 3332 503 3427 efficacissimum,
524 3352 644 3410 insitum
667 3351 751 3410 nobis
773 3361 838 3409 veri
861 3375 1008 3426 amorem,
1028 3352 1157 3413 attendet
1176 3354 1373 3414 nobiscun-

105 3446 300 3529 potis'simum:
324 3449 401 3509 unde
419 3451 582 3530 profectus,
612 3449 753 3529 quomodo
773 3452 878 3531 optime
905 3451 951 3509 his
978 3449 1101 3527 studiis,
1121 3450 1192 3511 huic
1218 3447 1376 3518 ameriae

106 3544 153 3604 his
171 3546 232 3606 veri
251 3548 426 3628 appetitibus
446 3542 607 3608 satisfacere
632 3549 770 3630 possimus
780 3595 789 3624 ,
810 3564 943 3628 quaeret,
964 3551 1201 3628 disciplinaeque
1227 3545 1379 3629 expio?

106 3643 200 3718 rabit,
220 3645 325 3723 quibus
344 3644 381 3705 ad
400 3668 500 3706 verum
520 3647 622 3721 homo,
644 3662 675 3708 ut
694 3651 814 3707 artibus
833 3647 870 3706 ad
889 3649 1041 3728 pulcrum,
1062 3647 1236 3725 adducitur,
1253 3649 1382 3706 dial

105 3743 241 3802 lecticam
255 3745 288 3803 in
307 3745 425 3824 primis,
446 3744 667 3825 disciplinarum
694 3748 864 3827 principem.
907 3749 981 3805 Turn
1009 3767 1079 3826 vero
1102 3746 1237 3823 demum,
1254 3751 1384 3827 perf

103 3844 216 3922 quisitis
244 3846 289 3904 his
312 3844 462 3918 omnibus,
491 3844 524 3902 in
548 3844 642 3923 ipsum
670 3866 721 3903 nos
749 3845 869 3905 evehere
895 3844 1035 3911 mundum
1061 3838 1186 3923 νομτόν,
1207 3867 1242 3905 ex
1265 3837 1384 3945 hrt?

104 3942 234 4003 inscitiae
261 3934 444 4021 errorumque
471 3940 537 4001 sede
569 3942 606 4001 ad
631 3943 780 4002 scientiam
807 3957 835 4002 et
866 3945 1014 4003 veritatem
1043 3946 1148 4006 ducere
1180 3935 1382 4024 aeqrubil‘

103 4043 214 4101 ratione
241 4042 401 4102 conabitur.
452 4038 593 4100 Naturae
620 4040 709 4115 haec,
738 4041 874 4118 inquam,
904 4042 952 4102 via
981 4057 1039 4117 est,
1069 4065 1239 4123 quamquam
1260 4033 1378 4099 cufi

103 4142 188 4220 pauci
205 4154 370 4200 tenuerunt.
413 4141 484 4198 Nam
505 4138 543 4198 ad
565 4137 653 4197 finem
671 4139 735 4216 quis
754 4152 828 4197 recte
845 4138 963 4213 tendet,
984 4140 1062 4220 apud
1079 4162 1164 4220 quem
1183 4140 1221 4200 de
1239 4135 1373 4220 prin‘

103 4237 186 4318 cipiis
203 4260 263 4298 non
281 4241 413 4299 constet?
436 4240 507 4312 Quis
521 4246 683 4317 peruenire
702 4237 859 4314 adfinem,
879 4237 1034 4318 perlicere,
1049 4239 1126 4317 quad
1144 4240 1242 4320 cupit,
1259 4239 1311 4317 pot-
1323 4240 1366 4259 ‘

104 4351 164 4412 est,
192 4339 249 4397 nisi
276 4339 361 4399 viam·
377 4335 511 4411 edoctus,
537 4358 594 4415 qua
621 4336 725 4397 debeat
752 4333 924 4418 procedere,
955 4357 1077 4415 ususque
1106 4329 1296 4397 instrumentis
1333 4354 1354 4385 ⁷

104 4434 209 4516 quihus
226 4457 297 4518 opus
322 4436 477 4518 perficiat?
498 4435 584 4497 Unde
607 4436 641 4496 in
665 4437 744 4497 omni
770 4435 927 4516 disciplina
952 4433 1023 4495 haec
1050 4436 1106 4496 tria
1130 4429 1347 4496 memorautssf
