2774 5048
658 270 718 330 495

65 442 236 524 exploratur
250 424 390 498 'sitientis
416 435 562 510 hominis,
601 439 651 515 qui
681 438 805 496 maxime
834 436 952 496 ducitur
980 436 1105 497 bibendi
1134 435 1304 518 cupiditate.

69 561 84 593 ιι
94 538 231 598 Siticntis
248 537 363 595 animus
374 578 382 610 ,
404 535 444 593 ait
462 534 611 609 Socrates,
632 549 776 613 quatenus
795 536 874 611 sitit,
896 557 956 595 non
973 533 1057 595 aliud
1076 538 1200 617 appetit,
1220 558 1306 616 qnam

65 637 186 696 bibere:
207 635 261 694 hoe
282 647 410 714 spectat,
437 632 496 691 huo
515 633 612 692 tendit
631 633 726 693 unice.
744 669 779 682 -
798 635 936 693 Omnino.
956 656 991 666 ·-
1011 633 1121 707 Quodsi
1142 636 1231 714 igitur
1249 637 1305 710 sit,

62 735 147 815 quod
174 734 319 792 sitientem
348 732 434 790 illum
463 730 605 804 retrahat,
635 730 720 789 aliud
749 729 782 789 id
808 731 841 789 in
871 731 968 789 animo
996 732 1071 806 orit,
1098 753 1184 810 quarn
1211 731 1306 808 illud,

65 833 149 913 quod
165 832 246 904 sitit,
266 831 437 910 ipsumque,
461 841 491 886 ut
510 828 619 902 sercin,
640 827 677 886 ad
706 827 869 887 hibendum
898 828 1043 908 impellit:
1066 852 1125 889 non
1147 831 1226 889 enim
1242 831 1307 891 lieri

63 951 151 1012 porse
179 929 321 1003 dicimus,
351 939 383 984 ut
419 925 497 985 idem
532 925 605 1004 quid
635 924 735 984 eadem
765 925 810 984 sui
840 939 921 1004 parte
945 927 1024 984 cirea
1054 927 1132 986 idem
1160 931 1330 988 contraria

61 1039 146 1106 agat
173 1054 209 1069 -·-
239 1027 303 1084 Non
334 1037 420 1083 certe.
451 1046 487 1059 -·
518 1022 769 1097 Quemadmodum
797 1022 955 1091 absurdum
983 1023 1065 1082 dictu
1091 1038 1152 1100 cst,
1177 1023 1307 1104 ejusdcm

60 1123 211 1204 'sagittarii
226 1122 329 1182 maniis
345 1143 442 1181 arcum
459 1121 548 1181 simul
566 1120 729 1202 propellere
749 1135 777 1180 et
804 1122 967 1181 retrahere:
988 1120 1165 1197 dicendum,
1187 1124 1307 1182 alterum

65 1243 128 1283 esec
155 1236 291 1296 meum,
310 1239 384 1299 quae
403 1220 563 1301 propellat,
585 1220 725 1292 alteram,
745 1239 819 1297 quae
849 1219 985 1280 retrahat.
1005 1250 1041 1261 -
1061 1221 1104 1280 Ita
1131 1242 1248 1300 prorsus
1276 1242 1305 1279 se

65 1342 116 1380 roo
140 1320 238 1379 habet.
259 1346 294 1360 -·
315 1319 488 1378 Fatcmurnc
518 1338 577 1378 csso
604 1317 736 1396 aliquos,
766 1318 836 1395 qui,
857 1337 925 1376 cum
954 1319 1073 1393 sitiant,
1095 1339 1306 1398 nonnunquam

65 1418 172 1478 bibere
193 1417 317 1477 nolint?
338 1449 374 1458 —
391 1416 502 1475 Multos
531 1436 600 1475 sane
629 1429 658 1475 et
674 1415 788 1475 crebro.
808 1448 845 1460 ——
865 1417 946 1490 Quid
963 1418 1052 1498 igitur
1073 1417 1110 1477 de
1131 1417 1209 1477 hisce
1227 1417 1307 1477 dicat

63 1517 201 1596 uliquis?
237 1516 342 1574 Nonne
359 1517 452 1574 inesse
470 1516 503 1574 in
522 1536 619 1574 eorum
639 1516 756 1588 animo,
773 1513 852 1592 quod
866 1515 987 1592 jubeat,
1004 1517 1101 1575 inesse
1121 1518 1208 1589 item,
1228 1515 1308 1593 quod

64 1628 150 1676 vetet
165 1614 281 1687 bibere,
302 1632 424 1691 quorum
444 1614 498 1672 hoc
513 1613 632 1690 jubenti
652 1613 700 1671 illi
721 1612 868 1692 imperat?
892 1645 923 1658 -
945 1613 1072 1674 Videtur
1091 1615 1164 1675 milii
1182 1635 1308 1674 sane-
1369 1599 1377 1615 ⁰

63 1715 175 1774 Nonne
201 1713 290 1792 igitur
314 1712 393 1792 quod
423 1711 559 1792 prohihet
586 1711 659 1784 ista,
681 1710 731 1769 uhi
760 1711 893 1784 exsistit,
914 1713 1059 1771 eratione
1075 1713 1214 1772 exsistit?
1235 1729 1308 1790 quae

66 1812 142 1873 iero
168 1822 258 1891 agunt
285 1810 462 1889 trahuntque
487 1811 521 1868 in
551 1809 646 1869 varias
669 1822 765 1888 partes
792 1810 939 1884 animum,
961 1831 998 1868 ex
1023 1810 1171 1869 affectibus
1190 1823 1308 1890 pertur-

67 1909 296 1988 bationibusque
325 1909 484 1967 oriuntur?
504 1934 540 1947 ·-
560 1911 698 1988 Apparet.
717 1944 755 1956 -
775 1900 824 1967 Ori
844 1897 887 1987 tq*
907 1901 1023 1988 ἀλόγως
1045 1902 1210 1983 α’ξιιόσομεν
1233 1901 1308 1968 aricii

64 2001 159 2069 διττά
185 2029 216 2067 τι
245 2005 295 2066 καὶ
325 2003 413 2089 ἕτερα
443 1999 579 2087 ἀλλήλων
610 1999 698 2066 εἶναι·
727 2001 767 2067 nd
797 2005 853 2087 μὲν
884 1999 1078 2095 ᾦὶηίζιται
1099 2003 1310 2091 λογιστικδν

63 2102 337 2192 πρισαιιιριύιιπες
363 2107 419 2190 τῆς
444 2106 564 2190 ψυχῆς·
590 2103 626 2168 ro*
655 2104 691 2168 δὲ
714 2097 740 2195 ᾧ
770 2108 826 2196 ἐρᾷ
851 2134 883 2173 τε
909 2112 958 2175 καὶ
983 2111 1071 2200 πεινῇ
1090 2112 1140 2174 uui
1160 2112 1240 2198 διψῇ
1260 2109 1309 2172 καὶ

66 2211 140 2294 napi
161 2205 216 2285 aig
236 2206 326 2284 ἄλλας
346 2207 513 2288 ἐπιθυμίας
542 2204 705 2292 ἐπτόηται,
727 2208 931 2295 ἀλόγιστόν
957 2238 988 2279 τε
1012 2216 1062 2278 καὶ
1089 2215 1310 2297 ἐπιθυμητι-

66 2309 153 2389 udc,
182 2306 364 2395 πληρώσεών
391 2335 480 2373 τινων
509 2312 559 2373 καὶ
588 2308 707 2394 ἡδονῶν
740 2311 875 2400 scarpo·
907 2342 965 2381 raon
983 2329 1086 2404 igitur
1106 2329 1171 2379 ciue
1189 2327 1309 2378 ratione

66 2418 130 2478 duo
156 2419 213 2475 itta
243 2438 303 2475 accc
334 2426 364 2474 et
389 2437 408 2472 a
438 2437 467 2473 cc
492 2423 622 2473 invicem
651 2419 772 2476 diverso
802 2431 990 2479 statuemus:
1011 2430 1042 2478 et
1065 2420 1146 2478 illud
1170 2421 1308 2497 quidem,

69 2538 129 2596 quo
152 2520 362 2573 ratiocinatur·
391 2521 531 2588 coimus,
561 2519 784 2574 rationale
814 2522 1006 2577 vocabimur:
1036 2521 1119 2577 illud
1146 2540 1235 2593 cero,
1258 2541 1314 2597 quo

68 2623 176 2688 curat,
206 2619 323 2686 esurit,
353 2619 437 2685 sitit,
469 2620 657 2691 cocinitque
695 2614 917 2691 cupiditatibus
945 2625 1105 2698 agitatur,
1134 2625 1148 2673 ι’
1157 2624 1272 2674 croti
1282 2638 1314 2674 o-

67 2713 170 2770 nale
190 2720 219 2768 ot
238 2718 418 2787 concupi
429 2731 550 2784 coena,
570 2712 770 2789 repletionum
790 2716 984 2793 quamdam
1005 2737 1040 2773 uc
1058 2717 1248 2792 voluptatum
1267 2736 1315 2773 ac-

65 2817 165 2870 ee'um.
184 2811 299 2869 —Non
319 2828 387 2867 sanc
398 2855 406 2883 ,
428 2808 479 2868 sed
499 2811 601 2870 merito
619 2812 660 2870 ito
677 2812 870 2874 censebimus.
883 2837 899 2877 ιι
927 2811 957 2893 l)

178 3005 232 3064 Dc
268 3008 584 3085 distinguendo
620 3010 666 3066 ab
693 3011 808 3070 diaco
832 3023 967 3090 rocta,
997 3020 1068 3091 qui
1096 3014 1214 3072 nodia

563 3113 694 3183 ineat,
724 3109 827 3195 θυμῷ.

113 3304 173 3365 Hic
204 3324 273 3366 vero
301 3326 355 3364 nos
379 3305 510 3364 Socrates
536 3294 578 3367 ud·
608 3330 667 3369 rem
696 3312 797 3393 paullo
824 3312 1315 3389 difficiliorem·intricatioremqnc

70 3403 282 3486 explicandam
310 3404 401 3464 ducit.
443 3405 540 3464 Inesse
570 3408 672 3483 nohis,
693 3426 805 3490 practer
832 3414 972 3471 rationem
991 3433 1024 3468 ac
1038 3410 1231 3491 cupiditates,
1252 3424 1313 3468 ter·

71 3503 149 3562 tium
179 3502 313 3583 aliquid,
341 3504 419 3582 quod
446 3497 551 3579 θυμός
578 3505 737 3566 dicendum
758 3522 818 3582 cst,
841 3508 967 3567 videtur.
1010 3510 1072 3566 Hoc
1092 3505 1250 3586 veroquid
1271 3517 1314 3566 est

71 3614 102 3659 et
130 3601 374 3679 quemadmodum
405 3618 447 3662 est
467 3602 502 3661 ab
522 3603 583 3662 illis
602 3603 868 3684 distinguendum?
911 3606 999 3686 Apud
1020 3628 1073 3664 nos
1091 3606 1150 3674 fere
1170 3606 1220 3684 qui
1239 3605 1313 3663 ethi-

71 3718 138 3757 cam
156 3699 293 3775 tradunt,
316 3702 424 3779 requiri
443 3701 556 3780 aliquid
576 3718 689 3782 praeter
708 3701 769 3761 duo
789 3703 859 3779 illa,
886 3704 998 3764 vident.
1039 3705 1198 3762 Memorare
1223 3703 1313 3783 igitur

73 3799 244 3856 voluntatis
272 3798 418 3876 quandam
449 3801 511 3861 vim
536 3801 759 3880 facultatemque
786 3801 889 3862 solent.
932 3800 991 3861 Nec
1012 3823 1080 3861 sane
1098 3817 1221 3861 temere:
1244 3818 1311 3859 nam

71 3896 194 3955 tertium
223 3895 284 3954 illis
312 3899 448 3973 accedat,
474 3920 587 3957 necesse
617 3913 666 3958 cst.
709 3902 773 3974 Quo
800 3901 889 3980 magis
917 3902 1160 3982 operaepretium
1180 3913 1235 3973 est,
1256 3898 1310 3957 bac

70 3995 134 4075 ipsa
164 3994 201 4053 de
222 4014 253 4051 re
278 3993 423 4054 Socratem
450 4014 518 4055 cum
538 3996 770 4056 adolescentibus
792 3996 853 4056 illis
871 3999 1070 4080 disputantem
1088 3997 1199 4057 audire.
1241 3994 1309 4054 Nar-

70 4105 116 4151 rat
146 4093 308 4167 continuo‚
337 4093 416 4171 quod
442 4095 483 4154 dc
512 4097 652 4171 Leontio,
680 4097 828 4176 Aglaionis
853 4094 935 4170 filio,
956 4110 1107 4178 acceperat
1134 4092 1310 4174 aliquando:

71 4191 153 4249 hanc
185 4211 204 4248 c·
228 4192 345 4250 Piraeeo
378 4194 411 4251 in
448 4193 550 4254 orbern
587 4195 833 4275 progredientem,
859 4208 949 4273 quum
969 4195 1109 4254 cadavera
1130 4189 1311 4254 animadver-

108 4463 137 4528 ι)
154 4467 193 4517 ιιι
210 4469 272 4536 ιφ.
290 4467 331 4518 rv.
349 4467 408 4518 aaa.
428 4469 527 4521 ιι-ιι.
