2796 5048
684 236 743 298 trs

80 397 185 483 phiam
200 398 290 479 justi,
319 411 351 458 ut
371 396 477 461 tradita
498 420 514 457 a
533 398 648 460 Socrate
666 420 699 459 ac
719 400 840 459 Platone
857 413 917 474 est,
942 413 1038 461 mente
1058 402 1212 482 animoque
1234 417 1321 464 totam

80 499 256 581 perceperit.
298 499 363 557 Non
391 498 436 556 illi
466 497 631 573 bominem,
663 499 707 556 uti
727 499 853 556 anatomi
875 518 907 556 ac
930 497 1092 579 physiologi
1114 500 1225 578 solent,
1251 516 1321 563 tan-

78 599 172 676 quar'n
198 595 308 656 animal
326 595 473 675 quoddam
493 596 668 678 perfectius,
694 594 904 676 explorarunt,
932 617 1019 655 unam
1039 597 1221 658 attendentes
1239 598 1320 680 phy·

77 694 175 753 sicam
193 696 254 772 ejus
270 709 404 754 naturam
414 718 422 770 ;
455 715 470 752 a
489 694 647 774 semetipsis
665 694 780 772 suisque
801 692 906 752 studiis
926 694 1109 754 naturalibus
1128 694 1214 773 boni,
1228 698 1321 775 justi,

80 793 201 866 sancti,
220 793 294 871 quin
306 793 392 852 etiam
403 792 628 852 immortalitatis
650 812 682 850 ac
702 804 857 872 perpetuae
877 792 1104 872 progressionis,
1125 815 1198 873 quae
1216 796 1320 855 incae-

79 890 157 949 teris
175 889 374 950 animuirtibus
394 890 478 949 nulla
495 903 580 965 sunt,
604 891 679 965 orsi,
699 910 736 948 ex
754 891 816 970 ipsa
836 888 962 949 hominis
981 890 1082 950 indole
1101 893 1231 970 justitiae
1248 893 1320 952 bea·

78 1000 190 1067 tneque
208 989 285 1049 vitae
304 989 452 1070 principia
473 987 631 1048 duxerunt.
674 988 711 1047 Et
731 988 812 1048 Plato
831 987 969 1067 quidem,
990 1009 1063 1067 quae
1083 991 1189 1049 nostris
1208 1006 1321 1072 tempo-

79 1084 171 1145 ribus
188 1107 265 1147 nova
284 1085 379 1146 videri
399 1086 560 1167 indagandi
579 1088 653 1146 ratio
671 1087 778 1168 possit,
798 1085 944 1145 hominem
964 1087 997 1146 in
1016 1087 1134 1147 civitate
1144 1133 1153 1163 ,
1173 1090 1321 1150 civitatem

80 1184 118 1242 in
148 1182 267 1244 homine
295 1183 501 1246 consideravit.
543 1185 663 1259 Quaerit
690 1183 742 1243 ille
760 1184 902 1262 justitiam
923 1184 1081 1260 continuo,
1102 1184 1153 1244 ubi
1174 1185 1262 1246 lateat
1283 1187 1319 1246 in
1388 1188 1392 1197 “

78 1281 185 1341 animo
212 1282 357 1358 hominis,
388 1297 437 1358 ut,
466 1303 539 1363 quae
569 1285 607 1342 sit
634 1296 662 1342 ct
690 1281 785 1361 qualis
813 1296 842 1342 et
870 1302 956 1360 quam
975 1283 1036 1343 vim
1056 1284 1089 1342 in
1109 1283 1196 1343 rebus
1215 1285 1322 1344 nostris

78 1390 144 1438 tam
170 1380 314 1461 publicis,
345 1402 431 1460 quam
457 1381 580 1463 privatis
598 1379 721 1455 habeat,
741 1379 890 1460 exploret:
918 1380 1013 1460 aperit
1030 1393 1127 1439 autem
1147 1380 1231 1441 nobis
1249 1402 1321 1463 per-

66 1478 191 1537 'fcetam
218 1478 444 1560 rempublicam,
471 1493 504 1538 ut
531 1480 588 1560 ipsi
620 1500 681 1538 eam
702 1479 736 1537 in
755 1477 808 1536 hac
828 1479 1001 1558 optimorum
1015 1477 1168 1539 hominum
1186 1480 1321 1539 societate

79 1576 309 1657 investigemus,
325 1578 437 1658 quippe
454 1598 527 1656 quae
548 1577 597 1637 hlc
616 1576 752 1651 facilius,
769 1596 855 1655 quam
873 1576 905 1634 in
927 1597 986 1636 uno
1002 1575 1119 1636 homine
1139 1575 1321 1659 deprehendi

77 1675 182 1755 possit.
214 1675 438 1757 Complectimur
452 1677 491 1734 ita
510 1673 765 1755 disquisitionibus
783 1674 888 1733 nostris
910 1695 968 1733 una
988 1695 1053 1733 cum
1076 1675 1319 1737 hominisnatura

79 1788 217 1833 naturam
247 1788 392 1854 totamque
419 1760 617 1834 conditionem
648 1773 793 1833 civitatis:
822 1772 925 1832 civitas
946 1772 1031 1831 nobis
1051 1774 1248 1854 spectaculum
1267 1773 1319 1850 fit,

79 1871 194 1957 inquo
212 1871 359 1932 hominem
378 1885 436 1931 tam
455 1858 609 1954 optimum,
629 1891 716 1951 quam
736 1871 906 1951 pessimum,
926 1882 984 1927 tam
1001 1869 1212 1946 beatissimum,
1232 1893 1319 1951 quam

78 1969 275 2030 miserrimum
303 1985 482 2053 spectemus,
513 1984 546 2030 ut
571 1969 706 2049 judicare
737 1967 822 2027 nobis
848 1963 1008 2045 aliquando
1033 1967 1070 2026 de
1098 1970 1266 2047 quaestione
1285 1969 1320 2028 li·

77 2080 165 2142 ceat,
195 2069 323 2128 omnium
352 2067 439 2127 facile
462 2070 664 2147 quaestionum
683 2068 720 2128 ad
741 2067 833 2127 vitam
852 2078 930 2125 recte
948 2064 1159 2125 instituendam
1172 2069 1319 2147 ‚gravissi-

78 2186 145 2241 ma,
177 2187 266 2241 num,
293 2167 357 2226 sine
387 2167 575 2227 emolumenti
603 2167 695 2226 ullius
721 2163 902 2228 commodive
932 2185 1001 2246 spe,
1032 2164 1070 2225 ad
1098 2166 1188 2225 vitam
1206 2165 1319 2227 beatam

71 2264 194 2343 justitia
212 2262 348 2324 sufficiat.
390 2265 452 2324 Hoc
473 2267 551 2325 enim
571 2266 694 2325 consilio
704 2313 713 2342 ,
735 2287 796 2326 non
814 2264 948 2346 fingendi
965 2261 1079 2339 studio,
1100 2277 1133 2323 ut
1150 2264 1238 2345 vulgo
1258 2266 1320 2347 opi·

79 2374 209 2436 uantur,
237 2363 392 2444 perlectam
413 2363 495 2421 illam
516 2363 725 2445 rempublicam
748 2364 837 2425 linxit
857 2365 948 2425 Plato.
991 2361 1073 2422 Idem
1092 2382 1162 2423 vero
1180 2362 1234 2423 bac
1255 2363 1320 2424 dis·

74 2460 220 2540 quirendi
240 2459 526 2542 philosophandique
556 2463 668 2521 ratione
688 2461 851 2522 doctrinam
869 2484 981 2522 morum
1001 2460 1081 2519 tanta
1099 2463 1234 2542 exposuit
1252 2483 1319 2521 cum

75 2557 232 2619 evidentid
259 2571 320 2618 tum
347 2559 560 2640 amplitudine,
588 2560 696 2639 quanti
724 2561 794 2619 haec
814 2561 847 2619 in
865 2551 1058 2619 recentiorum
1079 2558 1318 2640 philosophorum

75 2657 198 2737 scriptis
225 2657 277 2718 rix
305 2657 375 2716 ullis
403 2678 529 2737 unquam
556 2659 703 2740 explicata
724 2671 775 2717 cst.
818 2658 891 2716 Nam
912 2671 944 2715 ut
964 2656 1115 2716 civitatem
1134 2654 1218 2715 nobis
1238 2678 1316 2736 spec·

73 2753 200 2814 undam
229 2755 380 2837 praebuit,
398 2757 429 2815 in
448 2778 505 2835 qua
525 2740 650 2816 virtutes¹
664 2756 791 2815 bominis
812 2775 913 2815 omnes
923 2799 932 2829 ,
951 2753 1144 2834 sapientiam,
1171 2754 1318 2814 fortitudi-

74 2874 166 2928 nem,
193 2856 430 2936 temperantiam,
466 2855 621 2935 praecipue
650 2867 746 2913 autem
773 2853 917 2934 justitiam
946 2851 1182 2932 exploraremus,
1213 2853 1253 2910 ita
1280 2853 1318 2914 ad

74 2952 227 3012 hominem
242 2951 395 3034 deinceps,
416 2951 453 3011 ad
473 2958 583 3012 nosmet
603 2953 679 3033 ipsos
695 2966 820 3011 mentem
841 2964 967 3011 nostram
986 2949 1146 3025 convertit,
1165 2938 1246 3008 utin
1266 2950 1316 3010 ho·

74 3052 177 3124 mine,
204 3051 237 3108 in
266 3049 351 3109 nobis
371 3051 442 3131 ipsis
459 3050 606 3110 civitatem
626 3070 779 3128 omnesque
795 3050 925 3110 civitatis
944 3069 1010 3108 cum
1028 3061 1123 3130 partes
1141 3061 1203 3107 tum
1223 3049 1315 3109 virtu·

73 3161 122 3208 tes
150 3147 365 3208 attenderemus
390 3168 422 3207 ac
441 3145 732 3227 deprehenderemus.
775 3148 941 3208 Aretissima
961 3146 1049 3227 igitur
1067 3146 1146 3226 apud
1166 3147 1316 3208 Platonem

75 3259 122 3323 est
144 3247 289 3325 politicae
317 3243 467 3304 doctrinae
484 3266 516 3304 ac
537 3247 662 3304 moralia
680 3246 880 3323 necessitudo,
909 3245 1000 3305 altera
1019 3257 1113 3305 autem
1131 3244 1215 3305 alteri
1235 3247 1314 3305 miri·

75 3343 134 3402 fice
161 3342 286 3424 prodest.
326 3345 398 3403 Nam
425 3346 552 3421 politice
588 3365 624 3403 ne
653 3345 801 3405 civitatem
831 3359 968 3424 tanquam
988 3343 1152 3403 machinam
1167 3344 1314 3422 quandam

75 3442 128 3502 vel
148 3456 313 3503 construere
332 3443 380 3503 vel
402 3443 544 3502 instruere
564 3443 696 3522 partibus
718 3442 894 3522 adaptandis
912 3454 1051 3515 conetur,
1072 3441 1201 3499 bominis
1215 3441 1312 3522 prohi-

74 3539 165 3600 betur
189 3541 220 3600 in
250 3561 281 3600 ea
308 3540 555 3616 consideratione3
582 3542 708 3599 moralia
727 3553 823 3599 autem
843 3539 977 3598 doctrina
995 3536 1124 3597 civitatis
1144 3537 1176 3596 in
1196 3537 1313 3600 homine

74 3637 266 3698 considerans
290 3660 356 3698 cum
385 3652 480 3718 partes
506 3652 535 3696 ct
563 3638 705 3713 virtutes,
734 3650 797 3697 tum
817 3634 1000 3696 conditiones
1020 3634 1132 3710 varias,
1156 3635 1313 3717 perfectam

74 3735 203 3795 inaximo
220 3749 248 3795 et
268 3736 434 3817 pessimam,
456 3735 526 3793 hacc
548 3736 637 3815 igitur
657 3756 759 3815 magna
780 3749 809 3795 et
828 3733 955 3793 illustria
974 3734 1007 3793 in
1027 3732 1145 3792 homine
1160 3736 1313 3797 attendens

74 3836 164 3913 atque
191 3833 367 3916 explorans,
394 3832 560 3893 admirabili
588 3834 712 3913 quadam
734 3847 761 3892 et
782 3831 987 3914 perspicuitate
1005 3845 1035 3891 et
1051 3830 1255 3913 probabilitate
1275 3832 1312 3893 de

74 3931 169 4014 ipsius
187 3931 314 3992 hominis
335 3933 462 4012 perfecta
484 3931 653 3992 conditione
671 3932 892 4008 beatissimeque
913 3930 973 3989 vita
988 3927 1113 4007 judicat.
1260 3914 1262 3920 ⁵

118 4029 196 4088 Haec
225 4043 320 4088 autem
349 4050 413 4088 cum
443 4031 482 4088 ita
501 4031 578 4104 sint,
607 4029 711 4091 rident
729 4029 869 4101 lectores,
899 4047 958 4088 esse
975 4026 1072 4086 denuo
1091 4025 1165 4085 hanc
1185 4041 1312 4091 nostram

74 4127 321 4209 progressionem,
350 4149 415 4187 cum
443 4127 481 4187 ad
496 4129 716 4205 philosophiam
727 4133 814 4204 justi
834 4146 931 4184 sumus
952 4124 1126 4205 perrecturi,
1147 4124 1179 4204 in
1198 4126 1310 4206 sapien·

74 4226 133 4287 tiae
163 4225 261 4286 studio
289 4227 485 4306 gravissimam
516 4224 675 4303 quandam.
726 4227 798 4285 Nam
812 4224 1010 4301 philosophie
1037 4221 1142 4300 pulcri
1169 4220 1206 4280 ad
1234 4236 1310 4282 recte

74 4322 271 4387 erudiendum
301 4323 448 4393 hominem
478 4323 574 4399 valet,
605 4335 636 4382 ut
666 4344 718 4405 per
737 4336 824 4382 totam
843 4321 981 4400 deinceps
1000 4318 1090 4380 vitam
1109 4319 1243 4398 pulcrum
1259 4320 1309 4381 bo·

76 4441 205 4501 numque
230 4436 438 4503 prosequatur,
469 4421 520 4482 sed
547 4421 663 4502 proprie
692 4418 731 4481 ad
754 4439 908 4501 puerorum
934 4418 1063 4499 pertinet
1082 4415 1309 4497 institutionem,
