2796 5048
671 209 732 271 4⁵8

80 396 198 458 tumque
218 373 349 433 alienum
366 389 426 432 esse
443 371 553 432 bonum
572 390 605 431 ac
623 391 654 430 re
673 391 741 445 vera
762 370 933 452 imperantis
949 383 980 431 et
1009 372 1190 454 potentioris
1218 373 1309 434 emolu·

79 491 227 549 mentum,
249 471 457 532 detrimentum
474 489 542 531 vero
564 469 714 550 proprium
734 469 900 529 obedientis
924 483 954 529 et
983 469 1119 548 subditi3
1153 473 1310 551 injustitiam

79 596 148 638 vero
178 585 280 632 contra
302 570 335 629 in
355 569 446 628 bonos
471 569 620 646 justosque
640 566 771 626 homines
791 568 945 648 imperium
971 586 1132 645 exercere:
1155 572 1208 650 qui
1228 584 1312 630 autem

78 686 201 756 parent,
228 671 324 728 facere
353 687 426 746 quae
447 665 604 745 imperanti
630 665 844 745 potentiorique
864 666 1058 741 conducunt,
1079 667 1229 748 illumque
1246 668 1312 729 obse·

55 796 61 807 ·
77 771 146 851 quio
164 768 282 827 beatum
301 764 442 838 reddere,
460 763 518 822 sibi
542 777 636 822 autem
656 763 727 843 ipsis
746 784 807 822 non
822 765 986 824 consulere.
1028 767 1251 842 Considerate,
1274 788 1313 848 op·

78 869 147 928 time
166 865 315 939 Socrates,
336 863 377 920 sic
392 861 486 921 decet.
527 861 583 920 Vir
597 863 694 939 justus
713 861 792 920 omni
813 861 846 920 in
865 882 964 922 caussa
978 864 1100 939 minus,
1119 886 1215 945 quam
1231 866 1313 944 injus-

78 980 143 1039 tus,
164 963 269 1022 babet:
290 962 416 1042 primum
437 961 469 1018 in
488 961 596 1018 mutuis
614 960 807 1035 commerciis,
826 979 894 1020 curn
913 961 1028 1041 aliquid
1037 962 1314 1039 contrabuutambo,

79 1081 221 1142 nusquam
240 1062 272 1119 11
294 1057 484 1118 dissolvenda
503 1059 636 1117 societate
657 1057 800 1138 reperies,
820 1057 888 1139 plus
901 1045 1014 1137 justum
1024 1106 1033 1136 ,
1056 1081 1150 1139 quam
1171 1061 1314 1139 injustum,

77 1161 129 1220 sed
150 1157 261 1240 semper
281 1159 379 1217 minus
396 1169 560 1236 reportare:
582 1169 644 1214 tum
666 1156 699 1214 in
720 1155 807 1215 rebus
826 1156 973 1237 publicis,
1007 1157 1061 1218 ubi
1088 1158 1208 1219 tributa
1226 1160 1315 1219 11111

77 1258 170 1318 reuda
189 1270 258 1317 sunt
267 1301 276 1331 ,
293 1257 390 1334 justus
407 1255 475 1335 plus
494 1253 625 1327 confert,
646 1275 732 1331 quam
750 1255 796 1312 sui
811 1254 965 1333 aequales,
983 1257 1116 1334 injustus
1134 1257 1255 1317 minus:
1275 1255 1315 1315 ubi

78 1377 149 1417 vero
173 1353 289 1434 aliquid
316 1352 522 1433 accipiendum
552 1365 614 1425 est,
647 1353 747 1429 justus
773 1352 871 1427 nibil,
904 1354 1030 1432 injustus
1060 1354 1160 1413 multa
1193 1368 1314 1436 reportat

78 1455 194 1515 Etenim
211 1453 236 1512 si
255 1451 373 1531 quando
392 1451 559 1529 magistratu
579 1448 706 1530 quodam
727 1464 848 1529 uterque
866 1451 1019 1530 fungitur,
1040 1452 1067 1511 si
1088 1453 1180 1513 nulla
1200 1453 1256 1513 alia
1268 1455 1314 1530 jus·

78 1567 109 1612 to
135 1553 251 1629 jactura
281 1548 407 1622 accidit,
437 1548 508 1608 baec
534 1548 634 1610 saltem
662 1547 788 1608 illinon
807 1547 904 1624 deest,
926 1563 958 1608 ut
981 1570 1027 1609 res
1050 1549 1236 1610 domesticae
1252 1550 1315 1610 dete

79 1651 141 1710 rius
160 1668 214 1728 per
231 1646 445 1727 negligentiam
464 1645 675 1727 disponantur:
707 1668 746 1706 ex
765 1646 885 1727 publico
914 1661 1012 1706 autem
1041 1647 1125 1707 nibil
1157 1663 1315 1730 propterea,

79 1747 158 1829 quod
174 1750 270 1826 justus
289 1760 349 1820 est,
381 1745 519 1804 lucretur.
561 1744 702 1820 Accedit,
730 1742 811 1823 quod
838 1743 1009 1805 domesticos
1029 1767 1064 1804 ac
1087 1746 1254 1807 familiares
1269 1745 1315 1806 sibi

79 1848 201 1907 infestos
219 1844 335 1919 reddit,
357 1843 504 1902 cumillis
524 1844 687 1924 prospicere
708 1842 792 1902 nulla
811 1843 844 1901 in
865 1863 896 1901 rc
916 1842 994 1903 ultra
1019 1845 1138 1921 justum
1160 1845 1254 1922 velit,
1280 1845 1314 1903 iu·

75 1947 155 2024 justo
183 1963 251 2004 vero
279 1942 376 2001 omnia
406 1955 507 2001 contra
535 1941 695 2001 eveniunt:
716 1940 785 2000 dico
804 1954 918 2016 111111,
938 1940 1018 2020 quod
1038 1955 1070 2000 et
1087 1963 1203 2022 supra,
1224 1943 1259 2003 de
1275 1964 1313 2016 eo,

79 2043 129 2122 qui
149 2041 273 2100 multum
293 2061 362 2121 prae
383 2039 504 2098 caeteris
522 2052 615 2118 potest
635 2038 763 2098 lucrari:
785 2037 865 2098 bunc
884 2039 972 2119 igitur
990 2039 1134 2115 attende,
1167 2042 1194 2100 si
1215 2044 1259 2101 uis
1278 2043 1314 2118 ju·

80 2132 208 2213 dic'are„
225 2151 335 2217 quanto
362 2137 452 2215 magis
479 2136 628 2209 conferat,
649 2136 789 2216 privatim
809 2137 866 2196 sibi
885 2138 1026 2214 injustum
1054 2157 1139 2212 esse,
1163 2160 1251 2217 quam
1263 2141 1312 2217 jus

80 2253 152 2299 1111.
194 2235 346 2295 Facillime
372 2248 468 2292 autem
497 2233 609 2307 disces,
640 2235 665 2292 si
692 2234 731 2294 ad
759 2248 915 2294 extremam
939 2236 1111 2316 perveneris
1127 2237 1314 2316 injustitiam,

80 2356 153 2415 quae
173 2334 280 2411 injuste
308 2345 440 2410 agentem
472 2331 671 2390 felicissimum
700 2331 807 2407 efficit,
838 2354 886 2392 eos
914 2346 1033 2408 contra,
1073 2335 1127 2413 qui
1158 2334 1315 2396 afficiuntur

82 2431 190 2511 injuria
218 2449 251 2488 ac
280 2429 426 2487 nemiuem
452 2429 560 2507 injuste
589 2420 703 2489 laedere
724 2430 850 2506 volunt,
879 2430 1105 2493 infelicissimos.
1150 2433 1207 2494 Est
1233 2449 1313 2494 autem

80 2531 158 2590 11111
169 2528 323 2610 tyrannis,
342 2548 417 2606 quae
436 2548 498 2593 non
517 2527 676 2608 paulatim,
704 2527 755 2588 sed
772 2527 859 2588 simul
877 2529 973 2588 omnia
992 2528 1092 2588 aliena
1124 2544 1267 2613 usurpat,
1292 2544 1312 2588 et

80 2629 155 2689 clam
174 2640 204 2687 11
223 2626 274 2701 ri,
292 2640 321 2685 et
341 2645 422 2685 sacra
441 2640 470 2685 11
495 2640 615 2701 sanem,
644 2641 673 2686 11
692 2627 808 2707 privata
826 2641 854 2686 et
873 2626 1009 2708 publica:
1041 2627 1076 2687 in
1096 2629 1212 2707 quibus
1230 2632 1313 2708 singu·

83 2729 119 2787 lis
138 2727 162 2786 si
181 2725 248 2805 quis
268 2724 437 2804 singulatim
463 2723 621 2803 deliquerit
639 2724 895 2805 deprehensusque
916 2725 1006 2784 fuerit
1015 2770 1024 2800 ‚
1046 2727 1215 2788 mulctatur
1231 2743 1258 2788 et
1273 2748 1312 2807 op·

84 2825 204 2907 probriu
233 2821 360 2882 afficitur
388 2823 530 2882 maximo:
552 2823 684 2903 sacrilegi
706 2823 799 2898 enim,
829 2823 981 2904 plagiarii,
1010 2825 1199 2900 effractores,
1227 2827 1310 2896 mro,

5 2918 11 2932 '
82 2923 207 2983 latrones
238 2921 402 2980 etomnino
420 2921 618 3001 persingulas
635 2934 730 3002 partes
751 2934 920 3001 peccantes,
941 2921 979 2980 ab
996 2921 1172 3000 hujusmodi
1191 2924 1310 3000 crimini·

81 3022 136 3081 bus
156 3040 262 3079 nomen
281 3017 401 3079 babent.
428 3019 487 3079 Sed
504 3019 556 3079 ubi
576 3020 640 3098 quis
657 3033 770 3099 praeter
787 3019 954 3099 hujusmodi
973 3020 1092 3100 rupinas
1111 3024 1309 3102 pecuniarum,

80 3121 160 3180 cives
176 3117 264 3175 etiam
282 3116 358 3195 ipsos
377 3117 409 3175 in
434 3119 600 3179 servitutem
619 3116 675 3176 sibi
694 3115 817 3196 redigit,
849 3139 909 3177 non
927 3131 985 3176 tam
1015 3117 1165 3197 probrosis
1194 3121 1308 3180 nomini·

81 3217 137 3276 bus
165 3226 299 3287 notatur,
327 3211 380 3271 sed
408 3213 483 3272 felix
503 3215 654 3274 111111111
674 3214 877 3294 praedicatur,
907 3236 968 3274 non
984 3236 1002 3274 a
1021 3215 1141 3277 civibus
1171 3220 1233 3279 suis
1257 3232 1308 3278 tan·

80 3328 161 3388 tum,
182 3331 284 3372 verum
301 3310 339 3369 ab
355 3309 513 3384 omuibus,
533 3311 583 3388 qui
603 3332 667 3370 enm
686 3310 813 3371 audiunt
831 3313 992 3391 nequitiam
1010 3333 1128 3373 omnem
1145 3306 1307 3398 explevisse
1336 3336 1341 3349 ·

79 3414 145 3472 Non
163 3410 243 3468 enim
259 3407 326 3467 ideo
346 3408 515 3487 vituperant
534 3408 731 3485 injustitiam,
750 3411 919 3489 quicunque
940 3430 1001 3469 11111
1021 3412 1216 3492 vituperant,
1242 3409 1308 3492 quod

80 3510 218 3587 injuriam
237 3507 331 3566 facere
343 3550 353 3603 ζ
372 3503 424 3564 sed
442 3505 521 3584 quod
539 3508 651 3587 perpeti
668 3522 814 3568 metuunt.
857 3510 918 3567 Hoc
940 3508 1029 3587 igitur
1045 3523 1153 3588 pacto,
1186 3532 1206 3572 1
1224 3511 1306 3570 Socra·

80 3621 141 3680 tes,
162 3605 305 3682 injustitia
330 3603 464 3663 omnibus
491 3605 551 3663 suis
579 3603 710 3684 partibus
729 3605 880 3680 absoluta,
910 3601 1056 3665 robustius
1074 3606 1223 3685 quiddam
1239 3606 1305 3668 1111·

79 3704 227 3777 ber-alius,
245 3723 332 3780 quam
348 3703 461 3778 justitia
479 3717 536 3762 est:
565 3716 653 3782 utque
674 3703 710 3762 ab
731 3705 818 3764 initio
839 3703 972 3764 dicebam
981 3750 990 3778 ,
1011 3702 1045 3763 id
1061 3704 1144 3783 quod
1163 3702 1304 3787 potentiori

80 3802 210 3874 confert,
227 3800 338 3876 justum
356 3813 413 3874 est,
435 3800 577 3878 injustum
597 3821 666 3862 vero
676 3802 791 3860 sibimet
810 3802 867 3882 ipsi
886 3801 960 3860 utile
970 3816 1058 3861 estet
1067 3801 1260 3882 proficuum.»
1282 3797 1304 3878 1)

119 3901 154 3958 ln
163 3898 209 3956 bis
219 3896 398 3955 sermonibus
406 3897 655 3976 Thrasymachum
663 3897 744 3958 Plato
753 3900 794 3956 sic
804 3898 965 3979 descripsit,
977 3913 1018 3974 ut,
1027 3920 1087 3979 quo
1096 3899 1248 3977 audaciae,
1259 3920 1303 3978 quo

78 3994 262 4068 temeritatis,
278 4014 336 4072 quo
345 3993 546 4074 impudentiae
564 3994 634 4054 haec
653 3994 786 4054 doctrina
805 3994 937 4055 homines
955 3997 1165 4071 efferat,illius
1182 3994 1303 4077 exemplo

59 4113 239 4159 cernamus.
266 4091 307 4149 Ut
323 4090 401 4148 ferae
419 4091 472 4150 iste
486 4093 578 4152 instar
599 4094 631 4151 in
650 4091 815 4167 Socratem,
836 4106 974 4170 tanquam
990 4093 1191 4176 discerpturus
1200 4143 1209 4172 ,
1227 4098 1301 4156 irrue·

114 4403 143 4465 1)
163 4403 275 4468 resq.
293 4400 311 4451 1.
331 4398 389 4452 111.
406 4398 606 4452 1.-1111,
