2796 5048
675 208 713 268 49

83 398 134 458 pro
154 377 215 456 ipsa
235 386 344 455 pugnat
359 395 394 432 ac
412 374 545 434 militat?
566 416 600 427 -
620 374 727 433 Nullus
745 386 822 433 certe
843 373 881 432 ud
900 362 997 432 uliam.
1019 396 1056 411 ··
1076 373 1141 432 Nou
1161 374 1235 433 enim
1250 395 1298 433 cae

81 476 135 533 teri
155 476 186 534 iu
205 473 258 531 illa
277 471 343 546 alii,
364 492 431 531 cum
442 471 491 531 vel
503 473 603 552 ignari
622 470 671 532 vel
689 474 777 533 l'ortes
795 473 873 545 sint,
896 473 927 531 vi
947 471 999 529 sui
1019 469 1151 530 efficient
1167 485 1200 531 ut
1217 472 1305 551 ignaua

83 573 130 633 uel
157 572 240 632 fortis
269 571 316 631 sit.
337 611 372 624 -
394 568 457 630 Non
487 590 564 629 sane.
586 607 621 620 -
641 571 735 631 Fortis
754 571 844 651 igitur
863 582 945 651 parte
964 571 1010 628 sui
1028 570 1136 629 civitas
1152 570 1224 644 erit,
1243 570 1307 647 quud

82 673 115 731 iu
144 692 176 730 ea
203 672 263 730 vim
293 667 432 747 ejusmodi
460 668 567 745 habet,
595 690 669 749 quae
698 683 838 751 perpetuo
863 683 961 729 servat
980 667 1019 728 de
1036 667 1125 727 rebus
1145 667 1310 727 terribilibus

81 770 267 850 opinionem,
300 768 367 828 illas
386 789 433 827 eas
448 788 508 828 esse
528 782 557 828 et
576 768 667 843 tales,
697 788 768 848 quas
789 782 818 828 et
835 765 936 847 quales
958 767 990 826 in
1009 767 1197 827 institutione
1215 763 1309 844 legisla-

80 881 126 926 tor
150 859 319 927 coustituit:
351 885 450 926 nonne
478 866 555 926 banc
577 867 785 927 fortitudinem
802 869 911 929 vocas?
932 906 967 917 -
987 867 1053 925 Non
1072 867 1162 940 satis,
1183 861 1257 943 quod
1272 862 1309 923 di·

80 963 168 1038 xisti,
200 965 335 1047 percepi:
367 963 415 1024 dio
447 964 561 1025 iterum.
591 992 627 1005 ··
657 964 913 1026 conservationem
939 963 1090 1043 quandam
1121 959 1308 1023 fortitudinem

80 1058 140 1122 esse
168 1060 244 1123 dico.
275 1092 309 1104 -
338 1065 432 1138 Quam
457 1063 734 1123 conservationem?
757 1106 789 1117 -
810 1062 970 1143 Opinionis
1001 1060 1164 1135 videlicet,
1194 1059 1253 1140 lege
1269 1078 1309 1138 per

81 1159 283 1220 educationem
313 1174 490 1242 conceptae,
521 1181 577 1239 qua
601 1161 774 1240 judicatur,
804 1180 879 1240 quae
906 1159 1052 1219 terribilia
1083 1159 1147 1218 sint
1173 1171 1202 1217 et
1218 1156 1309 1237 qualia.

80 1258 115 1316 In
145 1256 281 1317 omnibus
310 1272 406 1318 autem
436 1278 498 1319 eam
524 1260 774 1320 conservationem
803 1278 863 1318 esse
892 1258 978 1333 dixi,
1009 1271 1041 1317 ut
1073 1271 1135 1317 rata
1162 1265 1310 1334 semperet

80 1356 188 1435 ubique
216 1371 365 1433 serretur,
393 1358 455 1419 sive
483 1358 549 1437 quis
569 1356 722 1417 doloribus
751 1379 802 1417 seu
822 1354 1024 1438 voluptatibus
1043 1369 1096 1414 aut
1114 1350 1310 1435 cupiditatibus
1337 1342 1340 1349 ¹

80 1467 130 1513 aut
161 1453 315 1513 timoribus
344 1453 503 1529 afficiatur,
533 1476 587 1514 nec
618 1455 680 1514 ullo
707 1469 791 1537 pacto
821 1455 888 1534 quis
916 1468 1034 1536 propter
1063 1451 1138 1512 haec
1164 1451 1203 1513 ab
1228 1471 1259 1511 ea
1274 1448 1310 1509 di·

80 1564 268 1612 moveatur.»
297 1550 327 1631 1)

120 1648 156 1707 ld
186 1662 281 1708 autem
310 1662 342 1709 ut
371 1664 448 1711 recte
477 1650 680 1731 intelligatur,
714 1651 859 1710 Socratem
886 1649 936 1709 hlc
963 1649 1046 1711 Plato
1077 1648 1199 1709 inducit
1223 1645 1310 1705 eximia

78 1746 203 1826 quadam
230 1747 372 1828 longeque
400 1748 625 1809 celebratissima
652 1749 778 1829 imagine
813 1761 952 1809 utentem.
996 1747 1079 1808 «coi
1107 1760 1209 1807 autem
1234 1741 1310 1807 simile

80 1843 112 1904 id
142 1865 201 1903 esse
231 1846 373 1923 arbitrer,
400 1847 425 1905 si
454 1847 516 1922 vis,
538 1846 593 1906 tibi
619 1847 755 1928 aperiam.
776 1881 812 1894 -
832 1846 926 1928 Cupio
945 1845 1092 1926 equidem.
1113 1884 1152 1899 --
1171 1841 1310 1911 Fullones

80 1943 207 2019 novisti,
239 1943 290 2002 ubi
314 1945 426 2025 tingere
455 1945 560 2006 volunt
590 1945 691 2021 lanas,
714 1960 745 2004 ut
765 1945 825 2005 sint
845 1966 1026 2027 purpureae,
1047 1945 1181 2026 primum
1198 1941 1310 2021 eligunt,

79 2060 151 2119 quac
183 2042 286 2100 natura
308 2043 368 2102 sint
393 2062 479 2121 quam
505 2044 630 2103 maxime
649 2044 750 2104 albae:
772 2043 882 2105 deinde
902 2055 1078 2124 praeparant
1096 2062 1148 2101 eas
1165 2039 1245 2100 haud
1261 2058 1310 2097 mu-

79 2139 172 2200 diocri
201 2140 299 2200 studio
323 2154 353 2200 et
380 2163 485 2224 opera,
507 2155 539 2201 ut
566 2143 661 2223 ipsum
684 2143 824 2222 deinceps
850 2142 995 2222 suscipere
1016 2140 1131 2221 possint
1154 2138 1256 2198 coloris
1273 2135 1310 2195 fla

79 2259 156 2297 rem:
189 2252 251 2298 tum
281 2260 328 2299 eas
358 2241 486 2319 tingunt.
548 2240 702 2320 Quidquid
729 2240 794 2299 hoc·
811 2239 899 2300 modo
925 2240 1052 2299 tinctum
1081 2250 1145 2312 est,
1169 2233 1310 2300 indelebile

78 2350 193 2409 manet,
215 2349 264 2410 et,
284 2339 474 2415 quantumvis
503 2337 582 2397 illud
612 2340 709 2415 laves,
730 2341 792 2400 siue
819 2338 911 2418 aqua,
944 2337 1006 2396 sire
1029 2334 1147 2399 additis
1171 2335 1254 2395 etium
1270 2330 1308 2391 ab·

80 2433 229 2511 stergendi
252 2432 405 2508 remediis,
425 2433 479 2495 llos
498 2437 551 2496 ille
569 2438 635 2497 tolli
655 2437 844 2497 nullomodo
862 2449 965 2518 potest.
996 2437 1079 2508 Quae
1096 2455 1172 2494 vcro
1190 2453 1247 2491 nou
1267 2429 1310 2486 rite

80 2545 249 2611 praeparata
275 2546 360 2608 sunt,
382 2533 468 2593 facile
487 2535 534 2595 his
552 2535 631 2595 color
657 2536 773 2595 tollitur
797 2549 828 2595 et
856 2535 995 2594 informia
1023 2531 1111 2591 fiunt.
1156 2531 1228 2591 Tale
1253 2522 1309 2606 quid

80 2629 176 2687 facere
203 2651 257 2689 nos
286 2630 430 2691 studuisse
449 2653 503 2713 pro
524 2633 636 2693 viribus
655 2635 749 2714 cogita
760 2679 768 2709 ,
790 2654 881 2714 quum
901 2631 1035 2693 custodes
1054 2630 1247 2710 eligeremus,
1265 2644 1308 2683 eus·

77 2747 136 2804 que
155 2741 183 2786 et
203 2729 312 2788 musica
332 2742 361 2788 et
379 2732 558 2810 gymnasticae
576 2731 773 2793 erudiremus:
794 2746 880 2810 atque
899 2731 1051 2806 existima,
1075 2728 1157 2789 nibil
1176 2747 1229 2787 nos
1243 2719 1308 2785 aliud

79 2825 274 2904 excogitasse,
306 2849 393 2906 quam
421 2843 454 2889 ut
481 2830 587 2910 optime
613 2830 707 2911 leges,
729 2843 868 2909 tanquam
887 2829 1032 2903 colorem,
1053 2825 1246 2887 imbiberent:
1264 2839 1306 2901 quo

82 2924 174 3003 magis
203 2924 374 2986 indelebilis
402 2949 500 2986 eorum
521 2941 593 2989 esset
612 2911 649 2989 de
670 2928 756 2989 rebus
773 2926 958 2989 terribilibus
975 2926 1070 3005 deque
1089 2923 1211 2985 caeteris
1229 2917 1306 2979 omni·

80 3020 136 3079 bus
155 3023 276 3102 opinio,
297 3045 392 3103 neque
418 3027 576 3087 tincturam
599 3047 697 3086 eorum
718 3026 834 3087 abolere
863 3039 981 3107 possent
996 3021 1186 3105 purgationes
1202 3021 1266 3079 istae
1279 3012 1306 3072 ad

79 3117 257 3178 diluendum
288 3122 575 3199 vehementissimae,
597 3124 732 3206 voluptas
757 3125 884 3199 scilicet,
907 3123 987 3184 omni
1016 3121 1089 3181 nitri
1119 3116 1270 3179 acrimonia
1285 3123 1305 3169 et

78 3216 169 3276 calcis
197 3217 235 3276 ad
265 3221 485 3299 expurgandum
515 3224 626 3280 acrior:
658 3223 742 3282 dolor
770 3223 855 3298 item,
887 3235 979 3280 metus
1007 3240 1039 3277 ac
1059 3217 1225 3298 cupiditas,
1244 3208 1305 3272 omui

79 3313 139 3373 alia
156 3316 328 3396 purgatione
348 3317 386 3377 ad
405 3318 628 3399 abstergendum
646 3322 821 3401 potentiora.
866 3314 933 3403 Tin
958 3307 1000 3398 lq*
1027 3309 1170 3396 τοιαύτην
1201 3307 1305 3387 δύναμιν

80 3410 129 3472 καὶ
153 3410 307 3496 σωτηρίαν
331 3409 384 3475 dcci
406 3412 515 3490 παντὸς
542 3405 636 3499 δόξης
657 3411 758 3500 ὀρθῆς
783 3442 814 3480 τε
841 3421 890 3483 καὶ
911 3416 1040 3498 νομίμου
1060 3418 1166 3478 δεινῶν
1187 3409 1249 3494 πέρι
1269 3407 1305 3472 nul

81 3510 141 3595 μή,
174 3503 240 3577 dvi
245 3514 328 3599 ρίαν
358 3511 448 3599 ἔγωγε
469 3518 552 3580 καλῶ
579 3518 629 3581 καὶ
661 3518 798 3599 τίθεμαι·
829 3526 907 3582 hunc
939 3531 1044 3600 utique
1065 3531 1146 3595 vim,
1168 3529 1261 3578 rectae
1277 3515 1304 3570 le·

80 3626 267 3698 gitimaeque
293 3628 443 3700 opinionis
468 3630 719 3682 conservatricem
748 3625 783 3681 de
811 3622 1001 3681 terribilibus
1028 3640 1189 3699 eorumque
1207 3624 1304 3675 contru-

81 3723 143 3774 riis
151 3761 161 3790 ,
174 3719 297 3792 forti
307 3719 383 3776 tud
391 3727 499 3778 inem
517 3743 582 3779 voco
601 3722 737 3800 equidem
759 3714 1057 3801 atqueassaroaub)

88 4076 346 4087 -——--—---

119 4213 145 4278 1)
167 4217 201 4266 De
218 4217 277 4284 Rrp.
297 4215 338 4267 lv.
356 4215 416 4269 429.
435 4217 467 4270 Α.
486 4247 521 4256 -
538 4219 569 4270 D.

120 4298 145 4362 2)
168 4301 229 4352 rou.
258 4301 317 4352 aas.
346 4301 377 4353 u.
402 4331 437 4340 -
460 4302 519 4355 rau.
545 4303 574 4354 u.
626 4303 1096 4359 vuu.u·eu001000uuunu0n.
1134 4305 1168 4356 aa
1202 4302 1261 4355 rim,
1285 4315 1303 4349 v.

87 4377 267 4458 oauaonoso‘g.
312 4394 402 4446 staua
422 4396 455 4447 aa
473 4394 498 4446 u.
518 4396 534 4446 ι.
555 4405 581 4448 es
600 4398 667 4448 ue„
689 4397 767 4463 res,
794 4400 857 4467 resp.
875 4400 905 4449 a
922 4398 949 4447 a·
964 4400 1088 4461 maras,
1106 4415 1132 4465 p.
1152 4396 1187 4450 35
1206 4391 1296 4450 22133.
