2796 5048
631 250 691 310 175

241 412 298 472 Da
327 413 547 471 scribendi
586 422 778 486 ratione,
808 433 907 490 quoe
936 420 1081 489 prosit

523 512 771 570 horninibus.

80 708 160 769 Fuse
187 709 297 788 egimus
320 708 357 767 de
381 707 546 786 eloquentia
576 708 704 767 Platonis
732 729 790 766 noir
822 727 908 765 unam
938 706 975 764 ob
1003 728 1142 767 caussam.
1184 709 1273 781 Nam,

58 808 188 882 rimum,
219 807 301 866 locus
323 807 370 865 hic
399 821 439 865 est
465 807 498 864 in
528 806 589 885 ejus
617 794 802 886 philosophia
831 805 1033 885 gravissimus,
1054 826 1166 883 quoque
1196 798 1272 865 ideni

59 920 237 987 erpurgatur
257 904 448 985 diligentius,
470 905 511 961 ita
529 904 652 963 interius
667 904 793 985 perspici
808 904 869 981 ejus
882 888 1066 984 philosophia
1081 919 1189 985 potest:
1211 919 1272 964 tum

58 1022 117 1064 iero
138 1004 304 1083 eloquentia
320 1000 399 1083 apud
415 998 481 1059 ¹euru
499 1002 629 1082 proxime
647 1016 688 1061 est
707 1022 773 1061 cum
795 1001 947 1061 Socratica·
964 1001 1120 1083 disciplina
1148 1005 1275 1081 conjun-

58 1112 113 1179 tta,
134 1115 185 1177 ut,
204 1100 258 1159 rite
278 1101 349 1159 hinc
369 1099 475 1175 ducta,
497 1099 591 1159 lucem
609 1100 635 1158 ei
657 1100 784 1161 vicissim
804 1097 942 1160 affundat.
985 1100 1042 1159 Sed
1071 1099 1103 1159 id
1129 1115 1274 1182 praeterea

58 1200 186 1277 pertavit
212 1199 313 1273 Plato,
335 1212 367 1257 ut
398 1219 505 1262 novum
534 1197 685 1257 induceret
704 1198 885 1278 eloquentiae
910 1220 1019 1280 genus,
1046 1198 1125 1279 quod
1150 1213 1273 1259 totuma

58 1298 110 1357 teri
125 1298 255 1377 justique
273 1318 366 1356 amore
386 1298 560 1378 repetitum,
581 1297 660 1355 hunc
680 1317 810 1356 amorem·
821 1298 854 1355 in
872 1297 1041 1356 hominihus
1060 1298 1197 1358 excitaret
1216 1297 1271 1358 ale·

58 1406 161 1475 reque,
182 1410 211 1457 et
237 1397 279 1455 sic
309 1396 393 1455 unice
420 1409 492 1455 esset
514 1380 683 1456 civitatibus
703 1396 774 1454 utile
793 1410 821 1455 et
848 1394 981 1455 salutare.
1022 1396 1270 1477 Progrediendum

58 1510 124 1553 nuuc
140 1494 225 1554 nobis
242 1492 281 1552 ad
300 1493 470 1574 disciplinas
488 1508 549 1568 est,
570 1492 675 1577 quibus
700 1493 777 1554 idem
797 1492 849 1553 ille
869 1516 947 1553 amor
967 1494 1097 1554 veritatis
1125 1492 1271 1573 indagan-

60 1584 102 1650 dae
116 1606 173 1651 arte
191 1591 369 1651 excolendus
388 1606 429 1650 est
439 1617 447 1667 3
471 1612 572 1652 verum
590 1605 622 1650 ut
640 1593 779 1668 dicendi,
810 1594 850 1652 ita
876 1595 1026 1652 condendi
1051 1594 1136 1652 etiam
1156 1593 1270 1673 princi-

58 1688 97 1765 pia
108 1712 180 1751 nova
198 1689 339 1769 quaedam
355 1690 435 1748 Plato
448 1689 570 1771 protulit
575 1734 596 1773 ,Η
604 1692 807 1771 peitiiieutque
823 1693 893 1750 haee
915 1694 947 1750 in
956 1692 1056 1773 primis
1067 1712 1119 1767 eo,
1137 1704 1169 1751 ut
1177 1692 1270 1772 puris-

58 1785 128 1849 timos
145 1788 364 1872 philosophiae,
385 1810 458 1866 quae
479 1809 579 1848 verum
597 1800 723 1867 spectat,
745 1790 838 1849 sontes
858 1789 1036 1869 indagemus.
1078 1790 1270 1864 Quamobrem

58 1904 104 1945 ton
131 1885 364 1946 committendum
394 1886 479 1945 nobis
508 1899 568 1961 est,
598 1900 629 1944 ut
655 1886 734 1945 hunc
758 1887 853 1946 locum
879 1888 1073 1967 negligamus:
1103 1887 1270 1949 tractandus

58 1978 113 2043 deo
132 1986 239 2045 summi
259 1984 413 2064 diligentia
430 1983 563 2060 videtur,
589 2005 654 2045 curu
671 2000 789 2065 propter
806 1988 896 2066 ipsius
910 1976 946 2045 iu
965 1986 1148 2067 philosophia
1168 1987 1267 2045 Plato-

61 2078 85 2137 is
106 2086 275 2165 gravitatem
305 2083 575 2162 auctoritatemque,
600 2096 662 2142 tum
688 2085 774 2143 etiam
802 2098 970 2166 propterea,
997 2085 1074 2165 quod
1103 2084 1267 2145 Platonicae

58 2183 190 2241 octiinae
210 2180 375 2240 amantibus
394 2178 473 2239 haud
491 2182 568 2242 leves
587 2182 726 2242 continuo
746 2181 934 2243 difficultates
953 2184 1064 2263 objicit.

71 2276 151 2340 Nam
171 2294 329 2340 occurrunt
346 2283 378 2340 in
398 2281 512 2361 scriptis
529 2281 657 2341 Platonis
677 2282 838 2357 nonnulla,
857 2282 914 2340 hue
935 2264 1110 2364 spectantia,
1133 2303 1204 2360 quae
1219 2284 1269 2340 mi-

58 2384 123 2437 ttui·
139 2381 244 2458 aliquis
264 2380 402 2438 continuo
421 2392 448 2436 et
469 2400 536 2439 vero
556 2377 680 2438 absurda
700 2394 799 2462 putet:
822 2381 853 2439 in
873 2382 919 2440 his
933 2380 1024 2462 ipsius
1038 2380 1185 2440 scribendi
1201 2382 1270 2439 artis
1319 2390 1322 2395 '

58 2470 234 2559 itupcratio,
254 2478 388 2536 nocuisse
403 2498 464 2535 eaui
484 2476 634 2537 hominum
655 2478 753 2558 generi
775 2480 882 2558 magis,
903 2500 988 2558 quam
1016 2480 1175 2559 profuisse:
1205 2493 1267 2539 tum

58 2588 92 2627 ⁰0
113 2578 299 2657 praesertim,
320 2575 405 2633 fateri
422 2574 570 2634 Platonem
588 2576 621 2634 iu
640 2576 778 2656 epistola,
798 2598 870 2656 quae
889 2578 945 2658 ipsi
966 2564 1122 2651 tribuitur,
1144 2599 1173 2636 se
1190 2578 1268 2636 nihil

58 2668 203 2753 :ripsisse‚
224 2694 297 2754 quae
318 2694 387 2731 vcro
407 2675 498 2755 ipsius
517 2676 633 2733 nomine
652 2676 815 2748 ferrentur,
837 2675 960 2734 Socratis
986 2696 1053 2734 esse.
1096 2676 1217 2734 Disertis
1237 2675 1269 2734 id

58 2766 139 2832 erbis
158 2773 284 2833 dicitur:
307 2765 356 2831 dici
378 2771 472 2832 ταῦτα
494 2766 581 2832 οὐδὲν
601 2760 715 2833 πώποτ’
734 2767 794 2853 ἐγώ
815 2770 883 2854 περὶ
903 2766 1016 2834 τούτων
1035 2767 1183 2855 γέγραφα·
1207 2766 1271 2833 otid'

58 2882 102 2925 στι
131 2866 311 2953 σύγγραμμα
337 2868 501 2949 Πλάτωνος
527 2867 699 2935 οὕδὲν“ὸτῖὄ’
720 2868 814 2937 ἔσται·
836 2872 874 2937 tii
896 2872 932 2936 δὲ
952 2874 1005 2936 νῦν
1025 2870 1179 2956 λεγόμενα,
1198 2878 1271 2936 Σω-

58 2960 169 3051 Ὀᾶτυυς
190 2974 267 3050 ἐστὶ,
289 2977 380 3037 καλοῦ
399 2976 449 3037 καὶ
469 2970 534 3038 νέου
555 2960 714 3058 yayordiog.
729 2975 758 3057 1)
778 2978 815 3038 Et
830 2979 960 3058 quamvis
974 2978 1049 3038 hanc
1060 2979 1209 3061 epistolam
1218 2978 1270 3038 ali-

58 3070 109 3145 tuis
129 3078 233 3137 haheat
251 3101 310 3138 nou
329 3081 443 3163 abipso
462 3081 599 3155 Platone,
620 3080 705 3140 seda
725 3080 872 3139 Platonico
892 3077 1009 3137 homine
1025 3078 1178 3159 scriptam,
1190 3078 1269 3138 unde
1325 3130 1328 3134 .

58 3162 137 3234 ‘lille
147 3177 293 3252 hauserit,
312 3178 438 3259 quidque
454 3201 486 3238 co
503 3181 689 3261 spectaverit,
700 3163 896 3259 quaerendum
910 3176 1035 3237 videtur.
1056 3176 1270 3259 Obstupescunt

58 3260 88 3319 ¹5⁸
116 3272 267 3350 homines,
296 3278 346 3355 qui
376 3278 523 3336 Platonem
547 3276 666 3358 legunt,
689 3292 720 3336 ut
740 3277 921 3337 Aristotelem
941 3277 1034 3336 solent
1060 3290 1088 3334 et
1115 3275 1270 3335 hodiernos

58 3356 248 3455 tlilosophos:
267 3374 480 3433 dissertationes
500 3398 528 3434 se
545 3390 681 3453 tractare,
696 3396 785 3456 quum
801 3375 929 3455 dialogos
944 3374 1058 3454 legunt,
1074 3374 1269 3447 arbitrantur,

58 3468 287 3553 'Pflfuuduutque
305 3494 370 3532 cum
391 3476 518 3551 cujusvis
537 3476 684 3556 scriptoris
703 3475 860 3535 rhetorisve
880 3474 1016 3535 divinum
1042 3473 1170 3532 Platonis
1191 3473 1268 3552 inge·

58 3556 136 3629 iiam,
166 3572 225 3631 Nos
243 3592 330 3649 vero,
351 3594 420 3652 age,
442 3594 551 3633 novum
570 3571 647 3633 illud
667 3575 851 3652 exquiramus
880 3569 1029 3633 scribendi
1049 3591 1157 3651 genus,
1190 3569 1269 3649 quod

58 3656 130 3727 micc
154 3668 291 3753 probavit
308 3672 408 3747 Plato,
429 3673 567 3750 cujusque
593 3671 631 3730 ad
650 3671 814 3753 exemplum
843 3693 904 3731 non
932 3669 1145 3729 dissertationes
1173 3670 1270 3728 nescio
1353 3722 1363 3743 ,

58 3769 130 3841 slas,
150 3766 202 3827 sed
219 3768 349 3851 dialogos
368 3770 492 3850 scripsit.
521 3770 725 3853 suppeditabit
744 3784 839 3828 autern
858 3768 1055 3844 nobis'illud,
1076 3770 1108 3829 ni
1126 3768 1268 3841 fallimur,

58 3846 166 3924 'baedfj
185 3864 292 3951 dialogi
310 3888 376 3951 pars
395 3884 545 3949 postrema.
581 3868 639 3929 Sed
657 3870 782 3949 primum
802 3868 838 3926 de
856 3866 925 3927 aitis
942 3867 1089 3927 scribendi
1110 3867 1270 3948 reprehen-

59 3967 121 4017 one
142 3956 373 4049 disceptandum.

73 4067 92 4103 ‘l
102 4056 217 4141 Utilis,
239 4064 279 4123 ait
298 4064 427 4125 Socrates
443 4065 525 4140 illic,
547 4067 651 4146 scripta
668 4066 758 4125 oratio
775 4064 1149 4139 est-admonitioniscaussd3
1166 4062 1269 4140 quodsi

58 4138 329 4242 leognoscendum
348 4163 527 4238 destinatur,
549 4186 632 4223 omne
658 4166 712 4225 crit
741 4164 892 4225 scribentis
918 4164 1045 4224 studium
1076 4184 1135 4221 non
1164 4160 1294 4219 inutile·

58 4236 155 4335 lum,
176 4260 226 4320 sed
255 4262 375 4321 noxium
402 4262 574 4341 legentibus.
583 4258 596 4318 ii
643 4264 793 4343 Colloquio
813 4264 866 4322 hoc
887 4266 1000 4322 ell'atum
1021 4262 1166 4334 illustrat,
1192 4259 1270 4339 quod

58 4376 297 4411 x„-

62 4446 93 4513 1)
127 4470 206 4537 epar.
227 4470 258 4522 11.
276 4470 334 4523 ati.
364 4472 391 4522 c.
