2796 5048
662 210 720 270 383

61 400 109 443 τιν
123 368 218 462 ἔγγός
228 398 257 436 τι
279 364 351 433 εῖναι
372 370 433 431 τῶν
453 370 507 432 τοῦ
525 363 669 449 ’σώματος
683 415 717 426 --
731 370 777 455 τῷ
798 362 859 432 ὄντι
881 364 938 453 γιῖρ
954 367 1007 434 edu
1020 370 1311 466 ἕνοιῖσαιπρότερον,

60 475 194 563 ὕστερον
215 475 405 556 ἐμποιεῖσθαι
427 466 515 534 ἔθεσί
525 495 556 534 τε
577 472 626 535 καὶ
645 466 801 555 ιῖσκησεσιν
815 466 889 554 -η’
910 471 946 534 δὲ
966 474 1022 536 τοῦ
1044 478 1191 559 φρονῆσαι
1205 481 1315 560 παντός

60 584 183 660 μᾶλλον
205 571 362 658 θειοτέρου
383 565 464 649 τινός
484 567 638 656 τυγχάνει,
661 569 706 649 εός
727 570 817 637 ἔοικεν
823 623 832 650 ,
849 568 937 650 οὖσα,
955 573 975 637 d
985 568 1051 658 την.
1057 577 1114 657 μὲν
1124 576 1251 662 δύναμιν
1261 582 1313 647 αό-

62 683 177 753 tinore
195 666 444 752 inducamini
466 674 501 738 δὲ
521 678 577 758 τῆς
596 679 785 761 περιαγωγῆς
805 672 957 760 χρήσιμόν
971 701 1002 740 τε
1022 680 1071 741 καλ
1085 677 1249 764 ω’φέλιμον,
1266 690 1316 751 καὶ

65 782 227 871 ῖχρηστον
240 775 280 844 αὖ
293 779 342 842 καλ
352 775 501 862 βλαβερόν
509 777 645 861 γίγνεται·
664 776 684 861 ἢ
700 775 782 841 odnie
800 775 983 862 ἐννενόηκας,
998 784 1059 842 τῶν
1078 781 1243 864 λεγομένων
1258 789 1316 869 μὲν

68 890 184 973 σοφῶν,
200 883 340 965 πονηρῶν
353 879 403 956 δὲ,
423 880 451 961 l)
469 875 509 956 αῖς
520 876 613 962 δριμδ
625 879 682 960 μὲν
697 877 795 962 βλέπει
823 877 861 943 τό
874 872 1043 962 ψυχάριον,
1060 884 1108 944 καί
1122 882 1213 963 όξίιος
1229 891 1318 978 διορᾷ

69 992 166 1055 ταῦτα
181 983 232 1068 ἐφ’
242 984 261 1047 ιῖ
273 981 447 1068 τέτραπται,
464 977 505 1058 αλς
519 979 555 1044 ου’
571 977 689 1065 φαόλην
698 979 769 1064 ἔχον
778 978 835 1066 την
852 979 941 1059 ὀήιιν,
958 983 1044 1069 κακία
1058 977 1087 1046 δ’
1097 981 1318 1071 η’ναγκασμὲοοο

68 1088 242 1176 ὖπηρετεῖν,
258 1082 335 1150 οῖστε
350 1080 412 1170 ὅτῳ
432 1080 469 1147 dv
484 1079 623 1163 όξότερον
637 1081 746 1172 βλέπῃ,
767 1080 899 1171 τοσοότφ
908 1085 997 1147 πλείω
1012 1084 1086 1148 κακοί
1102 1088 1318 1174 ἐργαζόμενον,

70 1207 212 1257 mseras
231 1201 312 1252 enim
331 1197 430 1249 animi
451 1211 526 1267 quae
547 1191 696 1247 dicuntur
715 1198 863 1264 virtutes,
892 1193 1005 1249 similes
1026 1195 1236 1271 quodammodo
1257 1221 1318 1257 esse

70 1301 210 1372 οηιονιζτ
229 1293 398 1349 uirtutibus
419 1289 582 1346 uidentur:
604 1309 676 1344 nom
706 1310 775 1346 cum
797 1311 855 1346 non
875 1295 975 1347 insint
994 1298 1022 1348 ei
1040 1315 1145 1370 reapse
1158 1303 1318 1374 primurn,

65 1402 176 1475 posteo
205 1390 423 1449 consuetudine
444 1396 473 1442 et
500 1389 770 1444 exercitationibus
796 1388 1033 1459 adsciscuntur;
1063 1395 1218 1472 cogitandi
1248 1416 1315 1453 oero

68 1499 177 1553 virtus
204 1490 368 1546 divinioris
386 1485 566 1560 cujusdem,
586 1493 622 1540 ut
645 1485 789 1556 uidetur,
819 1495 954 1543 nuturoe
973 1497 1036 1561 est,
1055 1511 1132 1567 quoe
1150 1499 1211 1548 cim
1227 1514 1317 1550 suum

71 1596 198 1653 amittit
224 1606 400 1664 nunquam,
428 1590 618 1641 conversione
648 1604 716 1640 cero
749 1585 838 1641 utilis
868 1593 898 1641 et
926 1587 1078 1646 soluturis
1103 1610 1138 1646 cc
1159 1599 1251 1649 nocio
1262 1593 1320 1669 fit.

71 1687 256 1767 Nondumne
276 1683 525 1742 animaduertisti
537 1724 545 1753 ,
573 1681 723 1739 mulorum
752 1683 924 1755 bantinum,
954 1685 1005 1742 sed
1032 1693 1086 1763 qui
1108 1689 1245 1747 sollertes
1263 1692 1321 1747 ba-

71 1790 304 1863 bssstur‚quem
323 1788 527 1838 ocutccernot
545 1780 700 1852 unimubo,
720 1801 867 1856 quomque
888 1780 1031 1839 celeriter
1050 1785 1165 1858 omnic,
1185 1790 1231 1845 od·
1245 1809 1321 1865 qnae

75 1895 125 1947 est
145 1903 289 1943 conuerso
299 1925 308 1955 ,
326 1884 515 1957 perspiciat,
537 1883 644 1954 quippe
664 1884 762 1935 visum
789 1899 847 1934 non
867 1878 982 1936 molum
1001 1880 1130 1956 babens,
1151 1885 1202 1942 sed
1213 1894 1324 1963 proci-

75 1991 143 2045 sati
163 1988 279 2041 seruire
299 1989 421 2056 coacto,
452 1985 487 2032 ut
514 1997 570 2052 quo
601 1983 724 2035 acutius
749 1983 869 2050 cernit,
895 1978 1021 2054 coptus
1039 1982 1114 2037 moli
1132 1984 1322 2060 perficiat?’'

76 2082 200 2145 Sursum
215 2081 304 2160 igitur
318 2097 399 2135 mens
419 2073 546 2132 hominis
565 2093 581 2130 a
601 2087 700 2132 tenera
719 2072 790 2132 inde
806 2087 896 2132 aetate
915 2075 1052 2153 erigenda
1069 2080 1322 2160 convertendaque

77 2180 119 2243 ed
138 2182 291 2241 veritatem
310 2189 361 2235 est.
387 2169 511 2231 «Τοῦτο
532 2165 633 2248 μέντοι
655 2164 692 2231 τό
713 2171 769 2251 τῆς
789 2165 927 2253 τοιαύτης
956 2167 1089 2252 φόσεως,
1111 2174 1139 2235 εί
1160 2175 1192 2237 εἰι
1213 2177 1325 2253 παιδός

76 2272 179 2351 οὐθείς
190 2267 383 2352 κοπτόμενον,
404 2266 560 2356 περιεκόπη
583 2267 622 2333 τα
642 2273 697 2353 τῆς
718 2268 855 2351 γενέσεως
866 2273 1004 2355 ξυγγενῆ,
1017 2268 1111 2358 ὥςπερ
1125 2279 1322 2360 μολυβδίδας,

78 2378 114 2445 αῖ
135 2373 179 2460 δη
201 2375 331 2450 ἐδωδαῖς
352 2397 384 2436 τε
405 2372 453 2435 καί
475 2372 536 2434 τῶν
562 2369 704 2436 τοιούτων
729 2369 853 2456 ἡδοναῖς
880 2398 911 2436 τε
932 2376 982 2437 καὶ
1002 2378 1140 2459 λιχνείαις
1161 2387 1327 2474 προσφυεῖς

80 2475 256 2567 γιγνόμεναι
277 2476 345 2556 περὶ
363 2471 495 2538 idedun
518 2471 679 2556 στρέφουσι
701 2472 756 2558 την
776 2479 831 2559 τῆς
850 2478 957 2559 ψυχῆς
979 2474 1063 2556 ὅφιν·
1090 2474 1132 2543 ῶν
1154 2482 1327 2547 είεοίπαλλα-

69 2582 137 2669 ’γὲν
164 2576 391 2663 περιεστρέφετο
417 2579 456 2653 εἰς
478 2573 619 2660 τάληθῆ,
641 2578 690 2639 καὶ
712 2577 806 2640 ἐκεῖνα
828 2575 865 2640 εῖν
888 2574 924 2641 τό
948 2576 1023 2642 abib
1044 2584 1133 2644 τοῦτο
1143 2586 1212 2646 τῶν
1227 2584 1327 2649 αιῖτῶν

81 2680 256 2769 ιῖνθροίπεσν
278 2677 409 2754 dicituro
430 2676 525 2763 ῖαίρα,
549 2675 648 2763 ιίίσπερ
670 2681 719 2742 καὶ
741 2676 790 2762 ἐφ’
811 2678 832 2742 d
852 2683 904 2744 νῦν
925 2678 1098 2765 τέτραπται·
1121 2692 1328 2764 hujuscemodi

83 2801 225 2862 nutura,
245 2789 349 2846 sollers
367 2786 486 2864 quidem
503 2786 577 2858 iilo,
597 2787 648 2843 sed
666 2787 705 2843 od
718 2807 818 2863 proco
836 2807 977 2844 converso
986 2832 995 2861 ,
1015 2795 1043 2845 si
1062 2809 1081 2844 α
1105 2799 1211 2846 tenero
1227 2796 1325 2846 conti-

85 2912 146 2949 nuo
166 2896 267 2945 aetate
286 2893 329 2943 sic
342 2886 463 2959 fuisset
478 2885 581 2958 culto,
601 2894 638 2940 ut
655 2894 831 2969 onrpututae
851 2893 885 2941 in
896 2906 930 2942 eo
951 2896 1049 2944 essent
1068 2897 1200 2946 noturus
1220 2888 1328 2967 affines

83 2987 292 3067 cupiditates,
313 2991 389 3060 quise
407 2985 634 3041 comestionibus
654 2984 863 3060 similibusque
883 2986 1088 3061 uoluptatibus
1104 2993 1166 3063 ipsi
1184 2988 1329 3045 adbaese-

85 3095 166 3151 runt
184 3092 215 3142 et
234 3092 381 3159 tunquam
397 3082 538 3158 plumbeo
555 3082 836 3158 pondernueorsnm
848 3104 913 3140 eom
921 3094 1084 3159 premunt,
1100 3092 1223 3163 ejusque
1233 3093 1329 3144 aciem

86 3186 129 3247 ad
146 3183 302 3257 inferiore
321 3189 466 3237 vertunt:
484 3180 532 3237 bis
549 3186 651 3260 igitur
672 3181 801 3238 liberate
820 3188 848 3239 si
867 3183 907 3238 od
925 3203 997 3239 cero
1017 3186 1329 3260 coracino-erumnis

87 3280 204 3343 rursus
225 3280 326 3339 sudem
352 3284 527 3335 acutissime
552 3285 754 3356 perspiceret,
783 3287 879 3338 sicuti
908 3302 989 3338 nunc
1012 3291 1181 3361 perspicit,
1198 3285 1238 3341 od
1255 3304 1332 3362 quoe

88 3402 175 3441 nunc
192 3388 237 3437 est
251 3397 403 3435 conuerso.
446 3375 494 3433 Sic
515 3389 609 3434 autem
630 3375 738 3436 eruditi
757 3378 886 3439 civitatis
913 3393 1027 3438 nostrae
1048 3381 1269 3458 gubernatores,
1288 3382 1329 3438 sic

89 3481 129 3543 sd
141 3478 311 3549 veritatem,
322 3473 361 3533 ad
380 3475 472 3554 ipsum
484 3476 589 3532 bonum
600 3476 732 3533 conversi
743 3520 751 3548 ‚
770 3474 1017 3535 administrabunt
1033 3498 1093 3536 eam
1114 3492 1199 3537 recte.
1222 3479 1333 3551 Quam-

90 3579 193 3643 obrem
210 3567 355 3656 ἠμίτερον
376 3566 417 3652 δὴ
438 3565 525 3652 ἔργον
535 3570 598 3633 τῶν
609 3571 757 3645 οἰκιστῶν,
773 3566 827 3645 τός
842 3594 872 3633 τε
887 3571 1041 3652 βελτίστας
1056 3569 1158 3655 φύσεις
1173 3569 1335 3658 ιῖναγκοίσα,

91 3670 261 3760 dormiebas-
280 3665 359 3754 πρός
370 3668 405 3735 τό
411 3668 549 3756 μάθημα
566 3670 628 3736 δὲν
639 3672 684 3758 τῷ
702 3668 840 3755 πρόσθεν
862 3669 976 3755 ἔφαμεν
997 3668 1068 3736 εῖναι
1085 3671 1238 3758 μέγιστον,
1262 3678 1336 3743 ἰδεῖν

91 3803 124 3845 τε
136 3772 177 3841 τό
197 3771 331 3859 ἀγαθόν,
347 3774 396 3837 καῖ
416 3771 561 3860 α’ναβῆναι
583 3774 693 3858 ἐκείνην
711 3769 768 3858 τη“ν
790 3770 945 3855 α’νόβασιν·
979 3789 1119 3840 nostrum
1139 3790 1260 3864 igitur,
1281 3791 1336 3862 qui

92 3882 285 3945 condidimus
296 3887 452 3939 civitatem
461 3927 470 3956 ,
488 3881 620 3960 officium
640 3887 716 3954 erit,
736 3891 772 3938 ut
789 3888 916 3958 optimos
935 3900 1067 3959 quasque
1085 3892 1218 3941 noturus
1227 3892 1257 3940 et
1261 3901 1337 3957 per-

93 3989 202 4043 venire
221 4001 362 4061 cogamus
380 3980 420 4037 od
439 4001 522 4053 eam,
543 4001 633 4057 quam
653 4002 713 4038 esse
733 3988 898 4037 musinium
918 3981 1070 4054 dicimus,
1096 3982 1289 4059 disciplinam
1307 3985 1337 4035 et

94 4084 205 4143 bonum
226 4099 350 4138 eernere
371 4080 471 4137 etillo
490 4080 630 4137 modoad
649 4086 807 4155 superiore
827 4080 1012 4140 escendere.''
1034 4077 1066 4158 2)

132 4254 164 4320 1)
179 4254 224 4305 Sic
235 4252 376 4322 legendum
392 4269 452 4304 esee
470 4252 532 4304 mihi
547 4254 678 4320 persuasit
698 4253 804 4319 juvenis
824 4257 952 4323 optimus,
970 4270 1071 4307 mecum
1086 4255 1152 4306 hoec
1166 4253 1282 4305 Platonis
1296 4253 1333 4304 le-

97 4358 184 4413 gens,
200 4339 231 4390 P.
245 4340 271 4388 Ι.
287 4339 431 4390 Sebebtemo.
451 4339 535 4390 Fioini
550 4341 675 4390 versione
689 4341 823 4393 emendate
838 4341 915 4393 lectio
936 4340 1108 4392 confirmetur.

134 4427 165 4490 2)
188 4427 224 4476 Dc
243 4426 306 4492 usp.
323 4423 377 4475 VH.
398 4423 448 4474 518
463 4421 580 4474 c.-519
596 4423 627 4475 Ι),
