2796 5048
78 441 139 488 tum
159 428 219 508 ipse
238 425 276 486 ob
293 425 327 485 id
346 424 501 499 honorari,
531 422 585 483 hoe
603 436 700 483 tamen
721 424 816 481 lacere
835 421 1021 496 reformidet,
1050 443 1153 483 nonne
1167 423 1282 489 inmeriti
1308 422 1311 477 l

79 527 202 606 ignavus
220 524 384 583 habeatur?
404 562 439 573 -
469 521 616 596 Fortasse,
642 523 755 601 inquit3
779 519 829 579 sed
849 540 902 577 cur
918 519 989 579 haec
1007 540 1052 578 me
1072 521 1277 602 interrogas?-

79 623 165 699 Quod
182 636 229 697 te,
250 622 346 700 inquit
355 666 364 695 ,
384 642 450 681 cum
467 620 577 700 possis,
599 620 679 680 nelle
697 620 822 680 arbitror
837 639 989 698 procurare
1008 638 1060 695 ea,
1081 640 1202 699 queem
1215 620 1274 703 ptri

78 723 172 802 cipem
190 735 218 780 te
237 741 295 780 esse
312 740 426 779 neccsse
446 720 500 793 sit,
521 739 610 798 quum
628 720 666 778 sis
687 720 795 781 civis.»
824 714 852 798 l)
1250 728 1265 763 ¹·

119 818 236 878 Illustre
258 838 326 878 vero
344 816 431 893 hujus
449 815 577 875 methodi
594 815 753 875 Socraticae
774 814 940 895 exemplum
959 816 1052 875 estin
1073 816 1268 899 uodssimapli·

79 917 190 1013 losophi
215 937 280 974 cum
298 915 477 974 Aristodemo
496 913 533 973 de
555 914 740 994 providentia
762 913 970 994 disputatione
1013 914 1103 973 Hunc
1122 914 1197 975 enim
1209 916 1265 995 'qn

78 1015 234 1095 accepisset
272 1034 365 1092 neque
396 1013 460 1071 Diis
493 1010 654 1071 sacrificare
686 1033 779 1091 neque
810 1011 994 1072 divinatione
1024 1013 1086 1088 uti,
1127 1014 1184 1074 inse
1206 1010 1264 1073 illm

79 1133 196 1185 omnes,
224 1112 275 1191 qui
293 1112 363 1170 haec
381 1111 510 1168 lacerent
534 1109 608 1169 «dic
627 1110 719 1185 mihi,
752 1110 812 1183 ait,
834 1108 1032 1185 Aristodemo,
1054 1124 1161 1170 suntne
1177 1106 1263 1191 quud

79 1206 1262 1292 mmmmdmmmm?-Qmwmmwst-Dmmfflwmj

79 1310 166 1368 mina.
187 1340 221 1349 -
250 1304 394 1386 Equidem
422 1308 578 1366 Homerum
608 1306 639 1364 in
664 1306 827 1387 pangendis
844 1305 1022 1365 carminibus
1042 1307 1134 1388 epicis
1150 1306 1263 1369 admit!

79 1429 141 1467 sum
160 1408 301 1479 maxime,
322 1406 355 1464 in
375 1399 561 1485 dithyrambo
581 1403 831 1485 Melanippidem,
852 1406 885 1465 in
900 1404 1047 1484 tragoedia
1064 1402 1263 1488 Sophoclen,in

79 1507 213 1565 statuaria
229 1503 428 1584 polycletum,
450 1505 482 1562 in
502 1503 615 1582 pictura
634 1502 757 1583 Zeuxin.
788 1504 845 1562 Hic
865 1503 1011 1578 Socrates,
1036 1505 1094 1563 utri
1116 1526 1183 1565 vero
1197 1500 1264 1565 vitle-

78 1612 143 1661 tur*
155 1603 229 1677 tibi,
253 1603 376 1680 inquit,
408 1603 515 1677 majore
531 1600 615 1680 digni
637 1622 696 1660 esse
722 1602 931 1675 admiratione,
946 1602 1013 1680 ·qui
1032 1602 1184 1662 simulacra
1199 1596 1264 1661 null

43 1756 48 1765 ,
79 1715 226 1780 motusque
247 1701 377 1781 expertia
395 1698 570 1780 perficiunt,
591 1721 629 1758 an
647 1700 698 1779 qui
709 1700 844 1759 animalia
853 1712 948 1758 mente
959 1713 986 1758 et
996 1714 1075 1759 motu
1085 1690 1264 1785 praeditaltd

80 1799 117 1858 Et
144 1799 185 1857 sic
208 1800 326 1879 quidem
342 1820 358 1856 a
377 1797 462 1856 rebus
482 1795 576 1855 cuivis
593 1797 778 1876 patentibus,
807 1818 935 1877 quaeque
955 1798 1088 1859 sensibus
1108 1798 1265 1881 percipiunt

78 1896 178 1957 adres
197 1897 313 1958 divinas
332 1897 442 1974 Deique
462 1893 677 1974 providentiam
696 1896 834 1956 escendit.
877 1891 940 1955 Sed
951 1878 1055 1977 hospes
1074 1898 1113 1957 sit
1132 1894 1267 1957 necessit

79 1996 112 2053 in
130 1996 244 2076 scriptis
261 1995 486 2066 Socraticorum,
507 1992 576 2069 qui,
599 1992 646 2053 vel
664 1993 753 2054 verbo
772 1995 917 2067 monitus,
939 2016 999 2053 non
1018 1995 1095 2055 hanc
1116 1996 1268 2056 continuo·

81 2093 188 2152 tionem
214 2095 310 2153 animo
333 2103 536 2172 repraesentet.
573 2092 774 2170 vQuoscumque
798 2088 923 2151 habebat
947 2092 1076 2154 Socrates
1101 2115 1172 2153 cum·
1190 2090 1270 2174 quib!

81 2212 195 2270 cunque
221 2190 389 2251 bominibus
419 2209 579 2262 sermones,
607 2202 669 2247 tum
697 2211 828 2269 quoque,
859 2211 948 2269 quum
967 2191 1083 2267 judices
1110 2192 1276 2272 alloquebttff·

81 2289 216 2369 publice,
245 2302 276 2346 ut
304 2285 489 2368 persuaderet
516 2285 594 2359 illis,
626 2286 743 2346 arebus
768 2289 943 2348 tenuissimis
962 2303 991 2347 et
1012 2290 1161 2350 vilissimis
1179 2284 1274 2370 exempl

81 2387 213 2466 petebat:
243 2400 352 2445 sutores
372 2381 544 2462 loquebatur
554 2428 562 2456 ,
582 2383 685 2463 ‘fabros
695 2431 703 2459 ,
725 2387 865 2460 rusticos,
886 2407 1040 2466 eorumque
1061 2402 1136 2449 artes
1153 2404 1181 2448 et
1198 2391 1275 2449 inre

79 2500 187 2544 menta.
229 2484 305 2544 Haec
324 2483 435 2543 scilicet
454 2481 589 2541 omnibus
609 2497 692 2543 eraut
712 2498 779 2543 nota
789 2530 798 2559 ,
820 2506 878 2544 non
898 2470 985 2544 cultis
1001 2500 1115 2546 tantum
1125 2533 1134 2562 ‚
1155 2487 1206 2548 sed
1221 2482 1277 2546 radi·

81 2580 1280 2662 bmemmetfflmfflmmpmmammsffimffiwsffleamfflfflmffle

82 2681 201 2758 objectis
220 2702 380 2754 sermones,
402 2699 446 2736 res
464 2676 630 2739 declarabat
647 2680 802 2754 facillime,
819 2679 856 2739 de
873 2681 980 2760 quibus
997 2683 1151 2744 cultissimi
1162 2678 1281 2745 vinum

82 2795 208 2861 tempore
238 2778 475 2861 vix‘quidquam
505 2778 633 2857 proferre
645 2824 654 2852 ,
679 2778 758 2857 quud
777 2778 928 2859 probabile
947 2795 1037 2854 esset,
1058 2795 1220 2861 potuerant.
1252 2776 1282 2839 ll

83 2878 235 2938 Aristotele
254 2879 323 2937 haec
341 2879 414 2935 ratio
432 2869 572 2956 ἐπαγωγή
593 2874 671 2935 dicta
688 2891 748 2950 est,
768 2875 799 2956 3)
819 2898 835 2934 a
857 2878 994 2938 Cicerone
1004 2893 1033 2938 et
1042 2880 1155 2940 Latinis
1163 2883 1283 2939 inductio.

124 2978 200 3035 Haec
225 2975 350 3035 docendi
380 2978 453 3036 ratio
482 2999 568 3057 quam
594 2977 631 3034 sit
658 2975 800 3056 simplex,
827 2997 911 3054 quam
933 2976 1002 3035 item
1019 2977 1057 3037 ad
1076 2977 1285 3058 persuadendo!

83 3071 204 3147 efficax,
231 3095 314 3133 nemo
330 3089 388 3149 est,
410 3076 482 3153 quin
501 3096 551 3133 sua
571 3088 672 3155 sponte
692 3073 807 3133 videat:
830 3072 881 3133 sed
901 3095 960 3133 esse
978 3075 1116 3152 candem,
1137 3077 1215 3157 quod
1230 3072 1285 3136 ‹lill-

80 3193 163 3245 mos,
190 3185 308 3230 naturae
326 3193 499 3253 congruam,
520 3195 552 3232 eo
572 3171 684 3253 patebit
704 3173 904 3247 manifestius,
925 3195 982 3251 quo
1001 3176 1089 3255 magis
1109 3177 1235 3236 nativam
1247 3174 1286 3233 lto·

83 3270 170 3328 minis
193 3270 225 3329 in
243 3268 432 3348 disquirendo
453 3273 592 3330 rationem
613 3268 843 3343 attenderimus„
873 3271 945 3329 Nam
965 3271 1068 3348 homo,
1089 3275 1222 3352 quamvis
1236 3267 1286 3331 ml·

37 3367 1286 3455 ·mmmmfflmmffmmmfflmssmmmwmss

1 3523 5 3530 .
82 3489 148 3527 men
175 3489 191 3525 a
220 3466 342 3546 singulis
362 3467 400 3526 ad
423 3468 575 3543 universa,
606 3464 823 3548 asimplicibus
843 3467 880 3527 ad
896 3471 1070 3549 composita,
1100 3471 1211 3547 abiis,
1233 3482 1285 3549 qt!

83 3565 181 3639 videt,
203 3564 302 3639 audit,
323 3565 457 3624 manibus
475 3579 648 3639 contrectat,
670 3564 801 3624 sensibus
820 3568 938 3625 omnino
959 3568 1096 3648 percipit,
1118 3569 1157 3630 ad
1168 3591 1215 3646 ea,
1233 3580 1285 3647 qt!

83 3685 142 3722 non
167 3676 267 3744 patent
287 3664 436 3739 sensibus,
468 3665 667 3745 progreditur:
699 3685 754 3742 quo
775 3662 824 3736 fit,
847 3677 878 3722 ut
896 3665 965 3723 haec
986 3665 1173 3726 declarentur
1190 3664 1283 3729 vocito

81 3762 118 3821 ab
146 3761 266 3821 illorum
294 3763 462 3822 notionibus
493 3777 520 3823 ct
549 3763 723 3843 imaginibus
743 3762 848 3822 ductis.
891 3762 938 3822 Sic
958 3785 974 3821 a
993 3765 1118 3843 pueritia
1134 3765 1283 3847 suscepin!

82 3862 177 3921 animo
197 3881 292 3919 rerum
311 3861 493 3920 sensibilium
524 3863 675 3936 notiones,
708 3873 735 3918 et
762 3860 813 3919 has
832 3862 964 3921 notiones
984 3862 1016 3920 in
1034 3864 1228 3923 ressensibus
1242 3878 1282 3920 net

81 3973 230 4041 patentes,
251 3957 368 4018 divinas
383 3960 415 4037 in
435 3961 555 4041 primis,
577 3958 777 4019 traduximus:
802 3958 879 4018 unde
898 3960 961 4019 Diis
971 3948 1030 4019 (ere
1041 3960 1175 4022 mortales
1184 3954 1283 4022 bomini!

81 4059 216 4132 formam,
244 4070 321 4116 certe
350 4059 517 4139 ingenium,
548 4059 723 4119 tribuerunt.
770 4058 853 4116 Hanc
875 4057 1036 4117 naturalem
1055 4050 1286 4122 animadvertendi·

117 4300 141 4364 l)
160 4304 224 4354 Xeu.
243 4303 313 4354 Mem.
334 4303 375 4352 lll.
396 4303 418 4351 7.
439 4303 457 4364 δ
478 4302 500 4354 l.
518 4302 543 4352 2.
564 4302 603 4354 Cl.
622 4302 693 4352 Auct.
713 4303 745 4353 ad
763 4303 822 4352 ller.
843 4303 883 4353 Ν.
903 4301 934 4365 3,
953 4305 978 4354 4.

113 4384 139 4448 2)
159 4389 218 4438 Eod.
237 4388 256 4439 l.
274 4390 298 4438 4.
318 4387 337 4450 §
355 4387 379 4437 2.
398 4386 422 4438 3.

111 4472 138 4538 3)
156 4474 233 4525 Arist.
254 4473 356 4541 Aoolpt.
372 4482 433 4542 poet.
453 4473 471 4523 l.
493 4473 514 4524 l.
538 4473 591 4541 Tap.
611 4473 629 4522 l.
651 4472 682 4523 l0
700 4483 725 4525 et
739 4476 843 4541 passim.
856 4473 917 4526 ·Cic.
939 4473 1086 4543 Top.c.10.
