2774 5048
69 429 184 503 famulo
200 429 372 502 dumam,
393 446 452 486 non
475 430 586 510 qllage
604 432 666 489 sive
686 438 906 509 aggregatum,
928 440 960 486 ut
980 425 1068 506 vulgo
1088 425 1265 505 loquuntur,

71 526 217 607 phumruur
236 526 484 606 gravissimorum
506 525 557 586 sed
577 528 655 588 uiam
679 529 818 587 monstrat
843 526 985 600 maxime,
1005 544 1062 602 qua
1082 525 1119 582 sit
1138 522 1271 603 philoso-

68 625 120 706 plis
133 623 383 706 progrediendum.
414 624 487 683 Nam
506 625 550 683 uti
568 626 714 686 cernendo
732 624 818 684 simul
832 623 1041 703 jungendoque
1058 621 1207 703 procedit,
1227 624 1268 681 iti

66 722 151 798 nobb,
179 723 274 804 ipsum
304 721 507 801 sequentibus,
537 709 625 801 hujus
654 722 775 784 rationis
797 723 894 784 ubivis
914 720 1079 801 exemplum
1107 720 1215 795 tradit,
1237 733 1269 779 ut

64 820 166 881 dducti
182 841 240 900 quo
258 821 320 900 ipse
338 821 490 901 pervenit,
510 820 580 881 inde
598 822 654 903 ipsi
672 821 771 881 eadem
790 822 900 880 ratione
918 818 1143 899 progrediamur.
1164 820 1270 879 Rerum

64 918 224 979 nttualium
243 932 483 1000 perscrutatores,
503 922 555 998 qui
583 918 670 979 hodie
696 933 782 994 sunt,
802 937 932 998 magnam
953 930 1063 998 partem
1084 914 1271 997 philosophos

64 1016 231 1099 lupiciunt,
257 1016 364 1096 quippe
388 1035 485 1075 omnes
511 1018 690 1078 arbitrantur
719 1019 763 1077 sui
793 1036 921 1095 quosque
949 1015 1108 1096 systematis
1133 1013 1271 1074 cancellis

65 1126 179 1175 nram
203 1113 461 1194 comprehendere:
491 1115 541 1193 qui
561 1116 584 1176 si
604 1115 733 1196 legerent
752 1115 918 1188 Platonem,
938 1114 962 1172 si
985 1111 1151 1172 methodum
1171 1112 1272 1193 philo-

65 1210 130 1293 qshi
144 1211 183 1271 ad
201 1209 413 1271 inveniendum
441 1232 542 1291 resque
561 1233 658 1273 omnes
681 1213 769 1295 plene
794 1225 982 1290 accurateque
1006 1210 1215 1291 cognoscendas
1233 1232 1272 1270 ex

62 1310 113 1389 rim
128 1310 244 1389 scriptis
263 1309 373 1387 assequi
391 1309 557 1387 studerent,
587 1311 672 1372 aliter
700 1313 829 1393 profecto
848 1313 1012 1373 existimare
1030 1309 1068 1368 de
1092 1306 1272 1391 philosophis

61 1408 130 1471 ute
149 1406 332 1489 philosophia
351 1407 505 1469 discerent.
547 1411 658 1485 Quodsi
679 1410 787 1485 iidem,
813 1431 870 1489 quo
889 1410 990 1469 ardore
1010 1428 1105 1493 rerum
1121 1420 1272 1482 naturam,

61 1504 146 1567 fldem
166 1507 330 1586 semetipsos
346 1519 375 1564 et
390 1528 436 1565 res
456 1507 596 1568 humanas
615 1511 791 1591 perscrutari
812 1508 1053 1589 aggrederentur,
1074 1506 1208 1587 percepti
1225 1505 1274 1565 illi

61 1602 106 1663 rite
128 1602 314 1686 philosophih
341 1604 487 1680 Platonis,
519 1609 632 1686 utrique
653 1609 723 1667 huic
752 1607 849 1668 studio
870 1607 977 1688 pariter
997 1619 1026 1665 et
1046 1603 1226 1664 dialecticam
1245 1616 1274 1662 et

61 1720 159 1763 nuent
186 1702 399 1784 philosophiam
428 1704 625 1765 adhibendam
655 1725 714 1766 esse
753 1707 920 1765 faterentur.
971 1705 1100 1777 Verum,
1130 1716 1163 1761 ut
1191 1722 1275 1761 suum

60 1798 134 1879 phac
152 1799 322 1861 dialecticae
342 1801 505 1863 Platonicae
533 1803 725 1863 characterem
752 1803 947 1882 assignemus,
978 1824 1039 1861 nou
1068 1815 1182 1860 tantum
1212 1823 1274 1861 rno-

62 1894 137 1974 dh,
154 1898 208 1959 sed
223 1907 409 1978 propositum
431 1901 535 1979 etiapn,
556 1923 613 1980 quo
634 1901 856 1982 disciplinarum
874 1901 949 1961 hanc
969 1900 1133 1981 principem
1149 1898 1274 1981 philoso-

62 1994 125 2077 phus
138 1996 315 2061 hermadam
334 2000 465 2075 censuit,
485 2000 635 2060 attendere
662 2013 782 2082 oportet.

89 2096 151 2161 dou
166 2110 210 2157 est
228 2096 308 2177 apud
336 2096 485 2157 Platonem
513 2098 666 2158 dialectica
691 2119 737 2158 ars
763 2094 939 2157 inveniendi
966 2094 1126 2173 quaedam,
1147 2114 1220 2174 quae
1240 2115 1274 2153 eo

64 2188 188 2257 duum
209 2195 324 2270 valeat,
355 2208 387 2255 ut
413 2197 585 2276 sagaciores,
605 2198 766 2274 acutiores,
792 2187 1007 2276 εὖρεταώτεροι
1036 2197 1147 2254 fiamus.
1189 2195 1275 2253 Com-

61 2288 200 2371 ¹plectitur,
229 2295 326 2374 prouti
355 2295 557 2376 exposuimus,
588 2295 760 2357 Socraticam
779 2297 1000 2358 inductionem:
1022 2316 1078 2374 quo
1105 2289 1210 2352 efficax
1241 2291 1274 2350 in

61 2390 148 2481 pinis
164 2394 239 2453 facta
257 2395 320 2471 ejus
336 2394 409 2455 ratio
430 2407 471 2454 est
490 2393 528 2453 ad
547 2408 639 2455 totum
667 2395 813 2457 hominem
840 2409 935 2458 ruente
954 2396 1108 2473 animoque
1138 2391 1273 2451 excolen-

61 2484 128 2561 dmu.
161 2491 202 2551 Ut
221 2491 341 2570 ingenio
360 2506 390 2551 et
409 2492 592 2553 institutione
609 2492 771 2553 Socraticus
788 2494 846 2553 fuit
865 2494 966 2568 Plato,
988 2495 1029 2553 ita
1049 2505 1150 2573 sponte
1171 2489 1223 2550 suh
1242 2490 1275 2549 in

61 2584 206 2653 munda
225 2588 377 2651 dialectica
397 2591 539 2671 spectavit
560 2589 657 2665 idem,
677 2589 756 2670 quod
783 2593 815 2652 iu
835 2589 1066 2671 philosophando
1084 2587 1270 2675 dimerendo-

62 2702 106 2763 qus
129 2689 190 2766 ejus
216 2689 349 2768 magister
379 2701 573 2769 spectaverat,
605 2702 638 2749 ut
663 2688 701 2749 ad
731 2690 866 2750 virtutem
891 2701 920 2748 et
939 2688 1115 2749 honestatem
1137 2686 1271 2747 homines

59 2780 211 2855 ¹ttlduceret.
252 2787 331 2861 Quin
351 2788 456 2862 etiam,
476 2786 555 2866 quod
569 2787 756 2848 inchoaverat
776 2786 923 2861 Socrates,
948 2784 1184 2865 diligentiusbic
1204 2804 1266 2863 per·
1358 2835 1360 2839 ,

59 2884 128 2962 aqui
143 2884 265 2945 studuit.
306 2884 407 2945 Simile
424 2885 497 2964 quid
516 2885 774 2969 animadvertimus
793 2886 878 2947 modo
899 2886 932 2945 in
951 2882 1114 2947 Aristotelis
1137 2882 1267 2945 dialecti·

60 2998 95 3053 tt.
118 2983 156 3043 Ut
174 2983 255 3045 Plato
274 2982 465 3059 Socraticam,
485 2985 526 3043 ita
546 2984 594 3044 hic
613 2984 790 3045 Platonicam
807 2982 973 3043 methodum
994 2980 1149 3043 studiosius
1167 2980 1267 3053 etiam,

60 3096 132 3155 mem
147 3083 299 3162 magister,
319 3080 358 3141 ad
377 3104 423 3142 res
441 3103 540 3143 omnes
566 3081 714 3143 cernendo
734 3081 923 3163 explicandas
951 3079 1097 3143 adhibuit.
1137 3079 1174 3139 Id
1190 3077 1269 3139 seili-
1321 3065 1330 3073 ’

60 3180 140 3251 ,teliu
157 3180 210 3241 illa
227 3180 466 3262 philosophorum
492 3182 671 3243 successione
700 3180 847 3258 obtinuit,
876 3194 908 3241 ut
936 3179 1097 3260 discipulus
1122 3180 1182 3238 lere
1207 3197 1269 3237 ma-

59 3272 315 3353 v'tttimethodum
343 3301 405 3347 uon
433 3293 545 3340 tantum
574 3279 808 3360 philosophando
836 3279 1048 3358 scribendoque
1076 3277 1269 3358 exprimeret,

63 3372 230 3457 captemus
254 3369 397 3439 etiamad
422 3379 599 3459 propositum
623 3377 710 3437 finem
738 3379 900 3440 adhiberet.
952 3377 1039 3452 Quod
1068 3374 1145 3435 idem
1172 3387 1268 3455 postea
1367 3390 1372 3396 ·

61 3486 156 3552 {tuque
175 3473 323 3550 obtinuit,
346 3490 377 3534 ut
397 3475 486 3539 verbo
508 3478 569 3555 jam
595 3498 682 3556 supra
706 3478 860 3558 attigimus.
910 3475 1125 3559 syllogisticam
1144 3487 1173 3533 et
1200 3493 1268 3534 vero

63 3570 275 3643 ”nemausam
299 3573 519 3635 demonstrandi
546 3575 707 3650 rationem,
738 3575 774 3635 ab
802 3574 955 3635 Aristotele
983 3572 1148 3654 proditam,
1177 3569 1269 3629 multo

63 3662 219 3730 tbboratius
244 3672 412 3731 recentioris
432 3672 532 3730 aetatis
560 3670 727 3752 philosophi
756 3672 794 3731 ad
815 3673 963 3754 doctrinas
992 3669 1120 3751 singulas
1148 3668 1269 3728 traden-

105 3770 220 3853 ‚quam
238 3770 300 3850 ipse
319 3769 502 3845 Aristoteles,
524 3783 709 3850 usurparunt.
749 3771 808 3829 Nec
826 3791 896 3831 sane
917 3770 1053 3831 abhorret
1077 3769 1114 3829 ab
1134 3769 1269 3849 ingenio-

115 3862 275 3947 'rerumque
295 3867 485 3929 huuranarum
513 3867 680 3929 conditione
699 3866 769 3928 hacc
790 3870 872 3929 ratio.
919 3868 1004 3943 Quod
1034 3870 1154 3948 quisque
1183 3886 1287 3928 exco-,

94 3960 190 4045 ¹it,
185 3966 228 4037 id
255 3980 321 4049 post
348 3967 472 4027 maxime
500 3980 529 4029 et
558 3967 708 4027 lectitatur
736 3979 765 4025 et
790 3988 849 4049 qua
869 3966 926 4027 late
946 3971 1026 4048 pa'tet
1044 3969 1078 4029 in
1097 3987 1196 4067 omues
1224 3984 1269 4023 res

93 4054 216 4127 licetur.
255 4064 393 4129 Fructum
421 4085 458 4125 ex
486 4066 616 4127 inventis
635 4066 752 4152 posteri
763 4065 923 4128 uberiorem
943 4066 1023 4143 fere,
1048 4087 1133 4146 quam
1143 4048 1269 4141 tesqua-

55 4124 101 4236 lta,
128 4165 259 4245 capiunt.
287 4162 348 4235 ,ὥ
371 4162 551 4242 sicquidem
581 4162 661 4225 Plato
687 4146 851 4229 methodo
842 4185 904 4246 rpse
924 4164 977 4225 suh
1004 4163 1176 4225 Socraticam
1194 4182 1269 4221 com·

55 4253 165 4336 plexus,
186 4281 260 4339 quae
278 4250 502 4342 ἰῶθ’θι·,οςθιιάο
508 4261 690 4336 eliciendo,
710 4262 861 4344 purgando
881 4262 920 4323 ad
940 4265 1057 4345 penitus
1077 4259 1268 4327 excolendum

55 4358 310 4439 perficiendumque
326 4361 472 4421 hominem
491 4361 600 4423 valeret
609 4406 619 4437 ,
639 4380 702 4423 eam
721 4363 818 4423 auimo
839 4364 990 4443 concepit,
1011 4358 1221 4439 scribendoque
1241 4374 1269 4420 et

55 4458 184 4538 upressit
200 4470 228 4516 et
249 4460 400 4539 usurpavit
417 4459 616 4535 dialecticam,
646 4479 717 4538 quae
736 4472 795 4519 tam
815 4474 886 4519 esset
913 4459 949 4520 ad
971 4480 1083 4531 omnem
1101 4459 1265 4519 humanita·
