2796 5048
77 389 198 462 iccirco,
227 388 251 447 si
275 372 630 465 quandovvouodtanog
657 382 740 455 liam,
769 377 919 457 Nymphis
942 388 1110 457 corripiar,
1132 400 1208 458 quae
1231 379 1308 439 huuc

75 483 173 545 locum
204 483 356 557 habitant,
387 504 439 541 nec
474 482 592 563 poeticis
625 479 716 539 solum
749 477 846 538 verbis
879 477 998 558 loquar,
1034 477 1084 536 s'ed
1113 477 1310 558 dithyrambis

77 583 158 644 adeo.
200 583 236 641 Et
254 581 393 662 hymnum
413 581 452 638 sic
472 581 572 639 recitat
591 578 777 638 Pindaricum
797 575 903 656 plane,
924 590 953 636 et
980 591 1076 637 tamen
1092 575 1308 658 ‚philosophum

80 681 115 741 de
136 702 247 755 amore,
268 679 305 739 de
324 678 444 760 pulcro,
463 677 498 736 de
517 677 606 752 ideis,
624 675 660 735 dc
679 676 739 735 vita
759 675 841 733 beata
861 696 925 734 cum
943 676 1067 735 Deorum
1085 664 1306 749 immortalium,

7 809 10 818 v
29 762 37 772 .
81 791 142 837 tum
160 779 326 849 hominum,
347 774 383 834 de
401 776 496 833 furore
515 776 547 832 in
567 774 667 854 primis
684 773 804 847 amoris,
825 773 875 851 qui
894 773 990 855 pulcri
1008 772 1145 853 adspectu
1170 773 1307 831 excitatur
1331 768 1334 775 ’

78 875 239 956 extemplo,
260 871 402 951 efficitque
425 873 584 946 excitatus,
606 885 651 945 ut,
678 871 731 929 alis
750 871 906 946 restitutis,
927 893 997 951 quas
1014 870 1125 929 dudum
1146 871 1305 944 amisimus,

79 972 126 1032 his
143 994 195 1032 nos
214 970 319 1030 sublati
340 971 372 1028 in
391 970 542 1049 pristinam
564 968 659 1028 sedem
679 982 820 1043 nostram,
842 969 880 1028 ad
907 970 968 1028 veri
987 966 1183 1053 spectaculum
1212 968 1304 1028 redea-

80 1090 141 1130 mus
160 1068 325 1149 aliquando.
367 1069 431 1125 Huc
451 1067 546 1141 enim,
567 1068 648 1142 huo,
670 1068 805 1146 inquam,
824 1081 950 1147 spectat,
974 1066 1159 1146 quem2Plato
1186 1065 1303 1125 celebra·
1343 1066 1347 1077 '

80 1169 141 1243 vit,
162 1189 247 1227 amor.
290 1170 367 1245 Age,
388 1165 467 1243 sequi
486 1187 571 1246 porro
590 1186 727 1225 conemur
749 1154 972 1247 philosophum,
1002 1186 1173 1244 quamquam
1202 1164 1301 1244 assequi

77 1264 126 1324 bie
144 1274 221 1324 'certe
239 1286 300 1324 non
320 1262 429 1322 licebit.
471 1262 529 1322 Sed
547 1283 660 1343 agemus
679 1262 730 1338 id,
759 1262 865 1343 quodj
868 1284 914 1322 am
942 1262 1120 1343 aliquoties
1112 1264 1301 1377 instituimus,

80 1377 111 1422 ut
129 1383 330 1444 praeparemus
348 1360 386 1420 ad
405 1360 457 1419 illa
477 1310 667 1440 intelligenda
687 1361 843 1441 legentium
863 1362 981 1421 animos:

118 1461 299 1520 Elaborato
292 1459 338 1518 rsti
356 1472 384 1517 et
402 1459 554 1518 artificioso
572 1461 673 1539 Lysiae
691 1461 814 1519 sermoni
833 1480 976 1540 opponere
992 1462 1051 1537 jam
1071 1460 1166 1540 eoepit
1183 1458 1301 1519 Socrates

79 1558 249 1631 sublimem,
269 1578 354 1636 quam
373 1570 473 1631 vocat,
494 1557 690 1637 palinodiam,
711 1557 916 1636 contenditque
927 1604 935 1632 ,
958 1580 1018 1617 non
1044 1577 1158 1616 omnem
1183 1557 1300 1617 furorem

78 1656 189 1715 homini
200 1675 316 1729 nocere,
331 1676 389 1713 esse
398 1639 468 1714 'eum
483 1653 608 1713 subinde
622 1656 733 1714 bomini
749 1656 914 1729 salutarem,
929 1677 961 1714 ae
977 1657 1039 1714 sine
1053 1644 1300 1715 enthusiasinonec

79 1759 175 1835 poetas
184 1753 271 1811 fuisse
277 1799 285 1827 ,
296 1773 348 1811 nec
360 1767 438 1813 vates
447 1753 552 1827 claros,
562 1773 615 1811 nee
625 1752 761 1813 Graeciae
771 1752 946 1812 consuluisse
956 1754 1090 1835 Pythiam
1100 1767 1149 1812 aut
1159 1736 1299 1835 Sibyllam

80 1854 155 1912 Tum
168 1871 236 1910 vero
251 1850 393 1930 descripto
408 1850 525 1909 sublimi
541 1852 669 1911 oratione
683 1854 806 1911 Deorum
816 1853 1032 1930 animorumque
1042 1851 1080 1909 ad
1091 1851 1164 1911 coeli
1176 1852 1299 1912 verticem

80 1951 197 2023 itinere,
217 1947 267 2006 ubi
287 1969 417 2029 campum
433 1949 572 2009 viderunt
586 1951 729 2024 veritatis,
748 1952 838 2030 ipsam
853 1949 1047 2029 adspexerunt
1062 1951 1227 2026 veritatem,
1242 1966 1300 2031 pura

80 2049 112 2106 in
127 2047 190 2106 luce
205 2047 380 2127 fulgentem:
397 2046 548 2127 descriptis
563 2047 609 2104 bis
624 2046 769 2122 omnibus,
785 2049 926 2127 quaejam
941 2061 1006 2105 ante
1022 2047 1268 2122 adumbravimus,
1278 2041 1300 2124 l)

32 2146 37 2155 ’
80 2145 303 2205 enthusiasmum
322 2138 447 2203 celebrat
464 2145 599 2217 tandem,
617 2165 672 2221 quo
692 2146 847 2203 amantium
866 2145 1009 2223 agitantur
1028 2160 1151 2225 pectora.
1164 2144 1196 2226 2)

120 2243 296 2303 Coelestibus
316 2242 376 2299 illis
394 2242 482 2299 sacris
497 2240 606 2297 initiati
625 2240 781 2317 aliquando
799 2242 919 2316 fuimus,
941 2243 991 2302 sed
1010 2244 1100 2302 animi
1120 2245 1220 2326 nostri
1239 2239 1303 2325 lapsi

80 2354 147 2399 sunt
175 2338 282 2397 deinde
311 2339 343 2395 in
370 2337 454 2395 basoe
478 2350 586 2409 terras,
617 2336 667 2393 ubi
687 2358 803 2418 corpore
826 2339 947 2415 induto,
969 2341 1100 2400 sensibus
1115 2344 1176 2418 jam
1206 2344 1306 2402 utimur

80 2436 117 2495 ad
136 2456 235 2500 verum
264 2434 511 2514 cognoscendum,
542 2434 659 2492 incertis
688 2434 856 2496 fluctuamus
886 2438 1091 2518 opinionibus,
1112 2439 1311 2521 voluptatibus

80 2537 147 2594 item
167 2534 353 2594 distrahimur
372 2547 400 2590 et
418 2534 544 2612 cogimur
563 2532 648 2612 plane
669 2532 799 2593 deorsum
824 2551 958 2645 spectare.
1001 2536 1134 2617 Superest
1160 2539 1315 2599 nobis're‘

80 2633 208 2697 cordatio
232 2631 396 2690 coelestium
416 2651 575 2704 sacrorum,
597 2630 648 2689 sed
667 2631 735 2689 baec
756 2634 860 2692 sensim
880 2634 1073 2714 paulatimque
1092 2638 1236 2716 perversis
1256 2651 1321 2697 stu

82 2731 165 2791 diis
157 2754 190 2789 1n
218 2730 322 2788 animis
349 2724 502 2789 evaitescit.
544 2730 616 2788 Nam
642 2751 701 2788 non
730 2745 770 2789 est
793 2731 842 2789 hle
871 2733 980 2812 uspiam
1010 2735 1089 2808 veri,
1110 2733 1181 2793 boni
1191 2735 1294 2814 ,justi
1307 2771 1322 2801 7

79 2830 171 2890 'sancti
189 2826 296 2908 effigies
316 2826 375 2885 ulla
385 2847 484 2906 ,quae
504 2811 595 2884 illa
581 2849 613 2885 1n
642 2829 802 2887 memoriam
821 2844 942 2888 revocet.
985 2828 1049 2888 Non
1076 2833 1152 2890 enim
1181 2833 1331 2893 sensibu⁵

81 2927 151 2986 baec
170 2926 387 3006 percipiuntur,
408 2924 560 3005 cogitando
579 2925 670 2984 solum
698 2939 726 2982 ct
754 2926 952 2985 ratiocinando
982 2929 1133 3007 aegerrime
1159 2930 1215 2989 illa
1236 2950 1332 2992 assc‘

86 3022 210 3105 qssmur.
252 3023 355 3124 Quidsi
385 3022 477 3082 oculis
498 3043 614 3081 cernere
648 3023 797 3083 veritatem
821 3036 848 3080 et
876 3026 1044 3104 sapientiam
1071 3048 1233 3108 possemus,
1262 3030 1339 3090 adr

82 3121 227 3180 mirabiles
260 3115 312 3180 sui
336 3143 443 3181 amores
478 3122 644 3179 excitarent
706 3121 903 3179 Veruntamen
931 3126 1093 3200 pulcrum,
1132 3127 1210 3205 quod
1252 3129 1331 3188 illic

84 3218 197 3278 lucebat
225 3224 333 3278 sumino
361 3219 532 3300 splendor,e
553 3218 603 3276 hle
622 3218 708 3277 habet
728 3218 804 3277 clara
819 3234 846 3278 et
866 3219 1018 3300 splendida
1037 3223 1197 3283 simulacra
1244 3229 1332 3287 Nam

81 3318 182 3400 pulcra
201 3316 331 3376 sensibus
349 3331 449 3397 patent
469 3332 497 3376 et
515 3338 547 3376 eo
566 3317 767 3398 percipiuntur
784 3338 868 3376 sensu
878 3364 887 3392 ,
908 3320 958 3397 qui
975 3323 1103 3380 omnium
1121 3315 1162 3380 es't
1182 3326 1329 3384 acutissi‘

40 3478 43 3483 ,
81 3436 153 3476 mus.
195 3415 384 3490 Quamobrem
411 3415 444 3472 in
473 3430 619 3493 praesente
645 3414 699 3473 bac
727 3415 893 3475 conditione
922 3419 1017 3476 nostra
1047 3419 1214 3499 pulcritudo
1239 3422 1324 3481 bano

83 3515 143 3573 vim
161 3514 266 3589 habet,
288 3528 319 3573 ut
337 3513 552 3573 evidentissima
572 3514 609 3571 sit
629 3527 656 3571 et
672 3528 796 3572 mentem
818 3513 948 3573 advertat
967 3518 1103 3576 continuo
1114 3564 1122 3592 ,
1144 3532 1171 3576 et
1190 3540 1321 3578 amorem

83 3615 188 3672 excitet
205 3612 472 3692 flagrantissimum,
493 3611 600 3690 quippe
620 3613 681 3691 ipsa
701 3632 795 3670 rerum
814 3613 943 3670 omnium
962 3615 1082 3673 maxime
1107 3615 1259 3695 amabilis,
1288 3632 1322 3677 et

83 3732 151 3770 vero
169 3712 307 3769 instauret
328 3707 521 3768 efficacissime
540 3729 652 3767 omnem
665 3711 802 3790 pristinae
817 3709 964 3769 felicitatis
982 3711 1134 3791 divinique
1157 3705 1315 3795 spectaculi

83 3807 317 3867 recordationem.
345 3807 419 3886 Ergo
436 3808 486 3885 qui
505 3827 604 3865 recens
624 3808 773 3881 initiatus,
794 3829 905 3882 eorum,
925 3824 1076 3888 quactum
1097 3812 1313 3891 spectabantur,

82 3928 166 4001 quam
185 3904 309 3985 plurima
328 3906 473 3985 percepit,
494 3906 536 3979 is,
557 3905 673 3983 quando
691 3906 826 3964 divinum
846 3907 969 3988 adspicit
989 3908 1119 3982 vultum,
1141 3910 1188 3968 vel
1209 3932 1311 3991 corpo-

36 4033 40 4042 ·
82 4005 122 4062 ris
140 4004 284 4084 speciem,
305 4005 398 4083 ipsum
417 4003 550 4083 pulcrum
567 4003 654 4084 plane
682 4005 869 4078 referentem,
891 4007 1016 4085 primum
1043 4007 1159 4086 quidem
1183 4009 1311 4069 cohorre-

83 4103 153 4176 scit,
172 4101 304 4180 subitque
323 4103 416 4181 ipsum
433 4116 537 4160 tremor
550 4102 668 4178 aliquis,
692 4116 722 4159 ut
737 4100 798 4159 illic
820 4118 915 4161 antea:
938 4103 1045 4164 deinde
1064 4127 1131 4167 vero
1149 4105 1311 4187 adspiciens

120 4345 144 4408 l)
163 4346 243 4413 Supra
259 4362 283 4413 p.
303 4345 344 4395 50.

117 4431 143 4496 2)
161 4432 216 4483 Vid.
235 4431 363 4484 Plutarch.
383 4432 465 4484 Amat.
484 4451 508 4501 p.
527 4432 584 4485 756.
