2796 5048
649 246 708 306 343

50 422 186 473 accurate
203 430 269 469 cum
288 407 385 483 visui,
405 400 463 487 quo
491 413 636 470 cernimus
656 409 772 481 omnia,
792 396 847 468 cdv
869 407 954 484 νοῦν,
984 420 1046 467 tum
1074 406 1161 466 rebus
1189 408 1289 489 adspe-

52 510 234 585 ctabilibus,
264 526 335 586 quas
356 506 419 566 visu
437 508 632 589 percipimus,
665 502 702 567 toi
732 504 838 590 aupaci,
866 524 927 571 tum
945 508 1030 567 etiam
1050 504 1130 579 luci,
1151 506 1213 564 sine
1233 526 1290 585 qua

50 608 136 669 cerni
154 602 365 686 adspectabilia
384 620 445 663 nou
463 621 601 685 possunt,
618 601 675 687 τήν
695 601 946 693 ἐλήθειωῑᾳυε
967 596 1134 703 bremium
1154 602 1289 662 contulit.

51 707 102 767 Sic
124 704 262 778 demum,
283 701 432 781 explicitis
450 701 529 778 illis,
550 704 624 766 lucis
641 712 784 790 genitori,
807 702 860 772 soli
877 706 954 793 quic
976 719 1092 781 nostro,
1116 701 1182 763 idea
1199 700 1291 774 boni,

51 824 142 885 quam
162 799 310 882 spectabat
330 799 473 874 maxime,
493 807 675 884 comparata,
703 808 791 889 hujus
812 796 886 887 quae
913 807 951 864 sit
980 802 1173 885 praestantia,
1198 820 1292 879 augu-

10 890 18 901 '
52 901 181 965 nauum
201 897 287 958 noso
305 896 434 975 reliquo.

9 1076 17 1091 ι
94 997 223 1061 (lutabat
238 996 277 1053 ita
297 1015 333 1053 ex
352 995 415 1076 ipso
431 994 536 1055 ducere
562 998 707 1061 Socratico
726 1004 805 1064 fonte
820 1001 974 1062 sublimem
994 999 1071 1058 hanc
1100 994 1229 1055 Platonis
1257 992 1293 1052 de

53 1100 127 1156 hono
154 1094 336 1168 doctrinam,
357 1093 509 1173 ipsumque
527 1116 563 1155 ex
584 1096 709 1159 auctoris
727 1113 823 1160 mente
839 1113 868 1159 et
895 1094 1018 1158 consilio
1045 1091 1211 1175 explicare3
1243 1086 1294 1149 sed

55 1208 145 1255 restat
173 1191 259 1252 nobis
283 1190 512 1267 declarandum,
543 1192 616 1274 quid
645 1196 723 1256 illud
752 1199 809 1273 sit,
834 1180 917 1277 quod
946 1194 1063 1267 statuit,
1084 1191 1157 1251 boni
1177 1188 1292 1260 ideam,

35 1292 128 1353 'solis
146 1293 256 1364 instar,
287 1290 406 1348 caeteris
431 1289 505 1349 ideis
522 1294 693 1370 veritatem,
722 1306 860 1375 tanquam
880 1293 992 1367 lucem,
1024 1288 1182 1349 affundere.
1223 1284 1295 1344 Nam

55 1390 138 1451 dicat
156 1389 275 1447 fortasse
295 1386 420 1465 aliquis,
443 1390 591 1449 veritatem
610 1391 690 1472 apud
710 1392 859 1453 Platonem
878 1394 988 1451 summo
1017 1396 1076 1447 esse
1104 1386 1185 1445 loco:
1218 1382 1294 1441 hanc
1323 1382 1330 1394 '

56 1489 150 1568 igitur
169 1502 246 1558 esse,
268 1504 341 1563 quae
360 1483 485 1561 efficiat,
507 1501 539 1546 ut
558 1487 712 1569 pulcrum,
733 1493 844 1569 justum
863 1490 1014 1570 ipsumque
1032 1482 1142 1546 bonum
1162 1481 1193 1542 id
1222 1479 1294 1538 liant

55 1583 137 1666 quod
156 1595 235 1658 sunt,
256 1590 284 1642 et
304 1584 367 1642 veri
385 1581 495 1642 lumine
515 1584 632 1647 luceant
642 1613 651 1665 3
675 1610 735 1647 non
758 1607 827 1648 vero
846 1599 961 1659 contra,
982 1584 1054 1644 boni
1080 1580 1175 1642 ideam
1193 1578 1297 1640 verita·

56 1686 96 1743 tis
125 1681 298 1740 effectricem
324 1700 393 1739 esse.
435 1681 494 1740 Nec
524 1702 593 1745 vero
622 1683 766 1759 deerunt,
793 1684 899 1760 credo,
929 1680 1129 1762 quiverimus
1148 1698 1214 1737 cum
1232 1677 1297 1735 luce

56 1778 301 1859 comparationem
329 1779 430 1858 poesin
459 1778 567 1857 magis,
605 1801 692 1858 quam
730 1780 947 1862 philosophiam
977 1777 1080 1839 decere
1107 1773 1297 1843 contendant.

57 1875 228 1937 lterandum
248 1874 298 1933 hle
328 1874 414 1934 nobis
433 1890 494 1950 est,
524 1878 604 1954 quod
632 1898 719 1959 supra
749 1879 899 1952 diximus,
931 1884 1032 1936 terum
1052 1895 1068 1933 a
1087 1872 1208 1934 Platone
1236 1890 1296 1929 non

57 1974 136 2035 ideis
151 1972 317 2047 accenseri,
337 1973 395 2031 acsi
414 1973 456 2032 ita
476 1995 491 2032 a
509 1974 614 2054 pulcro
630 1990 658 2036 et
678 1976 756 2036 bono
774 1990 803 2035 et
827 1976 907 2053 justo
934 1968 1176 2050 distinguendum
1206 1979 1298 2040 esset,

60 2086 93 2131 ut
112 2071 184 2130 haec
200 2090 218 2129 a
234 2086 264 2128 se
283 2070 410 2129 invicem
429 2070 661 2151 distinguuntur.
684 2072 714 2155 1)
734 2074 895 2134 Veritatem
920 2070 1010 2152 igilur
1037 2068 1117 2128 ideas
1145 2067 1296 2146 ipsumque

59 2170 171 2230 bonum
189 2166 374 2259 illustrare,
396 2167 494 2228 dicere
520 2192 581 2231 uon
608 2182 722 2253 poterat
741 2169 940 2253 philosophus.
982 2166 1040 2227 Sed
1060 2162 1229 2225 addendum
1249 2160 1298 2219 his

60 2265 141 2326 illud
162 2278 204 2323 est
214 2308 224 2339 ,
254 2263 346 2343 quod¹
360 2258 472 2355 ἷψῑα
491 2266 545 2326 hac
564 2271 625 2330 veri
647 2268 804 2351 disciplina
824 2266 1025 2349 gravissimum
1043 2263 1170 2324 videtur.
1212 2259 1297 2335 Quod

60 2363 141 2423 omni
162 2381 233 2423 aevo
252 2361 460 2441 quaesiverunt
479 2365 667 2447 philosophi,
688 2367 761 2446 quid
782 2373 896 2424 veritos
914 2367 970 2439 sit,
996 2358 1190 2442 eblir'parando
1220 2368 1298 2438 pate·

60 2462 135 2521 fecit
153 2459 258 2519 Plato·
285 2458 428 2539 Opposuit
456 2461 483 2519 ei
511 2461 564 2536 id,
595 2464 673 2543 quod
700 2467 876 2538 videretur,
906 2482 967 2523 non
995 2459 1071 2520 ccccl
1080 2481 1093 2530 ;
1123 2457 1201 2536 quod
1230 2475 1298 2516 vero

61 2567 170 2633 aaut„
188 2576 284 2636 neque
300 2574 370 2615 esse
400 2560 573 2636 uideretur,
604 2560 659 2621 hoc
691 2574 792 2623 verum
815 2557 912 2620 diiii:
943 2579 1000 2637 qua
1029 2559 1061 2616 in
1079 2576 1145 2630 re,.
1159 2555 1183 2613 si
1201 2553 1298 2611 minus

81 2654 303 2735 lrilosopho'rum
320 2656 514 2731 senteutiam,
545 2662 574 2715 at
592 2657 744 2718 bominum
756 2648 847 2717 'lasum
866 2666 896 2717 et
914 2655 1003 2734 quasi
1016 2674 1116 2716 vocem
1136 2651 1300 2710 assentien-

10 2678 123 2927 ᾦ
148 2751 206 2811 sibi
234 2748 380 2826 habebat,
410 2743 467 2831 qiia
496 2753 575 2834 apud
602 2754 726 2816 Graecos
751 2754 804 2829 id,
834 2752 913 2834 quod
938 2762 1046 2811 renero
1076 2750 1210 2832 pulcrum
1239 2759 1300 2817 cst,

87 2844 119 2935 'qi
143 2842 228 2911 ὄντι
248 2840 339 2907 sotor
358 2847 392 2928 2)
411 2850 559 2930 appellare
576 2851 717 2914 solebant.
743 2854 844 2930 Itaque
865 2848 944 2908 ideas
963 2848 1016 2909 ille
1036 2847 1183 2910 verissima
1203 2862 1299 2901 rerum

63 2947 261 3032 exemplaria,
280 2940 330 3007 nl
347 2939 442 3007 date
462 2948 615 3023 universe,
635 2950 860 3032 singulatimque
887 2947 1022 3027 pulcrum
1050 2950 1079 3004 et
1107 2942 1234 3016 bonum,
1255 2960 1298 2999 ro

62 3032 188 3124 ὅῆως
209 3040 244 3110 ὃν
263 3042 355 3110 amida
374 3068 406 3109 τε
427 3046 476 3109 καὶ
497 3042 634 3128 ἀγαθόν,
665 3048 745 3127 quod
763 3046 817 3131 aqi
836 3032 922 3106 tiara·
951 3043 1085 3125 pulcrum
1112 3054 1162 3099 aut
1190 3040 1301 3099 bonum

64 3165 158 3226 esset,
187 3153 314 3213 vocavit.
355 3150 494 3210 Effectrix
525 3150 617 3230 igitur
643 3147 774 3206 idearum
801 3158 923 3208 nonest
952 3143 1078 3215 veritas,
1118 3137 1169 3198 sed
1200 3137 1303 3213 ideae,

64 3250 176 3330 quippe
192 3264 266 3328 quae
285 3250 438 3308 continent
458 3268 576 3322 verum,
598 3239 729 3307 veritatis
747 3243 833 3304 nobis'
851 3242 1008 3304 effectrices
1027 3250 1105 3298 suut.
1147 3236 1304 3313 Quaecum

65 3348 109 3405 ita
137 3347 215 3422 sint,
237 3368 298 3405 non
316 3344 507 3420 mirabimur,
528 3345 650 3425 opinor,
672 3343 731 3401 luci
751 3342 920 3415 Platonem,
948 3358 1023 3418 quae
1043 3358 1059 3394 a
1078 3334 1138 3395 sole
1164 3333 1305 3393 diffundi·

66 3459 134 3518 tur,
155 3445 305 3507 veritatem
316 3488 325 3519 ,
356 3444 469 3524 ipsique
493 3441 546 3502 soli
576 3435 632 3522 criu
652 3436 708 3501 ’τοῦ
729 3434 851 3518 ἀγαθοῦ
882 3432 983 3512 ἰδέαν,
1014 3432 1145 3492 idearum
1174 3432 1305 3489 omnium

66 3556 226 3633 summq,
247 3556 433 3620 comparasse.
474 3541 669 3621 intelligimus
687 3541 759 3600 hinc
779 3541 868 3614 item,
903 3553 992 3618 quare
1012 3520 1225 3610 ὑπερονράνιος
1255 3526 1307 3587 ille

63 3636 101 3699 ln
120 3639 253 3700 Phaedro
271 3631 528 3711 adnotamentis
556 3658 680 3714 campus
710 3650 846 3696 vocetur:
866 3633 899 3715 3)
929 3632 1059 3692 idearum
1089 3627 1222 3703 scilicet,
1250 3624 1308 3684 imo

67 3732 219 3814 veritatis,
248 3758 321 3819 quae
351 3738 422 3797 inde
450 3735 644 3808 diffunditur,
673 3732 828 3814 splendore
855 3732 932 3791 lucet
960 3726 1089 3788 mundus
1117 3726 1179 3787 ille.
1221 3721 1308 3800 Quod

66 3826 166 3895 autem
184 3835 317 3917 peredit
336 3834 425 3894 altius
446 3834 531 3892 etiam
549 3831 760 3913 philosophus,
780 3829 932 3908 dixitque,
949 3827 1047 3909 prouti
1067 3826 1109 3886 sol
1137 3827 1170 3885 in
1197 3820 1309 3882 mundo

66 3932 225 4015 spectabili
241 3950 303 3992 nou
321 3932 418 3992 solum·
436 3944 469 3989 ut
485 3937 662 4004 cernantur,
682 3928 733 4005 sed
754 3930 840 3987 etiam
859 3942 891 3986 ut
908 3926 981 3985 liant
999 3925 1096 3985 omnia
1107 3969 1116 3998 ,
1128 3936 1159 3981 ut
1171 3930 1310 3986 crescant,

107 4244 138 4307 t)
157 4244 235 4296 latitia
253 4262 278 4312 p.
302 4242 356 4295 133.

103 4329 139 4392 2)
159 4329 262 4398 Belgicc
279 4330 373 4380 codem
390 4325 469 4378 modo
484 4326 573 4376 dicitur
601 4326 761 4392 nerenttjt
786 4326 894 4375 samon„-

104 4414 139 4477 3)
159 4414 265 4466 Pharaia.
285 4412 344 4463 248.
367 4411 395 4461 ll.
419 4410 448 4461 G.
