2796 5048
666 160 734 263 aa*

80 370 191 451 purgati
210 362 373 446 initiatique
392 388 425 426 eo
444 366 595 439 venirent,
615 364 667 423 hos
685 384 750 423 cum
767 365 830 425 Diis
848 364 1034 425 habitaturos.
1062 365 1154 431 Oaros
1179 359 1209 427 δ’
1232 362 1296 439 eloi,

79 460 152 529 nard
182 459 241 549 sely,
270 457 347 546 ἐμήν
378 457 484 537 δόξαν,
516 455 568 525 οὐκ
596 455 678 521 ἄλλοι
702 456 725 543 ἢ
751 457 779 523 οἱ
803 458 1070 544 πεφιλοσοφηκότες
1097 459 1214 546 ὀρθῶς.
1258 467 1297 527 Ha·

79 580 180 629 oratam
198 577 288 642 auat,
309 589 353 626 ma
374 569 496 644 judico,
517 586 574 624 noa
592 566 667 638 olet,
686 586 776 642 quom
794 573 847 644 qua?
864 572 925 625 m'te
951 579 1025 626 sant
1037 570 1252 646 philosophati.
1272 563 1296 645 1)

79 671 156 729 Haec
175 665 374 748 philosophiae
393 665 488 738 notio,
511 677 542 721 ut
567 650 665 722 ubivis
679 664 712 723 in
733 661 903 737 Phaedone,
925 665 965 722 ita
982 668 1103 727 maxime
1126 668 1159 726 in
1178 664 1296 745 Sympo-

77 767 119 826 sio
136 764 325 845 exprimitur,
346 762 396 821 ubi
424 781 514 820 sermo
537 760 677 820 Diotimae
701 760 737 820 de
754 758 855 840 pulcro
873 775 900 820 et
918 782 1010 821 amore
1020 809 1029 838 ,
1058 786 1115 843 quo
1138 783 1295 845 progressus

81 860 253 923 describitur
272 859 360 919 animi
384 859 423 919 ad
441 860 536 940 ipsum
559 857 788 938 cognoscendum
806 859 1034 939 intuendumque
1053 861 1206 943 pulcrum,
1227 874 1295 921 totus

83 960 134 1018 ille
152 979 241 1017 sermo
261 959 337 1024 viam
356 957 484 1036 sequitur
506 971 534 1016 et
552 957 692 1015 rationem
715 956 921 1035 mysteriorum.
963 961 1034 1019 Nam
1054 961 1209 1040 expositis,
1229 976 1294 1037 quae

84 1057 205 1138 primum
229 1069 296 1115 sunt
326 1054 437 1135 agenda
461 1054 494 1113 in
518 1054 616 1134 parvis
640 1053 719 1132 quasi
745 1054 903 1132 mysteriis,
923 1054 962 1115 ad
981 1058 1085 1134 majora
1109 1057 1249 1138 deinceps
1271 1068 1295 1113 et

83 1148 121 1223 ul
148 1145 286 1235 ἐποπτικὰ
310 1151 450 1235 procedit.
471 1149 503 1231 2)

125 1255 212 1317 Abest
231 1254 318 1334 igitur
336 1251 472 1322 multum,
494 1263 526 1307 ut
553 1247 683 1307 doctrina
703 1248 740 1307 sit
762 1247 901 1326 quaedam
926 1248 1110 1332 philosophia
1129 1265 1179 1311 aut
1205 1251 1294 1311 scien-

85 1356 142 1430 tia,
175 1373 261 1434 quam
288 1348 352 1430 quis
375 1346 491 1407 ediscat.
537 1347 641 1405 Totum
668 1360 821 1405 commutat
839 1346 1001 1424 hominem,
1027 1351 1172 1411 convertit
1198 1346 1294 1407 eume

86 1453 171 1511 rebus
189 1448 308 1528 abjectis
328 1460 356 1506 et
377 1444 537 1505 humilibus
556 1442 594 1502 ad
613 1441 748 1503 sublimia
774 1445 869 1502 omnia
879 1490 888 1520 ,
916 1443 1006 1505 efficit
1016 1491 1025 1522 ,
1044 1461 1076 1507 ut
1090 1447 1224 1507 initietur
1242 1465 1293 1526 my·

87 1548 179 1608 storiis
196 1547 325 1605 omnium
341 1543 490 1617 maximis,
509 1556 554 1615 et,
580 1541 630 1619 qui
658 1541 855 1620 mysteriorum
875 1557 916 1603 est
935 1543 1064 1619 effectus,
1086 1565 1192 1606 noram
1211 1542 1294 1603 velud

89 1646 176 1705 vitam
194 1641 381 1723 ingrediatur.
404 1641 480 1698 Haec
500 1653 559 1713 est,
574 1659 658 1717 qnam
672 1637 753 1698 Plato
768 1639 964 1718 significarit,
980 1643 1188 1719 philosophia,
1204 1661 1293 1721 quam

87 1764 142 1822 que
159 1762 225 1801 vere
242 1738 362 1802 vocabat
380 1733 435 1820 τήν
455 1733 542 1799 θείαν
564 1732 746 1817 φιλοσοφίαν.
768 1735 799 1819 3)

128 1839 184 1899 Hic
202 1838 280 1898 dicat
297 1839 414 1898 fortasse
441 1838 561 1919 aliquis:
584 1834 641 1898 esto
650 1883 659 1913 ‚
677 1838 735 1898 alia
761 1849 802 1896 est
820 1834 889 1894 haec
914 1835 1116 1917 philosophia,
1134 1837 1211 1911 alia,
1231 1854 1296 1917 quae
1340 1882 1342 1907 ,

88 1939 174 2018 vulgo
192 1937 316 2013 dicitur;
339 1950 367 1996 et
393 1937 487 2017 placet
515 1936 635 2001 mirifice
663 1934 791 1995 studium
816 1932 894 1993 illud
923 1934 1130 2013 cognoscendi,
1149 1933 1229 2014 quod
1253 1955 1296 1997 ua·

88 2034 151 2095 turi
170 2033 284 2095 ridetur
301 2033 499 2116 philosophiae
518 2032 634 2114 'privum
653 2054 712 2093 esse
736 2046 763 2092 et
790 2032 956 2114 proprium,
976 2031 1027 2092 sed
1050 2031 1208 2113 displicent
1230 2034 1299 2093 ima·

89 2134 185 2214 gines‚
206 2130 363 2212 displicent
380 2131 499 2210 mystica
518 2132 587 2189 illa:
609 2145 677 2190 sunt
686 2177 695 2206 ‚
714 2129 816 2204 credo,
837 2150 973 2213 perquam
992 2128 1146 2204 sublimia,
1167 2128 1218 2189 sed
1234 2130 1303 2191 inu·
1340 2171 1342 2177 ι

89 2230 152 2290 tilia
181 2243 266 2302 sunt,
294 2244 324 2288 nt
352 2230 536 2308 mysticorum
564 2229 712 2288 hominum
740 2229 858 2288 somnia.
892 2267 923 2276 -
951 2227 988 2285 Et
1009 2228 1050 2287 sic
1079 2227 1198 2305 quidem
1219 2226 1306 2287 moln’

90 2327 306 2409 existimarunt,
328 2326 378 2405 qui
406 2325 486 2384 haud
509 2325 719 2406 distinguerent
744 2324 870 2386 Platonis
897 2324 1108 2406 philosophiam
1131 2347 1148 2384 a
1175 2324 1311 2406 philoso-

90 2425 159 2505 phia
177 2422 454 2503 Neoplatonicorum.
486 2425 595 2483 Horum
623 2425 728 2505 scripta
756 2423 910 2502 diligenter
929 2443 997 2481 sane
1015 2423 1149 2483 omnibus
1167 2437 1235 2483 sunt
1249 2437 1303 2483 tra·

91 2521 213 2595 manda,
241 2520 291 2599 qui
310 2541 423 2601 operam
442 2543 547 2582 narare
566 2522 692 2580 Platonis
713 2535 740 2580 et
767 2521 880 2601 scriptis
904 2534 932 2579 et
956 2520 1071 2601 placitis
1099 2521 1231 2602 cupiunt.
1273 2517 1316 2600 l)

91 2618 148 2677 Sed
167 2639 273 2677 summa
293 2619 360 2677 huic
379 2620 420 2677 rei
439 2620 593 2700 prudentia
609 2619 779 2686 ,adhibenda
797 2632 847 2676 est.
889 2619 960 2676 Nam
987 2618 1237 2679 accommodarunt
1257 2617 1300 2677 illi

90 2719 237 2777 Platonem
254 2716 291 2776 ad
315 2738 394 2776 suam
420 2717 565 2777 sentiendi
591 2717 791 2796 cogitandique
809 2716 965 2790 rationem,
986 2737 1041 2795 quo
1061 2715 1113 2791 fit,
1134 2730 1184 2791 ut,
1202 2717 1254 2794 qui
1267 2735 1301 2775 ex

91 2817 208 2876 illorum
227 2815 341 2895 scriptis
359 2812 535 2874 Platonicam
555 2815 665 2893 assequi
691 2814 904 2895 philosophiam
923 2812 1075 2888 studeant,
1096 2813 1252 2888 nebulam,
1273 2826 1302 2872 ut

92 2917 192 2992 ajunt,
214 2934 264 2993 pro
281 2911 396 2970 Junone
413 2911 630 2991 amplectantur.
672 2912 760 2970 Nobis
786 2925 879 2970 autem
907 2910 941 2969 id
960 2933 1049 2970 unum
1068 2927 1109 2972 est
1127 2913 1302 2993 propositum

93 3012 124 3068 in
143 3008 393 3088 disquisitionibus
412 3007 506 3081 hisce,
528 3023 560 3068 ut
584 3011 760 3069 Platonicam
784 3011 942 3087 rationem,
963 3009 1057 3088 quoad
1076 3011 1137 3088 ejus
1154 3009 1217 3068 lieri
1237 3030 1302 3092 pos-

92 3109 146 3181 sit,
167 3128 268 3186 puram
292 3108 486 3184 sinceramque
510 3094 665 3191 lbctoribus
687 3128 887 3188 proponamus.
929 3107 1013 3182 Quod
1042 3108 1130 3187 igitur
1147 3106 1303 3187 reprehen-

93 3204 168 3262 dunt
187 3204 304 3282 quidam
322 3205 544 3284 comparationes
567 3205 765 3287 philosophiae
791 3219 818 3264 et
840 3206 995 3285 imagines,
1015 3227 1084 3284 quas
1104 3225 1304 3264 commemora-

35 3370 39 3379 ι
94 3302 205 3375 vimus,
226 3302 359 3380 mysticae
377 3317 443 3361 sunt
462 3303 530 3361 illae
548 3304 627 3384 apud
646 3304 864 3384 Neoplatonicos
875 3349 883 3378 ,
905 3304 955 3362 sed
975 3303 1052 3383 apud
1072 3302 1219 3365 Platonem
1239 3314 1304 3362 sunt

91 3407 240 3475 poeticae,
268 3413 299 3457 ut
327 3400 387 3479 ipsa
413 3402 572 3480 antiquitus
601 3402 679 3483 apud
711 3401 833 3462 Graecos
860 3403 992 3480 mysteria
1019 3407 1132 3481 poeseos
1159 3399 1305 3459 habebant

94 3498 211 3575 gratiam
231 3510 258 3556 et
277 3495 489 3558 sublimitatem.
510 3547 514 3557 .
532 3501 590 3558 Nec
614 3521 682 3558 vero
706 3498 804 3574 Plato,
826 3514 857 3559 ut
881 3499 927 3559 illi
949 3499 1098 3572 fecerunt,
1119 3519 1162 3557 res
1188 3497 1305 3561 divinar

95 3607 122 3651 et
140 3594 278 3652 humanas
296 3609 398 3653 temere
418 3595 551 3655 confudit
570 3610 597 3654 et
614 3598 807 3656 commiscuit:
829 3619 885 3676 quo
904 3599 1010 3656 factum
1029 3611 1141 3677 postea,
1164 3609 1195 3655 ut
1215 3594 1305 3675 negli-

95 3705 227 3767 gerentur
246 3691 332 3772 plane
351 3693 501 3752 hnmanae.
543 3693 753 3775 Philosophiam
774 3696 815 3755 uti
841 3697 972 3768 vocarit,
994 3694 1032 3751 ita
1051 3694 1136 3752 etiam
1159 3692 1304 3764 excoluit,

127 3895 152 3962 1)
171 3899 262 3951 Phaed.
280 3899 320 3952 69.
341 3900 369 3952 C.

124 3981 151 4047 2)
170 3985 200 4034 V.
216 3985 298 4036 Proel.
315 3987 347 4037 ad
365 3986 448 4037 Alcib.
468 4003 492 4053 p.
513 3988 536 4038 5.
552 3986 576 4038 9.
594 3987 635 4038 61.
649 3988 734 4039 Creon.
753 3987 845 4056 Praep.
864 3989 897 4040 ad
919 3988 985 4040 Plot.
1005 3988 1037 4039 de
1055 3987 1135 4055 pulcr.
1155 3984 1230 4038 cvn.
1246 3984 1311 4039 cxl.

96 4071 259 4135 Wytteala.'ad
277 4070 373 4122 Phaed.
392 4090 417 4138 p.
437 4070 493 4122 134.
513 4089 567 4139 sqq.
603 4074 640 4123 De
657 4074 744 4125 Gelder
756 4074 788 4125 ad
807 4074 905 4126 Theon.
924 4075 1022 4140 Smyrn.
1040 4091 1065 4141 p.
1085 4070 1142 4123 123.

122 4152 148 4219 3)
163 4156 270 4206 Phaedr.
284 4155 342 4207 239.
357 4156 385 4207 Β.
1215 4210 1222 4217 ,

99 4258 107 4271 .
126 4237 152 4304 l)
170 4240 293 4292 Probavit
314 4241 365 4293 boe
385 4242 491 4311 egregie
513 4241 656 4295 Grenzerus
678 4244 704 4296 in
719 4261 807 4312 praep.
824 4254 850 4296 et
864 4252 950 4297 annot.
966 4244 998 4295 ad
1014 4244 1070 4295 libr.
1089 4243 1182 4295 Plotini
1197 4242 1233 4295 de
1249 4245 1317 4312 pul..

92 4327 163 4379 tit:
180 4326 259 4395 idque
274 4333 326 4378 turn
341 4328 448 4378 maxime
462 4328 575 4394 patebit,
591 4329 693 4397 quando
709 4331 819 4382 ediderit
832 4332 872 4382 vir
887 4346 997 4381 summus
1013 4330 1144 4381 historiam
1158 4328 1314 4382 Platonicae

93 4412 275 4479 philosophiae
288 4413 475 4476 recentiorem,
490 4413 561 4477 cujus
575 4414 650 4466 nobie
664 4432 735 4482 spem
750 4416 956 4468 scoternam.
970 4425 992 4467 et
1006 4414 1154 4467 molliat.
1163 4414 1212 4465 111.
1223 4414 1315 4468 Praei.
