2796 5048
661 190 721 249 att

79 356 128 419 rel
149 356 324 416 existimare.
336 351 529 426 Quamobrem
547 345 626 411 ἰδέαι
648 350 703 411 hoc
725 370 844 411 nomine
850 394 859 426 ,
877 372 893 408 ι
912 351 1050 415 sensibus
1059 355 1154 417 ducto
1164 374 1312 442 ,tanquan

72 459 198 533 formae
216 452 376 524 dicuntur,
396 462 424 510 et
443 451 546 511 Deus'
538 475 600 535 rpse
624 451 768 512 mundum
787 450 950 510 informans
967 452 1110 515 similiter
1126 455 1253 541 ποιητής
1269 484 1314 524 roo

79 546 195 631 κόσμον
216 572 248 611 ac
270 541 455 630 δημιουργός
476 551 650 632 appellatur.
676 550 704 633 1)
725 549 783 611 Sed
803 548 939 664 proprie,
960 553 1164 619 secundum
1155 580 1248 640 ipsam
1265 563 1318 623 Pla·

80 655 195 714 tonicae
216 651 417 733 philosophiae
446 649 606 727 rationem,
635 653 718 713 ideae
748 662 817 708 sunt
837 641 875 708 roi
899 639 994 723 ὄντως
1016 642 1102 715 ὄντα.
1138 658 1221 719 Deus
1236 674 1319 720 autem

80 745 188 833 νοητός
210 763 252 809 est
273 764 358 827 atque
379 746 475 807 ἕν
431 770 473 832 τῳ
497 740 560 806 ὄντι
580 697 618 809 ad
648 740 752 810 illa
732 771 827 824 οντως
848 741 920 811 ὄντα
942 772 1008 810 cum
1030 748 1235 836 παράδειγμα
1254 757 1321 818 illud

82 874 177 912 rerum
189 897 197 927 ,
218 870 291 930 quae
312 810 469 928 aliquandi)
492 851 606 908 futurae
628 865 735 924 essent,
757 854 892 933 concepit
907 850 953 937 τῷ
973 851 1032 937 νῷ,
1050 869 1119 915 tum
1140 857 1183 917 ad
1203 855 1321 937 ejusdem

83 948 306 1011 similitudinem
328 947 470 1008 mundum
489 940 599 1026 ὅρατον
620 947 800 1009 informavit.

121 1049 183 1106 Hoc
205 1047 294 1127 igitur
314 1043 399 1102 modo
420 1068 485 1106 cum
507 1049 673 1108 existimare
694 1068 746 1107 nos
766 1047 803 1107 de
820 1048 895 1109 ideis
914 1071 947 1110 ιο
967 1051 1004 1111 de
1023 1051 1136 1114 divina
1159 1050 1322 1111 naturado-

83 1159 145 1205 ceat
158 1142 342 1225 philosophia
374 1143 522 1222 Platonis,
553 1146 660 1227 quidni
681 1165 733 1203 nos
752 1142 873 1206 divinae
899 1162 1019 1209 naturae
1041 1171 1106 1209 nou
1128 1149 1229 1209 solum
1249 1150 1324 1209 attri-

83 1242 206 1301 buamus
225 1243 390 1315 veritatem,
411 1243 462 1303 sed
483 1225 545 1324 ipsa
570 1264 632 1303 eam
663 1243 785 1303 veritate
815 1259 946 1305 constare
965 1247 1129 1307 dicamus?
1154 1248 1237 1307 Haec
1257 1247 1324 1307 scili·

21 1404 24 1409 .
84 1353 197 1399 cetuna
208 1338 375 1397 dominatur
386 1339 418 1398 in
429 1340 508 1400 illis:
531 1361 598 1402 nam
609 1341 760 1402 veritatem
770 1341 843 1419 quid
854 1364 913 1403 esse
931 1343 1013 1404 aliud
1035 1357 1202 1425 putemus,
1220 1360 1326 1426 praeter

83 1436 181 1511 illud,
200 1435 280 1514 quod
301 1447 366 1511 est,
387 1458 447 1496 non
468 1439 501 1497 fit
519 1461 552 1498 ac
572 1439 710 1512 nascitur,
729 1460 790 1497 non
812 1439 871 1500 alio
889 1444 1016 1524 tempore
1036 1442 1128 1503 aliud
1149 1444 1203 1507 vel
1221 1457 1265 1504 est
1282 1442 1337 1516 vel,

85 1532 303 1608 videturesse,
324 1532 375 1592 sed
401 1532 479 1593 idem
508 1550 549 1595 est
570 1538 734 1617 perpetuo?
764 1535 799 1595 ld
828 1540 934 1599 autem'
944 1541 1039 1621 ipsum
1051 1586 1061 1617 ,
1081 1541 1171 1620 quod
1190 1543 1232 1602 ita
1249 1541 1325 1601 nubis

84 1650 100 1688 e
120 1629 238 1688 sublimi
250 1628 304 1688 hac
320 1629 505 1712 philosophia
516 1633 651 1692 sublimis
669 1633 861 1715 philosophus
877 1638 1104 1748 percipiendum
1114 1685 1126 1715 ,
1146 1654 1228 1699 certe
1246 1660 1325 1720 augu-

82 1726 208 1785 randum
228 1726 382 1807 praebuit,
402 1728 575 1790 admirabile
591 1745 652 1805 est,
674 1734 877 1813 utexprimere
896 1737 975 1795 omni
993 1757 1072 1798 aevo
1085 1739 1234 1799 mortales
1249 1759 1326 1798 cona·

82 1826 106 1884 ti
124 1826 193 1885 sint
216 1825 446 1893 Celebratissima
466 1843 508 1888 est
525 1830 695 1911 Aegyptiaci
713 1833 842 1913 templi
833 1834 1004 1914 inscriptio,
1024 1855 1041 1892 a
1059 1836 1230 1896 Plutarcho
1249 1834 1325 1894 nubis

82 1937 214 1985 servata:
241 1917 368 2003 'Eyoi'
343 1947 402 2003 sapt
428 1927 488 1986 πᾶν
508 1917 547 1987 τι)
575 1922 692 2008 γεγονὸς
711 1927 760 1987 καὶ
780 1923 814 1990 dv
840 1929 889 1990 aori
917 1925 1069 2010 ἐσόμενον
1096 1934 1154 1995 καὶ
1181 1930 1237 1997 τόν
1257 1927 1326 2012 ἔμοι

80 2016 198 2082 πέπλον
213 2019 310 2098 οὐδείς
330 2048 379 2087 πω
393 2023 510 2109 θνητος
531 2023 725 2105 ἄπεκοίλυψιι.
746 2029 778 2112 2)
799 2032 903 2106 Quid?
922 2034 1001 2113 quod
1021 2038 1135 2097 nostris
1158 2035 1325 2116 moslinguis

83 2117 118 2184 ro*
140 2117 189 2199 dv,
211 2148 267 2207 την
288 2123 407 2205 odorffiuv
435 2142 597 2192 veritatem
626 2140 841 2209 sempiternam
853 2176 861 2206 ‚
891 2133 951 2192 Deo
978 2116 1203 2212 adscribimus,
1233 2151 1261 2196 et
1277 2135 1324 2194 hac

83 2241 213 2287 constare
237 2252 401 2312 supremum
434 2251 544 2290 numen
578 2228 722 2303 dicimus,
755 2229 906 2289 essentiam
941 2253 1130 2313 supremam,
1165 2240 1252 2293 §tre
1278 2254 1324 2291 aa·

79 2330 186 2404 prema
197 2373 205 2401 ,
227 2350 342 2407 unoque
363 2331 482 2388 nomine
501 2349 733 2406 oppsrwezen
743 2374 752 2402 ‚
773 2329 886 2402 Deum,
906 2350 990 2407 quem
1010 2330 1139 2391 colimus
1149 2378 1160 2408 ,
1177 2330 1323 2413 appellan-

82 2438 134 2483 tes.
176 2425 261 2498 Quod
293 2427 361 2484 item
392 2427 428 2486 de
450 2425 542 2503 ideis,
575 2439 607 2484 ut
633 2426 734 2505 paullo
766 2441 833 2485 ante
855 2427 969 2502 monui,
1000 2449 1199 2509 usurpamus,
1221 2428 1324 2509 quoties

84 2516 157 2584 adusi
179 2515 213 2583 td
234 2514 328 2584 nativ
349 2526 458 2587 Graece
486 2522 537 2609 τῷ
560 2518 637 2584 ὄντι
661 2517 765 2597 καλόν,
798 2523 914 2605 Belgica
935 2529 1128 2605 weronlajk
1150 2530 1258 2588 acheon
1280 2547 1321 2585 vo·

81 2646 187 2686 camus.
210 2625 258 2685 Sic
275 2641 377 2710 sponte
397 2627 452 2708 ipsi
480 2626 578 2686 nostri
597 2626 651 2685 hac
683 2633 826 2684 veritatis
854 2623 972 2685 notione
1000 2626 1082 2702 quasi
1109 2638 1322 2705 repraesentare

81 2725 186 2783 animis
207 2727 312 2784 nostris
331 2739 359 2784 et
378 2726 470 2785 Deum
491 2738 519 2783 et
547 2746 591 2783 res
619 2723 824 2803 intelligibiles
852 2722 1065 2783 consuevimus.
1093 2725 1182 2798 Quae
1204 2743 1270 2781 eum
1287 2722 1320 2779 ita

83 2823 159 2896 siut,
177 2822 283 2900 quidni
304 2837 331 2882 et
352 2837 473 2882 naturae
493 2823 650 2882 convenire
672 2821 887 2902 philosophiam
906 2819 1108 2897 Platonicam,
1129 2836 1162 2881 et
1182 2822 1275 2881 Deum
1289 2838 1318 2877 ex

82 2918 171 2997 hujus
190 2920 345 3000 principiis
366 2919 567 3002 philosophiae
586 2928 685 2998 ipsius
706 2927 847 2978 ueritatis
873 2920 969 2978 ideole
988 2928 1126 2977 nostrum
1146 2921 1215 2981 sive
1232 2909 1320 2998 παρό-

85 3015 190 3095 trappa
220 3019 379 3080 dicendum
403 3018 630 3097 habendumque
651 3017 847 3077 arbitremur?
880 3015 1049 3097 Philosophi
1077 3031 1145 3098 post
1177 3020 1318 3080 Platonem

83 3118 163 3192 fere,
183 3131 297 3176 auctore
315 3118 440 3175 maxime
460 3116 631 3192 Aristotele,
651 3137 708 3195 quo
718 3117 808 3195 magis
824 3136 985 3174 caussarum
995 3131 1224 3193 assequerentur
1239 3119 1321 3178 scien·

83 3216 174 3290 tiam,
193 3216 317 3274 interius
335 3214 411 3273 hanc
432 3215 612 3294 principem,
628 3214 703 3273 hanc
723 3212 856 3274 divinam
876 3234 1022 3288 caussam,
1050 3215 1176 3292 ejusque
1196 3231 1319 3277 naturam

84 3312 222 3393 indagare
238 3313 300 3371 ausi
320 3325 406 3371 sunt:
437 3311 557 3392 peplum
580 3311 676 3384 illud,
707 3310 785 3389 quod
803 3312 835 3370 in
856 3311 976 3390 antiqua
1003 3312 1202 3392 inscriptione
1223 3333 1321 3372 memo-

84 3424 181 3486 ratur,
200 3411 333 3489 quamvis
362 3409 495 3469 mortales
524 3410 600 3490 ipsi,
628 3410 771 3468 detectum
793 3410 921 3469 iverunt.
964 3407 1053 3468 Unde
1072 3411 1247 3492 antelogioe
1265 3410 1320 3470 dis·

82 3509 193 3589 ciplina
221 3509 353 3582 exstitit,
383 3507 419 3566 ab
441 3507 596 3568 Aristotele
618 3511 679 3587 jam
699 3505 813 3587 prodita
832 3508 864 3567 in
884 3507 969 3566 libris
989 3507 1026 3567 de
1048 3507 1274 3590 metaphysica3
1293 3506 1320 3588 3)

85 3605 182 3664 verbis
201 3627 269 3664 vero
288 3606 341 3664 illa
361 3606 574 3685 verborumque
594 3604 818 3664 definitionibus
837 3607 943 3685 magis,
965 3625 1050 3683 quam
1070 3604 1160 3664 rebus
1182 3622 1319 3668 constans

84 3701 248 3760 Praestobat
269 3703 463 3781 ignorantiam
477 3705 510 3762 in
530 3703 577 3762 his
594 3717 720 3762 nostram
740 3702 893 3778 confiteri,
913 3703 961 3766 vel
981 3704 1072 3763 Deum
1096 3704 1273 3784 simpliciter
1288 3724 1318 3762 οι

84 3821 139 3858 usu
161 3796 329 3877 linguarum
348 3809 445 3877 ipsum
471 3808 632 3859 veritatem
659 3800 823 3881 appellare,
853 3802 917 3877 vel,
937 3803 961 3860 si
990 3802 1141 3861 Platonica
1164 3805 1321 3884 exprimere

83 3896 208 3976 imagine
239 3899 387 3956 notionem
418 3914 543 3958 nostram
574 3899 735 3958 naturalem
764 3899 932 3976 mallemus,
960 3898 1120 3959 secundum
1141 3901 1275 3979 ejusdem
1289 3899 1320 3958 dc

83 3994 158 4054 ideis
183 3993 346 4055 doctrinam
365 3997 405 4055 sic
434 3997 646 4076 pronunciare:
680 4020 740 4058 ease
760 3998 862 4058 Deum
889 4000 1068 4058 mortalibus
1085 4005 1191 4076 ipsius
1211 4008 1320 4060 veritu-

117 4203 149 4269 ι)
172 4207 274 4258 rimam.
291 4206 333 4258 28.
353 4204 381 4258 c.

118 4290 150 4355 2)
169 4291 235 4344 Ptut.
255 4294 285 4343 de
299 4293 332 4343 ls.
353 4303 376 4343 et
390 4293 455 4343 Osir.
472 4289 530 4343 354.
552 4292 580 4344 C.

120 4373 151 4439 3)
169 4376 247 4427 libro
268 4381 358 4445 quinto
380 4378 529 4444 praecipue.
