2796 5048
772 120 791 159 τ’,

659 222 718 282 576

83 398 156 460 quae
176 379 212 442 de
237 383 360 457 musica,
384 382 420 441 de
439 388 516 464 poesi
528 432 537 459 ,
558 392 723 469 praesertim
746 388 783 450 de
805 410 898 449 amore
919 404 947 450 et
965 390 1077 474 duplici
1099 394 1225 474 quidem
1247 398 1317 473 illo,

83 475 209 566 οὐρανίῳ
237 501 264 545 et
291 476 452 567 πᾳνδήμῳ,
473 488 545 546 mira
568 487 709 568 elegantia
732 489 846 570 scripsit
873 489 972 564 Plato,
1001 513 1061 551 non
1080 508 1228 575 ceperunt
1248 496 1318 571 haec

82 581 213 643 homines
223 630 232 657 ,
252 585 443 644 recentiorum
461 585 663 665 systematibus
680 584 809 660 addicti,
831 602 905 647 certe
932 592 1076 669 systemati
1095 592 1168 652 haec
1189 616 1244 654 suo
1261 617 1321 656 non

81 696 238 762 potuerunt
266 684 486 744 accommodare.
528 685 719 760 Quamobrem
742 685 790 746 vel
814 685 931 763 silentio
954 692 1219 768 praetermiserunt
1249 694 1318 768 illa,

83 780 149 855 vel,
171 802 235 840 cum
263 781 294 841 id
319 805 377 841 non
395 783 508 858 liceret,
530 784 732 865 intempestive
747 783 843 844 alieno
863 784 924 844 loco
944 787 1196 867 interposuerunt.
1243 792 1320 866 Quid

82 878 178 941 dicam
207 881 243 941 de
273 882 377 941 artium
407 883 536 941 omnium
566 880 749 942 laudatarum
775 904 807 941 ac
835 881 1057 964 disciplinarum
1082 888 1321 964 instauratione,

84 982 166 1059 cujus
193 994 292 1040 auctor
319 979 399 1040 Plato
422 981 497 1040 fuit:
519 980 556 1041 de
582 1003 659 1042 novo
684 981 807 1040 musicae
833 1002 865 1040 ac
889 988 1022 1062 poeseos,
1043 984 1081 1045 de
1105 1008 1189 1047 novo
1218 1009 1323 1068 geome-

82 1079 154 1141 triae
183 1101 215 1139 ac
246 1077 434 1153 dialecticae,
460 1077 497 1139 de
527 1101 604 1139 novo
633 1079 830 1159 eloquentiae,
859 1081 915 1140 imo
944 1102 1012 1142 vero
1038 1082 1176 1146 denoto
1198 1087 1321 1167 quodam

81 1190 110 1237 et
129 1177 297 1238 sublimiore
318 1178 446 1254 ethicae,
466 1178 621 1261 politicae,
642 1176 717 1247 adde
736 1191 764 1237 et
782 1176 941 1259 theologiae
960 1176 1079 1262 gener'e,
1101 1183 1190 1263 quod
1211 1188 1321 1268 scriptis

79 1275 212 1359 prodidit
241 1298 273 1335 ac
299 1277 461 1339 celebravit
479 1277 562 1338 suis?
603 1276 639 1336 Id
658 1297 761 1351 omne,
782 1276 867 1355 quale
894 1279 949 1354 sit,
971 1300 1008 1339 ne
1036 1283 1184 1361 suspicari
1209 1284 1321 1364 quidem

79 1388 216 1465 possunt,
247 1390 391 1456 quotquot
415 1398 475 1443 non
502 1388 577 1436 totos
601 1395 660 1434 sese
685 1389 713 1433 et
733 1377 849 1455 penitus
874 1377 907 1437 in
926 1391 1043 1436 aetatem
1064 1379 1204 1441 Platonis
1225 1383 1322 1464 ipsius·

80 1495 136 1554 que
157 1475 262 1555 scripta
291 1476 524 1536 insinuaverunt.
567 1473 641 1534 Sunt
670 1486 764 1532 autem
793 1471 864 1533 haec
882 1474 967 1535 nobis
985 1474 1208 1558 perdiligenter
1232 1495 1324 1541 atten-

79 1570 192 1647 denda,
214 1572 357 1651 siquidem
385 1588 413 1633 et
441 1574 626 1654 interpretari
646 1571 860 1654 philosophiam
880 1573 1022 1649 Platonis,
1042 1588 1070 1634 et
1090 1575 1244 1637 ambitum
1265 1582 1321 1658 ejus

78 1691 193 1730 omnem
213 1685 309 1730 mente
326 1671 501 1752 complecti,
522 1685 550 1731 et
575 1692 644 1732 vero
664 1669 802 1752 proficere
822 1669 893 1731 inde
911 1670 949 1730 ad
967 1685 1134 1754 temporum
1157 1690 1321 1737 nostrorum

80 1790 163 1829 usum
184 1770 316 1830 velimus.
358 1771 430 1829 Nam
449 1770 612 1831 desiderare
631 1770 701 1828 haec
728 1782 805 1829 aetas
825 1771 1076 1832 commutationem
1095 1773 1319 1857 philosophiae,

77 1868 151 1947 quin
178 1868 265 1926 etiam
292 1869 507 1929 renovationem
537 1868 683 1948 quandam
711 1865 846 1942 videtur,
878 1882 910 1927 ut
935 1891 988 1928 nec
1018 1875 1317 1934 transscendentolir

77 1967 133 2042 sit,
155 1987 263 2047 nosque
281 1990 300 2025 ο
317 1975 417 2044 paeon
437 1968 603 2027 ratiocinari
622 1988 654 2027 ac
671 1979 794 2027 statuere
810 1986 974 2049 pergamus,
997 1989 1049 2027 nec
1069 1990 1143 2029 vero
1166 1973 1224 2047 sit,
1245 1973 1316 2054 quod

77 2063 188 2126 dicitur
198 2112 207 2141 ,
221 2074 381 2144 empirica,
399 2067 515 2146 solaque
534 2066 717 2124 contineatur
742 2065 942 2127 observatione
963 2087 1058 2127 rerum
1086 2070 1232 2146 externa;
1250 2071 1311 2144 sed,

76 2164 200 2225 mediam
222 2178 326 2225 tenens
351 2164 529 2244 eandemque
548 2164 654 2243 regiam
674 2163 769 2239 viam,
784 2162 831 2229 aie
849 2164 999 2245 procedat,
1020 2178 1052 2224 ut
1070 2166 1199 2276 physici
1217 2168 1307 2228 hodie·

74 2285 131 2343 que
160 2263 272 2339 solent,
302 2265 352 2343 qui
381 2285 400 2320 a
423 2269 588 2341 potamon·
614 2263 789 2345 exquirunt,
816 2261 890 2341 quid
916 2286 935 2320 c
960 2270 1061 2339 priori
1085 2265 1154 2327 sive
1178 2268 1257 2328 intus
1284 2267 1315 2324 in

75 2383 171 2423 rerum
185 2376 290 2421 natura
306 2361 410 2438 lateat,
431 2361 503 2420 hinc
524 2374 618 2440 autem
633 2344 804 2455 explicare⁰
801 2374 921 2421 naturae
939 2360 1141 2443 phaenomena
1161 2380 1312 2426 conantur

73 2459 162 2534 Quod
189 2407 429 2540 quemadmodum
459 2457 708 2519 instituendum
700 2480 734 2517 m
759 2459 889 2519 animum
915 2458 1074 2520 humanum
1105 2484 1138 2522 ac
1174 2464 1313 2525 mundum

75 2538 293 2640 intelligibilem
313 2571 341 2618 et
360 2559 495 2619 moralem
515 2559 569 2632 sit,
599 2554 726 2635 quidque
751 2555 821 2617 iude
839 2557 876 2618 ad
897 2557 1025 2618 indolem
1049 2557 1184 2621 hominis
1208 2584 1243 2621 ac
1266 2584 1313 2620 na·

74 2658 183 2717 turales
208 2657 358 2717 facultates
384 2671 412 2716 et
440 2656 652 2738 cognoscendas
675 2671 703 2717 et
729 2655 938 2738 perficiendas,
958 2671 1020 2716 tum
1045 2659 1132 2717 etiam
1150 2659 1193 2719 ad
1210 2662 1313 2743 ipsum,

73 2776 161 2836 quem
192 2753 276 2831 dixi,
307 2755 449 2815 mundum
477 2756 693 2837 intelligibilem
722 2769 750 2815 et
768 2756 915 2815 moralem
943 2756 1178 2838 explicandum,
1203 2779 1313 2840 sperare

76 2869 161 2934 atque
178 2869 340 2936 exspectare
365 2855 469 2931 liceat,
491 2876 505 2914 e
529 2856 676 2931 Platonis,
697 2854 729 2916 ni
750 2854 857 2931 fallor,
878 2854 1106 2937 philosophandi
1125 2860 1267 2935 ratione,
1287 2870 1313 2916 ut

76 2954 206 3036 exposita
234 2976 250 3012 a
276 2953 361 3014 nobis
380 2967 442 3029 est,
471 2951 597 3013 efficitur
625 2954 721 3014 facile.
762 2954 834 3012 Nam
861 2948 1115 3034 quod'antiquam
1142 2941 1235 3017 illam
1254 2957 1312 3039 phi·

76 3051 235 3133 losophiam
265 3050 515 3128 commendamus,
536 3074 595 3113 non
623 3053 663 3112 ita
690 3050 909 3133 accipiendum,
939 3053 1020 3131 quasi
1048 3055 1216 3134 retrogradi
1247 3056 1313 3116 veli·

77 3172 154 3226 mus,
190 3151 355 3230 missisque,
390 3173 463 3231 quae
496 3150 603 3210 adsunt
632 3151 736 3227 nobis,
773 3150 920 3210 veteribus
953 3150 1126 3227 defuerunt,
1161 3151 1313 3213 doctrinae

76 3251 290 3334 sapientiaeque
320 3247 525 3326 adminiculis,
555 3250 610 3310 iter
641 3264 770 3310 nostrum
799 3248 921 3324 iisdem,
954 3249 1060 3328 quibus
1094 3264 1231 3327 veteres,
1263 3267 1313 3312 ter·

79 3350 167 3411 minis
196 3346 320 3409 definire
345 3347 506 3427 jubeamus.
548 3348 658 3407 Vetant
684 3348 737 3407 hoc
766 3361 795 3407 et
824 3347 881 3406 alia
907 3347 1066 3428 permulta,
1088 3362 1117 3407 et
1145 3370 1221 3410 vero
1240 3352 1315 3408 reli-

74 3457 195 3533 gionis,
224 3468 298 3528 quae
325 3461 388 3529 post
414 3446 531 3506 illorum
558 3461 686 3529 tempora
708 3447 837 3522 exstitit,
867 3467 933 3505 cum
962 3445 1096 3522 ubertas,
1127 3461 1192 3507 tum
1214 3449 1255 3509 ad
1276 3472 1315 3510 sa·

78 3549 206 3631 pientiae
224 3549 301 3607 viam
321 3560 396 3606 recte
417 3545 573 3605 terrendam
592 3544 755 3606 efficacitas.
796 3544 853 3605 Sed
877 3546 916 3604 sic
941 3545 1029 3611 velim
1056 3566 1092 3605 ex
1115 3548 1242 3627 antiqua
1264 3549 1314 3609 illa

77 3645 261 3731 philosophia
285 3644 485 3727 proficiamus,
507 3657 557 3720 ut,
577 3643 649 3722 quid
673 3645 711 3704 sit
732 3642 934 3725 philosophia,
955 3666 1011 3723 qua
1029 3646 1066 3705 sit
1084 3645 1132 3706 via
1151 3659 1184 3704 et
1202 3649 1313 3707 ratione

76 3745 246 3820 mactanda,
275 3765 332 3824 quo
363 3743 486 3803 maxime
519 3744 556 3802 sit
592 3743 715 3802 consilio
744 3742 943 3823 propositoque
972 3742 1150 3817 excolenda,
1189 3758 1256 3804 tum
1282 3748 1310 3803 in

77 3846 198 3928 primis,
218 3842 457 3924 quemadmodum
485 3841 524 3901 ad
552 3855 626 3902 artes
653 3841 855 3919 doctrinasque
882 3861 978 3900 omnes
1006 3841 1212 3923 provehendas
1232 3844 1311 3904 adhi-

77 3945 176 4006 benda
205 3944 262 4020 sit,
291 3943 443 4003 discamus.
484 3943 546 4002 Hoc
571 3939 649 4000 illud
678 3953 738 4015 est,
765 3938 843 4018 quod
870 3939 906 3998 ab
934 3941 1019 4000 initio
1048 3941 1172 4021 scripsi,
1205 3959 1236 4003 et
1263 3943 1311 4002 hle

78 4041 244 4104 iterandum
280 4040 400 4101 censeo:
437 4042 560 4119 prodire
589 4063 603 4098 a
629 4041 743 4098 scholae
778 4047 931 4120 angustiis
967 4060 1001 4096 ac
1035 4047 1143 4120 generi
1180 4044 1314 4102 humano

76 4145 212 4221 prodacta
228 4142 414 4223 philosophie
432 4139 538 4209 debet,
558 4139 628 4212 sed,
649 4137 703 4197 hoc
723 4151 754 4195 ut
774 4137 843 4211 fiat,
863 4139 1096 4216 philosophos
1116 4156 1237 4221 oportet
1255 4151 1315 4202 rite

78 4262 140 4302 em
158 4249 192 4300 iar
212 4241 312 4301 whole
331 4240 485 4314 eruditor,
508 4237 645 4296 Socratis
662 4245 792 4294 maxime
807 4246 836 4293 et
856 4237 996 4296 Platonis
1015 4245 1229 4300 attentatione.
