2774 5048
671 240 731 301 208

89 405 269 485 mostheneae
292 404 428 464 orationis
453 402 597 483 persuasio
616 403 702 465 etad
722 402 956 464 commovendam
974 403 1129 466 Graeciam
1148 403 1285 469 efficacitas

89 502 147 565 Sed
173 503 297 564 scribere
325 503 361 565 de
389 500 572 580 eloquentia,
604 513 635 560 ut
661 501 761 561 Cicero
789 501 858 560 fecit
881 501 915 561 in
942 501 1027 563 libris
1056 505 1092 563 da
1110 506 1286 581 orotsrs,in

89 613 224 678 oratore,
260 604 292 661 in
319 602 437 675 Bruto,
464 613 600 658 enatura
624 599 825 681 philosophiae
849 598 954 660 ducere
978 601 1175 682 eloquentiam
1193 602 1285 665 ethius

88 702 243 760 informare
253 699 405 760 scribendo
414 699 572 780 perfectum
581 697 771 778 omnibusque
781 699 910 758 numeris
919 697 1083 761 ahsolutum
1091 702 1285 763 oratoremtlroo
1311 708 1314 713 ’

89 799 222 858 Ciceroni
248 797 389 879 agendum
420 796 540 875 reliquit
566 797 791 871 Demosthenes,
822 798 882 879 ipse
906 820 965 858 non
985 800 1064 860 feeit.
1088 798 1119 880 l)
1159 800 1287 861 Proleoesit

89 896 138 955 hic
166 918 181 955 e
208 895 351 955 Socratica
377 894 535 975 disciplina
562 906 590 953 et
608 893 732 953 lectione
750 894 879 956 Platonis
891 897 1019 958 'multum
1036 897 1075 958 ad
1092 896 1286 960 commovendo

90 1017 150 1055 uon
169 995 275 1069 solum,
295 993 439 1053 sedetiam
449 992 644 1052 emendandos
661 993 739 1054 cives
749 995 976 1075 optimatumque
986 1016 1083 1055 rerum
1091 996 1190 1059 studio
1198 995 1285 1057 iulio

88 1092 226 1167 mandos,
254 1092 309 1151 hoc
333 1114 392 1153 non
412 1092 535 1173 profecit
552 1091 642 1167 inde,
672 1091 750 1171 quod
769 1094 869 1153 Cicero
887 1108 1032 1158 assecutus
1051 1109 1112 1170 est,
1141 1110 1173 1157 ut
1191 1094 1284 1175 ingrad

88 1190 295 1271 rempublicam
321 1190 493 1271 perfectam,
523 1190 584 1251 sive
607 1189 701 1249 fictam
723 1211 739 1248 a
760 1190 878 1251 Platone
893 1193 1013 1254 civibus
1031 1194 1092 1253 suis
1111 1212 1231 1275 suaeque
1243 1190 1285 1251 rsi-

86 1288 221 1370 publicae
243 1287 477 1348 accommodaret.
518 1286 599 1347 Illud
617 1297 749 1348 motoris
769 1302 827 1348 est:
854 1303 883 1350 et
901 1290 1006 1351 habuit
1022 1291 1227 1353 Demosthenes
1240 1302 1284 1351 tte·
1312 1302 1315 1359 ξ

86 1402 144 1448 tam
163 1370 200 1446 ad
218 1387 359 1446 forensem
378 1387 571 1467 eloquentiam
590 1386 739 1462 indolem,
770 1401 906 1466 quantam
924 1403 1084 1465 oratorum,
1114 1390 1167 1470 qui
1185 1404 1285 1469 unque!
1312 1376 1315 1411 ³

86 1485 223 1559 fuerunt,
252 1483 337 1544 tacite
364 1506 464 1544 nemo:
494 1485 548 1545 hoe
569 1505 637 1546 vero
657 1482 699 1544 est
716 1487 892 1561 philosophi.
934 1488 1061 1547 Tantum
1080 1501 1177 1549 autem
1195 1485 1307 1557 otus„

85 1597 119 1642 ut
141 1582 195 1642 hoc
223 1580 352 1642 studium
377 1582 577 1665 philosophiae
603 1583 703 1643 Cicero
722 1583 854 1663 legendis
871 1584 1089 1665 scribendisque
1109 1586 1195 1647 libris
1212 1584 1284 1668 psitt-

85 1681 178 1760 tisque
196 1679 375 1739 sermonibus
392 1680 535 1762 expleret,
555 1693 601 1755 ut,
622 1702 708 1761 quam
726 1681 851 1762 primum
871 1681 925 1742 hoc
947 1684 1003 1764 ipsi
1021 1683 1098 1744 boni
1111 1706 1184 1745 cum
1199 1683 1287 1745 sitit!

85 1774 176 1859 gratia
203 1777 322 1853 liceret,
351 1779 384 1839 in
408 1779 522 1853 forum,
552 1792 628 1839 certe
655 1779 692 1839 ad
716 1778 866 1854 tribunal,
897 1781 1069 1861 produxerit
1084 1781 1282 1866 philosophia

84 1879 155 1936 Nam
182 1877 347 1957 priusquam
373 1877 425 1937 hos
453 1878 603 1959 scripserat
626 1876 735 1951 libros,
766 1898 832 1937 cum
856 1876 971 1938 floreret
994 1879 1113 1960 ingenio
1136 1881 1284 1971 magimeot

83 1989 183 2057 pectus
210 1974 328 2035 haberet
353 1977 481 2036 Platonis
508 1977 663 2051 refertum,
694 1974 771 2037 dixit
799 1975 837 2037 ad
861 1977 977 2055 judices
1000 1997 1054 2059 pro
1074 1972 1282 2060 tmtn'potue

83 2096 139 2154 qua
166 2075 293 2136 oratione
322 2089 355 2134 ut
373 2075 451 2135 nihil
471 2095 597 2163 unquam
618 2075 732 2157 peperit
751 2075 873 2135 lorensis
891 2075 1055 2155 eloquentia
1072 2052 1219 2151 lirhatius,
1242 2072 1287 2137 eles

83 2174 213 2253 gentius,
243 2175 335 2255 ipsam
362 2174 554 2243 urban'itaem
580 2175 704 2233 Atticam
731 2175 844 2255 spirans
871 2174 978 2254 magis,
1009 2175 1048 2234 ita
1072 2174 1190 2235 nullum
1212 2180 1283 2233 exsul

83 2271 229 2331 Ciceronis
255 2272 411 2352 scriptum,
440 2293 496 2351 quo
521 2285 549 2331 et
573 2272 737 2354 prodiderit
760 2274 850 2352 magis
870 2272 1000 2332 indolem
1017 2293 1100 2332 suam
1118 2271 1158 2334 ad
1176 2271 1283 2356 philott-

82 2368 199 2449 phiam,
228 2382 257 2427 et
275 2368 474 2450 philosophiae
494 2357 659 2430 Platonicae
678 2371 756 2446 vim,
788 2369 965 2446 ubertatem,
979 2369 1051 2431 'cum
1070 2372 1151 2431 omni
1168 2366 1282 2431 hmini·

81 2480 139 2526 tate
168 2467 421 2545 conjunctionem,
450 2469 622 2550 expresserit
653 2469 779 2550 plenius.
821 2469 953 2548 Legimus
975 2490 1028 2529 nos
1051 2468 1128 2530 hanc
1147 2470 1281 2529 oratione!

81 2587 97 2624 a
117 2580 216 2627 tenera
233 2579 323 2625 aetate
343 2579 371 2624 et
390 2565 562 2627 edidicimus
577 2568 684 2642 ferme,
706 2568 789 2627 etsie
807 2581 875 2626 sunt
893 2568 1071 2642 sententiae,
1092 2567 1199 2648 quibus
1212 2565 1299 2626 abur.

80 2663 148 2740 dat,
177 2663 380 2746 pervulgatae,
412 2679 445 2724 ut
467 2666 520 2727 vix
540 2687 586 2725 eas
602 2666 741 2733 soleamus
761 2665 918 2726 attendere.
960 2665 1070 2740 Quodsi
1088 2666 1154 2745 quis
1172 2678 1280 2725 recente

81 2763 226 2839 Platonis,
257 2785 273 2822 a
298 2761 422 2822 Phaedri
445 2766 598 2846 praecipue
624 2765 731 2846 dialogi
758 2765 903 2838 lectione,
923 2763 1019 2824 subito
1038 2765 1070 2824 in
1090 2763 1173 2851 illam
1192 2757 1279 2823 incide

79 2863 137 2937 rit,
167 2861 324 2943 legeritque
353 2881 432 2936 eam,
464 2883 524 2923 non
550 2876 582 2922 ut
600 2864 696 2923 tritam
715 2861 823 2944 puerili
842 2862 1026 2922 institutione
1046 2861 1280 2931 declamationem,
1312 2940 1315 2963 Ι

79 2960 130 3020 sed
149 2974 180 3018 ut
199 2968 380 3035 orationem,
411 2974 443 3020 ut
462 2981 524 3020 cam
544 2962 690 3021 Ciceronis
709 2961 885 3034 orationem,
915 2981 971 3039 qua
988 2961 1116 3041 primum
1132 2959 1203 3036 ille,
1226 2970 1283 3043 quat
1313 2970 1315 2987 ¹

79 3057 190 3117 tamdiu
209 3059 392 3117 continuerat
408 3059 504 3119 animo
519 3060 728 3139 aegerrimeque
742 3072 958 3141 compresserat,
975 3058 1094 3140 publice
1113 3056 1283 3141 profundae

78 3156 195 3216 tandem
205 3201 214 3231 ,
235 3157 321 3218 mirer
340 3156 491 3235 equidem,
512 3159 536 3218 si
556 3159 581 3216 is
599 3158 761 3218 Phaedrum
778 3178 836 3217 non
854 3158 1004 3237 agnoverit
1023 3157 1185 3218 identidem
1195 3158 1225 3217 in
1232 3174 1283 3215 sco·

78 3255 177 3314 tentiis
193 3274 259 3313 cum
272 3253 308 3313 de
318 3256 721 3333 divinopoa'torumfurore,
742 3271 803 3316 tum
814 3255 850 3315 de
862 3257 1002 3314 doctrina
1020 3269 1049 3315 et
1067 3266 1199 3333 natura,
1217 3242 1286 3315 illd
1306 3326 1311 3343 Ι

78 3353 139 3412 sine
157 3353 212 3413 hac
232 3352 328 3414 valere
347 3374 466 3434 parum:
489 3352 521 3434 2)
539 3354 645 3434 quibus
666 3370 742 3416 reete
760 3368 963 3435 comparantur
982 3354 1070 3435 vulgo
1089 3355 1255 3416 Horatiana:

234 3449 385 3511 Doctrina
406 3455 457 3511 sed
477 3461 537 3512 vim
555 3464 704 3532 promovet
724 3461 858 3513 insitam.
880 3449 912 3532 3)

77 3545 106 3592 et
244 3586 248 3594 ,
1201 3586 1204 3593 .

232 3613 357 3673 Natural
377 3617 468 3692 ficret
489 3618 638 3676 laudabile
658 3638 779 3676 carmen
791 3662 799 3691 ,
820 3639 861 3674 ott
881 3624 968 3690 orte,
1204 3604 1230 3669 ‘l'
1269 3638 1276 3645 ·

215 3711 410 3793 ¹Quaesitum
431 3724 494 3773 est:
515 3738 565 3796 ego
585 3738 639 3774 nec
659 3716 794 3774 studium
815 3722 880 3774 sine
900 3714 993 3772 divite
1013 3734 1107 3797 oeno,

231 3808 292 3869 Nec
313 3814 388 3872 rode
408 3812 481 3891 qaid
493 3822 594 3892 prosit
613 3816 694 3874 video
714 3820 879 3895 ingenium.
902 3808 934 3891 q)

108 3998 134 4065 1)
152 3998 217 4051 Plut.
235 3997 316 4067 cnop.
335 4000 404 4050 Dem.
424 4009 449 4051 et
465 3999 516 4051 cic.
535 4017 557 4052 c.
576 3999 599 4051 t.
634 3982 836 4070 Δημοσθένης
861 3983 919 4066 μὲν
939 3985 979 4060 εἰς
999 3979 1037 4046 sd
1058 3975 1210 4068 ῥητοραδν
1226 3962 1311 4083 M:

73 4112 144 4152 τεινε
165 4089 224 4150 πᾶν
245 4082 316 4151 ὅσον
337 4083 416 4170 εἶχεν
438 4088 470 4150 ἐκ
493 4084 610 4171 φύσεως
630 4085 652 4172 ἢ
674 4084 823 4173 ἀσκήσεως
844 4082 943 4171 λόγιον
968 4134 1003 4144 -
1033 4076 1175 4171 Κικέρων
1190 4078 1222 4147 δὲ
1235 4086 1300 4139 W

73 4185 253 4273 πολυμαθής
273 4215 298 4253 κ.
320 4215 346 4253 τ.
368 4195 394 4253 λ.

106 4295 132 4360 2)
152 4296 205 4348 Cic.
220 4313 268 4364 pro
285 4296 382 4346 Archia
400 4312 422 4346 c.
440 4294 464 4344 8.
484 4294 517 4346 Cl
541 4294 647 4347 Pboedr.
665 4292 723 4346 354.
742 4294 770 4346 C.

106 4380 132 4447 3)
150 4380 232 4433 Corm.
251 4380 291 4432 lV.
309 4383 333 4432 l.
351 4378 393 4432 33.

106 4464 131 4531 t)
150 4468 196 4536 tq».
212 4468 249 4533 ad
265 4467 347 4517 Piros.
365 4480 404 4516 vs.
422 4463 493 4515 408³
