2796 5048
646 209 705 270 345

97 374 196 439 Nolim
212 374 250 435 ad
268 373 323 433 hoc
344 372 472 432 Platonis
486 370 633 448 judicium
652 383 810 446 sectarum,
830 392 903 451 quae
923 383 988 451 post
1007 392 1073 430 eum
1100 372 1293 445 exstiterunt,

55 475 206 557 ipsiusque
226 473 374 534 Ciceronis
391 470 428 530 de
445 491 554 530 summo
577 469 654 528 bono
680 468 788 549 placita
817 469 1033 557 qnaeqendiquo
1060 470 1097 530 de
1122 470 1178 529 hoc
1206 490 1294 549 argu-

55 587 157 633 mento
175 573 317 631 rationem
338 570 470 649 exigere:
485 584 664 653 „quamquam
682 586 727 625 me
748 568 838 627 fateor
865 569 898 628 in
925 566 1186 649 disceptationibus
1214 562 1300 645 illis,

55 692 131 751 quas
159 668 283 750 protulit
311 669 432 743 Cicero,
468 665 596 726 Platonis
623 659 772 746 ἀκρίβειαν
802 668 919 747 verique
947 666 1075 726 studium
1104 681 1133 727 et
1161 664 1293 739 ardorem

55 767 234 829 desiderare.
276 767 476 826 Veruntamen
493 766 626 843 quamvis
643 765 774 825 idearum
792 765 954 825 doctrinam
975 764 1155 844 negligerent
1174 762 1242 838 illi,
1257 762 1293 823 id

45 880 156 929 ¹tumen
176 857 363 946 spectarunt,
384 862 462 943 quod
482 864 654 924 conveniret
669 883 735 922 cum
762 864 836 941 illa,
864 864 1025 947 perfectum
1056 882 1212 938 verumque
1240 860 1291 920 bo·

56 984 149 1039 num,
170 961 221 1039 id,
242 961 319 1042 quod
330 1007 341 1038 ,
362 976 394 1021 ut
414 961 513 1022 Cicero
533 963 574 1020 ait
585 1007 594 1036 ,
620 973 787 1022 extremum
808 973 838 1021 et
855 954 1011 1029 ¹'nlts'mum
1036 969 1112 1021 esset
1139 962 1291 1019 bonosum.

61 1050 137 1123 Tati
165 1059 198 1120 id
226 1081 285 1120 csse
311 1059 435 1134 dehere,
486 1057 646 1119 secundum
668 1063 804 1123 ,omnium
837 1061 1076 1157 philospphorum
1103 1061 1291 1132 sententiam,

55 1157 249 1235 idemtslicit,
269 1168 307 1217 ut
323 1159 364 1217 ud
380 1158 415 1215 id
433 1165 533 1216 omnio
553 1161 671 1232 referri
688 1169 951 1239 oporteat,ipsum
967 1169 1069 1218 autom
1078 1140 1238 1237 Wlfflin.
1263 1154 1294 1237 1)
1331 1222 1334 1227 ¹

56 1259 98 1321 Et
116 1276 186 1318 vero
201 1255 279 1314 Zeno
297 1255 339 1314 sic
357 1253 511 1336 descripsit
530 1257 637 1318 bonum
655 1257 735 1319 illud
754 1281 921 1334 summum,
952 1258 992 1317 sic
1013 1272 1089 1317 certe
1108 1240 1208 1316 ci'c‘ho
1227 1274 1294 1331 enm
1332 1236 1349 1285 ᾖ·

56 1356 182 1418 induxit
198 1353 428 1429 describentem,
451 1367 482 1412 ut
499 1355 638 1434 cogitasse
658 1358 787 1418 Platonis
805 1357 907 1432 ideam}
919 1369 1005 1436 atquc
1031 1356 1204 1436 expressisse
1230 1353 1295 1413 Pla··
1320 1396 1333 1409 .

56 1458 189 1517 tunicum
207 1447 354 1534 εἰλικρινὲς
373 1450 422 1512 καὶ
448 1449 601 1530 μονοειδὲς
631 1455 776 1517 videatur.
818 1454 865 1514 Sic
896 1457 975 1514 enim
1002 1455 1120 1513 Cicero:
1152 1451 1234 1511 Zeno
1261 1453 1295 1510 id

55 1555 422 1633 appellabothonestum,
443 1557 612 1634 prodesset
629 1556 755 1631 simplus
786 1555 932 1632 quoddam
959 1563 989 1612 at
1018 1554 1113 1612 solum
1141 1561 1171 1609 st
1199 1572 1294 1609 unum

56 1652 176 1711 donum
196 1649 229 1730 2)
259 1652 428 1734 Philosophi
445 1654 558 1713 scilicet
577 1654 672 1713 omnis
690 1652 828 1732 deinceps
847 1652 967 1727 aetatis,
987 1651 1058 1711 licet
1076 1638 1295 1709 sublimia-halec

56 1749 190 1811 Platonis
205 1748 333 1831 placita,
353 1752 414 1812 sive
433 1751 629 1833 improbantes
648 1770 681 1809 ea
691 1794 700 1825 ,
722 1750 786 1823 sive
802 1749 1001 1835 negligentes,
1032 1734 1097 1811 dire
1107 1738 1181 1807 '‘non
1208 1740 1303 1841 incolt,

56 1847 183 1928 ligentes
210 1849 296 1922 satis,
326 1869 387 1908 non
415 1848 607 1909 adsciscerent
627 1847 881 1929 philosophando,
910 1845 1105 1906 nihilominus
1132 1840 1295 1929 exprimere

57 1945 208 2005 Plutonem
228 1945 425 2026 qualicunque
443 1948 556 2007 ratione
576 1948 673 2007 conati
692 1959 770 2006 sunt.
810 1945 931 2004 Bonum
949 1944 1090 2003 dixerunt
1109 1944 1169 2001 sere
1179 1988 1188 2018 ,
1205 1926 1295 2023 plane

60 2057 95 2102 nt
122 2043 224 2119 Plato,
255 2046 351 2103 rerism
376 2046 509 2104 omnium
540 2047 714 2127 optimarum
742 2045 852 2103 fontem
882 2043 1019 2102 unicum:
1051 2041 1122 2116 alii,
1143 2037 1221 2118 qnod
1241 2037 1298 2100 τοῦ

56 2135 183 2223 dyadod
203 2134 272 2225 ἰδέᾳ
291 2142 432 2202 tribuerat
450 2141 550 2219 Plato,
576 2142 608 2202 id
627 2144 683 2224 ipsi
699 2144 759 2202 Deo
776 2141 963 2215 tribuerunt,
992 2160 1082 2219 quum
1100 2141 1193 2199 Deum
1223 2139 1297 2199 cele⁴

56 2243 180 2303 brarent
206 2241 404 2313 universitatis
430 2255 575 2301 auctorem
603 2254 631 2300 et
659 2241 798 2316 altorem,
830 2241 878 2300 cui
906 2239 1021 2314 omnia,
1060 2251 1092 2298 ut
1121 2251 1232 2314 essent,
1264 2253 1296 2298 ut

59 2332 242 2418 crescerentss',
259 2353 310 2400 Ιιιῐ-
333 2328 482 2418 vigerent,
512 2339 653 2399 deberent
682 2340 784 2398 unice:
817 2360 885 2400 vere
909 2336 1027 2418 quidem
1056 2337 1088 2395 hi
1114 2339 1248 2414 justeque
1268 2351 1297 2396 et

58 2439 160 2499 debite
180 2418 275 2497 Deum
294 2436 490 2513 celebrantes,
512 2437 563 2496 sed
583 2436 712 2496 Platonis
730 2435 767 2495 de
785 2436 864 2496 bono
884 2436 1056 2495 sententiam
1073 2436 1297 2516 interpretantes

58 2556 205 2619 perverse.
245 2537 311 2595 Non
340 2535 431 2615 magis
462 2534 494 2593 hi
521 2534 650 2601 Platonis
678 2533 714 2593 de
743 2536 823 2609 Deo,
852 2554 938 2613 quam
957 2532 1005 2592 illi
1025 2532 1153 2610 ejusdem
1171 2530 1208 2591 de
1226 2552 1295 2594 vero

58 2636 168 2719 placita
192 2616 420 2739 asseing'nsunt:
442 2633 551 2715 quippe
571 2636 603 2694 in
621 2634 693 2695 boni
711 2632 775 2692 idea
795 2641 956 2691 nemimem
973 2631 1046 2706 ille,
1067 2631 1100 2689 in
1120 2631 1180 2689 Deo
1198 2637 1297 2708 ipsius

58 2741 206 2807 veritatis
225 2723 489 2815 παράδειγμα,
510 2736 591 2810 site,
612 2733 691 2812 quod
711 2752 764 2791 nos
785 2728 984 2812 appellamus,
1014 2731 1058 2787 id
1068 2730 1157 2793 eade
1177 2728 1297 2808 agnovit

58 2812 250 2915 adorlvitque
277 2835 411 2894 maxime.
458 2835 588 2908 Quorum
615 2828 711 2905 illud,
748 2828 835 2909 quale
862 2828 917 2902 sit,
945 2829 1007 2906 jem
1032 2826 1231 2907 percepimus,
1263 2826 1295 2884 ni

60 2926 170 3007 fallor,
190 2933 273 3005 satis:
295 2931 368 3007 hoc,
390 2944 489 3013 utpote
513 2916 712 3011 argumientum
738 2940 971 3007 argumentorum
996 2925 1125 2984 omniurn
1156 2944 1297 2983 summum

59 3008 309 3109 &brevissimum
319 3074 329 3105 ,
348 3012 410 3089 tum
431 3028 546 3088 demum
568 3027 662 3102 nobis,
684 3039 835 3106 postquam
854 3023 892 3082 ab
913 3022 1036 3082 aliorum
1056 3023 1209 3082 sententiis
1227 3020 1302 3082 Pla-.

59 3126 175 3185 tonieas
194 3108 455 3209 ssg'rpgaverimus,
477 3125 544 3186 data
564 3128 650 3206 opert
670 3122 879 3205 explicandum
900 3122 965 3182 erit.
1129 3196 1138 3205 .
1225 3174 1230 3185 .

103 3224 176 3282 Nam
193 3244 294 3286 vereor
304 3268 313 3300 ,
336 3238 368 3284 ut
385 3245 457 3304 quae
477 3224 617 3282 hactenus
635 3222 672 3282 de
691 3219 919 3311 mundqi'tipqvqi
949 3239 985 3277 ex
1010 3216 1113 3300 ipsius}
1129 3188 1303 3300 philoihphi·

59 3316 365 3402 scriptiahttulimus,
397 3342 430 3382 eo
448 3322 673 3398 valeantsatis,
696 3334 746 3398 ut,
778 3304 856 3403 quod
874 3322 1001 3405 maxime
1025 3330 1211 3399 spectamus,¹
1232 3317 1312 3395 ἐνί-ἱ,
1331 3344 1360 3357 ··

60 3417 137 3476 dens
155 3398 242 3479 neibll
257 3420 345 3500 plane
363 3433 391 3478 et
412 3420 490 3479 clara
508 3422 570 3500 ejus
589 3419 721 3481 doctrine
741 3421 788 3481 sit.
810 3421 875 3497 Non
896 3400 978 3499 qussi
998 3418 1062 3501 ipsa
1073 3414 1146 3491 haee
1163 3415 1297 3507 doctrina
1324 3440 1327 3451 ·

58 3514 185 3573 obscura
205 3517 289 3595 Pl*-
306 3518 379 3578 mihi
396 3518 474 3577 nihil
491 3539 550 3577 esse
567 3517 729 3601 simplicius
746 3518 950 3601 evidentiusqe
968 3516 1086 3585 videtur
1097 3538 1112 3595 :¹
1135 3534 1210 3575 nem.
1229 3516 1318 3573 eon-'-b

60 3612 140 3671 tinet
156 3588 329 3695 simpliciter
348 3617 410 3705 reri
426 3629 455 3675 et
474 3615 562 3691 falsi,
584 3596 655 3675 certi
674 3624 703 3674 e't
722 3614 903 3703 probabilis,
924 3615 1062 3699 scientige
1091 3627 1120 3672 et
1133 3630 1137 3643 ·
1149 3598 1299 3695 opirllonis

60 3706 267 3769 discrimen-
287 3711 339 3772 sed
358 3706 526 3794 propterea,
547 3708 625 3792 qdod
644 3710 814 3772 conturbata
832 3712 962 3775 Platonis
982 3706 1166 3793 philosophia
1182 3708 1298 3769 immix-
1312 3721 1329 3779 ,⁴

59 3807 101 3866 tis
119 3792 313 3868 dissimilibus
331 3810 457 3889 aliorum
472 3811 588 3891 placitis
608 3825 659 3870 est.
701 3811 822 3870 Exstitit
842 3825 908 3891 post
927 3811 1076 3870 Platonem
1093 3808 1298 3890 philosophus,

58 3904 245 3964 Aristotelem
276 3905 361 3982 dico,
392 3910 442 3988 qui
471 3914 653 3988 sapientiam
678 3907 813 3993 doceret,
834 3907 995 3969 doctrinam
1015 3931 1111 3986 supro
1132 3892 1297 3978 naturam,

56 3995 139 4082 sindo
160 3996 199 4064 sd
219 3999 346 4091 φυσικοὶ,
376 4006 578 4071 escendentem
597 4007 671 4086 3)ss
700 4006 936 4087 metaphysieam
971 4021 1111 4068 vocarunt
1135 4001 1244 4084 posteri
1262 4028 1298 4093 ᾗ·

98 4230 125 4291 ι)
144 4194 198 4284 cic.
217 4232 316 4285 orn.
332 4235 351 4285 1.
370 4233 395 4284 9.

94 4316 124 4380 2)
142 4316 179 4368 ld.
198 4318 278 4370 ilead-
298 4317 316 4370 1.
337 4318 376 4369 10.

96 4403 125 4467 3)
144 4403 251 4456 Aristot.
269 4406 375 4473 Metoph.
394 4403 436 4455 ΙΙΙ.
455 4403 479 4453 3.
501 4420 526 4469 p.
545 4401 587 4453 53.
