2774 5048
473 1321 545 1386 lta
590 1264 899 1397 altulum,

359 1534 368 1551 ⁵
403 1517 476 1620 poia
505 1561 545 1606 m
573 1560 675 1608 rorem
691 1550 810 1606 nucum
840 1558 976 1623 aroana,

403 1724 406 1729 ’
463 1752 500 1796 ιιι
530 1751 666 1798 rururs
696 1752 740 1798 na
770 1751 914 1797 musaei.

625 1838 641 1875 ὓ

606 2061 765 2089 Νιο·-

17 2411 19 2415 ¹
114 2298 208 2395 Mulla
237 2330 306 2394 tulit
325 2347 351 2390 et
371 2345 491 2393 novaet
511 2304 817 2412 praeclarasaeculum
836 2332 1019 2411 praecedens.
1045 2335 1080 2393 In
1094 2336 1204 2413 ‚quibus
1222 2327 1285 2393 hau'd

76 2434 207 2493 infimum
224 2446 254 2492 te
322 2429 417 2489 locum
437 2431 541 2489 artium
561 2430 783 2509 elegantiorem,
803 2430 881 2510 quod
900 2427 1038 2509 effloruit,
1059 2433 1196 2492 studium.
1229 2432 1285 2491 Nara

76 2552 140 2589 eum
158 2531 233 2590 adha
347 2541 429 2587 antea
449 2528 589 2587 doctrinis
608 2529 681 2588 ratio
701 2528 840 2608 quaedam
863 2530 1049 2606 scholastica,
1071 2553 1142 2610 quae
1172 2545 1200 2590 et
1226 2531 1285 2611 ipsas

74 2629 237 2689 obscuraret
255 2641 283 2687 et
303 2626 394 2686 literis
412 2627 520 2686 obesset
537 2647 570 2684 ac
588 2626 805 2708 philosophiae,
824 2648 875 2703 pu
887 2629 921 2684 le
932 2650 980 2684 ru
992 2652 1021 2686 m
1050 2631 1163 2708 exquiri
1194 2644 1285 2688 summo

75 2727 170 2787 studio
193 2727 295 2806 coepit.
336 2727 400 2800 Quo
417 2723 542 2798 accidit,
564 2738 595 2782 ut
605 2769 613 2798 ‚
635 2724 779 2803 quidquid
797 2726 979 2803 antiquarum
997 2743 1067 2786 esset
1082 2729 1187 2787 artium
1205 2743 1284 2808 super·

74 2840 148 2900 stes,
169 2824 349 2904 sculpturae,
370 2822 538 2896 statuariae,
559 2822 782 2897 architecturae,
804 2822 958 2897 similium,
978 2825 1055 2885 illud
1083 2841 1111 2885 et
1136 2827 1285 2907 'explorare-

75 2936 122 2981 tur
142 2922 311 3000 diligentius
340 2935 367 2979 et
393 2941 458 2979 cum
485 2919 579 3000 pulcri
608 2921 778 2998 venustique
802 2941 887 2978 sensu
910 2922 1106 2999 judicaretur:
1139 2939 1200 2983 tum
1219 2923 1285 2982 etun

76 3020 191 3079 nullum
216 3041 276 3078 non
300 3017 521 3098 disciplinarum
539 3039 628 3097 genus
651 3019 809 3078 venustatis
831 3020 1148 3103 quendamsusciperet
1166 3021 1284 3081 colorem:

78 3118 150 3197 quin
175 3137 250 3175 nova
278 3117 424 3186 exsisteret
456 3115 609 3189 doctrina,
639 3117 879 3174 oesthetiea
909 3118 996 3199 vulgo
1024 3119 1111 3179 dicta.
1163 3119 1285 3195 Quoeittt

77 3236 161 3274 nemo
180 3213 266 3272 facile
292 3212 432 3292 hodieque
461 3214 493 3271 in
517 3212 728 3294 philosophiam
758 3214 905 3274 incumbat
934 3217 1078 3292 Platonis,
1107 3220 1180 3297 quin
1208 3217 1285 3276 locum

77 3313 157 3372 hune
175 3299 317 3384 tractans,
337 3311 387 3390 qui
406 3324 446 3369 est
463 3311 499 3370 de
517 3310 618 3391 pulcro
636 3323 664 3368 et
683 3331 794 3386 amore,
815 3312 977 3372 Platonicae
1001 3317 1171 3395 investiget,
1191 3317 1214 3374 si
1230 3327 1285 3392 quat

78 3413 135 3485 sit,
155 3409 322 3468 aesthetieae
340 3409 494 3490 principia.
535 3408 572 3467 Et
599 3409 744 3516 profecto,
764 3430 829 3469 eum
852 3413 951 3470 merito
966 3411 1035 3471 haec
1055 3413 1186 3479 doctrina
1209 3407 1285 3493 gratis

27 3542 36 3559 ·
78 3457 218 3566 habeatur
236 3505 434 3587 philosophiae
448 3527 531 3587 par‚s
552 3527 585 3565 eo
602 3507 704 3585 magis,
723 3506 795 3586 quid
810 3507 846 3566 de
861 3508 970 3568 artibus
987 3497 1193 3573 existimaveiit
1210 3510 1285 3575 Plato,

79 3604 288 3684 exquirendum
308 3603 433 3665 videtur.

192 3767 271 3881 Qiee‘d
290 3801 369 3858 illud
388 3810 450 3874 eat,
470 3802 545 3877 quod
563 3808 596 3857 in
612 3809 728 3859 ortium
748 3804 845 3859 studio
864 3805 1055 3879 reprehendit
1073 3804 1187 3864 Plato?

121 3999 178 4060 Sed
200 3995 429 4077 ingredientibus
448 3995 501 4054 hoe
521 4010 735 4075 argumentum,
757 3996 788 4055 id
812 3997 895 4056 nobis
924 3998 1062 4057 continuo
1087 4001 1191 4060 mirum
1210 3995 1285 4059 videa

79 4113 147 4173 tur,
168 4096 245 4176 quod
264 4107 392 4169 constat,
412 4093 492 4152 haud
511 4094 654 4173 praeclare
675 4096 845 4152 existimasse
865 4096 1025 4154 Platonem
1032 4096 1068 4155 de
1088 4101 1197 4178 po'etis,
1216 4105 1285 4158 orato

80 4197 179 4269 ribus,
201 4194 361 4266 statuariis,
367 4140 568 4305 ἐρίοῑοιίίιιιι,
594 4190 667 4249 de
661 4193 695 4249 ris
722 4195 857 4268 omnino,
878 4194 927 4271 qui
951 4207 1024 4252 artes
1052 4195 1217 4255 eolue1·:unt
1243 4192 1285 4250 iul⁴

80 4316 166 4367 vero,
188 4314 245 4350 una
263 4311 328 4349 eum
344 4254 441 4363 hasce,
462 4301 536 4346 artes
556 4289 640 4346 etiam
660 4311 756 4389 eorum
776 4305 887 4350 tantum
915 4312 974 4349 non
994 4295 1183 4354 contemsisse.
1220 4280 1285 4365 000(

80 4415 112 4450 eo
128 4392 224 4450 minus
239 4387 370 4448 videatur
388 4385 527 4466 explicari
547 4406 644 4465 posse,
659 4409 715 4465 quo
733 4390 821 4467 magis
840 4388 971 4447 abhorret
989 4390 1025 4447 ab
1045 4391 1144 4450 indole
1162 4406 1190 4451 et
1203 4379 1283 4450 studi*

476 4521 482 4547 l

880 4580 889 4607 ὑ
