<?xml version="1.0" encoding="UTF-8"?>
<!DOCTYPE html PUBLIC "-//W3C//DTD XHTML 1.0 Transitional//EN"
    "http://www.w3.org/TR/xhtml1/DTD/xhtml1-transitional.dtd">
<html xmlns="http://www.w3.org/1999/xhtml" xml:lang="en" lang="en">
 <head>
  <title>
</title>
<meta http-equiv="Content-Type" content="text/html;charset=utf-8" />
  <meta name='ocr-system' content='tesseract 3.04.00' />
  <meta name='ocr-capabilities' content='ocr_page ocr_carea ocr_par ocr_line ocrx_word'/>
</head>
<body>
  <div class='ocr_page' id='page_1' title='image "./initiaphilosoph00heusgoog_0462.png"; bbox 0 0 2796 5048; ppageno 0'>
   <div class='ocr_carea' id='block_1_1' title="bbox 640 217 696 275">
    <p class='ocr_par' dir='ltr' id='par_1_1' title="bbox 640 217 696 275">
     <span class='ocr_line' id='line_1_1' title="bbox 640 217 696 275; baseline 0 0"><span class='ocrx_word' id='word_1_1' title='bbox 640 217 696 275; x_wconf 76' lang='lat'><strong>421</strong></span> 
     </span>
    </p>
   </div>
   <div class='ocr_carea' id='block_1_2' title="bbox 58 373 1305 462">
    <p class='ocr_par' dir='ltr' id='par_1_2' title="bbox 58 373 1305 462">
     <span class='ocr_line' id='line_1_2' title="bbox 58 373 1305 462; baseline 0.011 -30"><span class='ocrx_word' id='word_1_2' title='bbox 58 375 124 433; x_wconf 88' lang='lat' dir='ltr'><strong>lues</strong></span> <span class='ocrx_word' id='word_1_3' title='bbox 144 373 352 447; x_wconf 89' lang='lat' dir='ltr'><strong>attenderunt,</strong></span> <span class='ocrx_word' id='word_1_4' title='bbox 382 375 477 434; x_wconf 88' lang='lat' dir='ltr'><strong>sedin</strong></span> <span class='ocrx_word' id='word_1_5' title='bbox 495 398 578 437; x_wconf 90' lang='lat' dir='ltr'><strong>voces</strong></span> <span class='ocrx_word' id='word_1_6' title='bbox 597 379 736 438; x_wconf 91' lang='lat' dir='ltr'><strong>continuo</strong></span> <span class='ocrx_word' id='word_1_7' title='bbox 756 380 848 440; x_wconf 89' lang='lat' dir='ltr'><strong>veluti</strong></span> <span class='ocrx_word' id='word_1_8' title='bbox 870 381 1053 440; x_wconf 87' lang='lat' dir='ltr'><strong>venationem</strong></span> <span class='ocrx_word' id='word_1_9' title='bbox 1074 384 1280 462; x_wconf 88' lang='lat' dir='ltr'><strong>instituerunt,</strong></span> <span class='ocrx_word' id='word_1_10' title='bbox 1301 452 1305 459; x_wconf 53' lang='grc'><em>,</em></span> 
     </span>
    </p>
   </div>
   <div class='ocr_carea' id='block_1_3' title="bbox 58 472 1379 564">
    <p class='ocr_par' dir='ltr' id='par_1_3' title="bbox 58 472 1379 564">
     <span class='ocr_line' id='line_1_3' title="bbox 58 472 1379 564; baseline 0.01 -31"><span class='ocrx_word' id='word_1_11' title='bbox 58 473 208 533; x_wconf 90' lang='lat' dir='ltr'><strong>tnullam</strong></span> <span class='ocrx_word' id='word_1_12' title='bbox 235 494 294 531; x_wconf 91' lang='lat' dir='ltr'><strong>non</strong></span> <span class='ocrx_word' id='word_1_13' title='bbox 316 472 431 531; x_wconf 86' lang='lat' dir='ltr'><strong>obviam</strong></span> <span class='ocrx_word' id='word_1_14' title='bbox 451 487 479 532; x_wconf 89' lang='lat' dir='ltr'><strong>et</strong></span> <span class='ocrx_word' id='word_1_15' title='bbox 498 475 589 555; x_wconf 86' lang='lat' dir='ltr'><strong>ipsam</strong></span> <span class='ocrx_word' id='word_1_16' title='bbox 608 476 755 557; x_wconf 86' lang='lat' dir='ltr'><strong>explicare</strong></span> <span class='ocrx_word' id='word_1_17' title='bbox 775 493 803 538; x_wconf 90' lang='lat' dir='ltr'><strong>et</strong></span> <span class='ocrx_word' id='word_1_18' title='bbox 820 479 890 538; x_wconf 90' lang='lat' dir='ltr'><strong>iude</strong></span> <span class='ocrx_word' id='word_1_19' title='bbox 911 477 1106 540; x_wconf 89' lang='lat' dir='ltr'><strong>demonstrare</strong></span> <span class='ocrx_word' id='word_1_20' title='bbox 1127 488 1279 564; x_wconf 80' lang='lat' dir='ltr'>opiniones</span> <span class='ocrx_word' id='word_1_21' title='bbox 1346 521 1348 526; x_wconf 69' lang='lat'><strong>,</strong></span> <span class='ocrx_word' id='word_1_22' title='bbox 1376 524 1379 532; x_wconf 64' lang='grc'><strong><em>»</em></strong></span> 
     </span>
    </p>
   </div>
   <div class='ocr_carea' id='block_1_4' title="bbox 57 571 1339 4196">
    <p class='ocr_par' dir='ltr' id='par_1_4' title="bbox 58 571 1285 1445">
     <span class='ocr_line' id='line_1_4' title="bbox 58 571 1282 662; baseline 0.011 -33"><span class='ocrx_word' id='word_1_23' title='bbox 58 590 107 630; x_wconf 81' lang='lat' dir='ltr'><strong>uas</strong></span> <span class='ocrx_word' id='word_1_24' title='bbox 128 572 299 629; x_wconf 82' lang='lat' dir='ltr'><strong>niterentur.</strong></span> <span class='ocrx_word' id='word_1_25' title='bbox 328 571 536 631; x_wconf 75' lang='lat' dir='ltr'><strong>perturbarunt</strong></span> <span class='ocrx_word' id='word_1_26' title='bbox 568 574 656 653; x_wconf 89' lang='lat' dir='ltr'><strong>igitur</strong></span> <span class='ocrx_word' id='word_1_27' title='bbox 677 581 774 635; x_wconf 83' lang='lat' dir='ltr'><strong>omnia</strong></span> <span class='ocrx_word' id='word_1_28' title='bbox 786 624 794 652; x_wconf 98' lang='lat'><strong>,</strong></span> <span class='ocrx_word' id='word_1_29' title='bbox 819 578 1000 657; x_wconf 87' lang='lat' dir='ltr'><strong>suscepitque</strong></span> <span class='ocrx_word' id='word_1_30' title='bbox 1020 578 1090 638; x_wconf 91' lang='lat' dir='ltr'><strong>hine</strong></span> <span class='ocrx_word' id='word_1_31' title='bbox 1110 583 1282 662; x_wconf 84' lang='lat' dir='ltr'><strong>etymologia</strong></span> 
     </span>
     <span class='ocr_line' id='line_1_5' title="bbox 58 668 1285 755; baseline 0.01 -28"><span class='ocrx_word' id='word_1_32' title='bbox 58 668 120 751; x_wconf 91' lang='lat' dir='ltr'><strong>pud</strong></span> <span class='ocrx_word' id='word_1_33' title='bbox 140 689 289 748; x_wconf 84' lang='lat' dir='ltr'><strong>germanos</strong></span> <span class='ocrx_word' id='word_1_34' title='bbox 312 691 370 727; x_wconf 91' lang='lat' dir='ltr'><strong>non</strong></span> <span class='ocrx_word' id='word_1_35' title='bbox 390 670 482 728; x_wconf 90' lang='lat' dir='ltr'><strong>solum</strong></span> <span class='ocrx_word' id='word_1_36' title='bbox 502 673 717 748; x_wconf 82' lang='lat' dir='ltr'><strong>grammaticos,</strong></span> <span class='ocrx_word' id='word_1_37' title='bbox 739 675 790 734; x_wconf 90' lang='lat' dir='ltr'><strong>sed</strong></span> <span class='ocrx_word' id='word_1_38' title='bbox 811 674 999 755; x_wconf 89' lang='lat' dir='ltr'><strong>philosophos</strong></span> <span class='ocrx_word' id='word_1_39' title='bbox 1021 679 1106 736; x_wconf 89' lang='lat' dir='ltr'><strong>etiam</strong></span> <span class='ocrx_word' id='word_1_40' title='bbox 1127 669 1285 739; x_wconf 23' lang='lat' dir='ltr'><strong>infamiam*</strong></span> 
     </span>
     <span class='ocr_line' id='line_1_6' title="bbox 58 766 1278 854; baseline 0.01 -28"><span class='ocrx_word' id='word_1_41' title='bbox 58 766 205 839; x_wconf 76' lang='lat' dir='ltr'><strong>mandam,</strong></span> <span class='ocrx_word' id='word_1_42' title='bbox 234 769 318 843; x_wconf 86' lang='lat' dir='ltr'><strong>cujus</strong></span> <span class='ocrx_word' id='word_1_43' title='bbox 343 768 404 847; x_wconf 93' lang='lat' dir='ltr'><strong>ipsa</strong></span> <span class='ocrx_word' id='word_1_44' title='bbox 434 767 507 826; x_wconf 88' lang='lat' dir='ltr'><strong>adeo</strong></span> <span class='ocrx_word' id='word_1_45' title='bbox 535 769 699 848; x_wconf 88' lang='lat' dir='ltr'><strong>linguarum</strong></span> <span class='ocrx_word' id='word_1_46' title='bbox 729 773 912 854; x_wconf 81' lang='lat' dir='ltr'><strong>philosophia</strong></span> <span class='ocrx_word' id='word_1_47' title='bbox 941 775 1085 854; x_wconf 74' lang='lat' dir='ltr'><strong>particeps</strong></span> <span class='ocrx_word' id='word_1_48' title='bbox 1107 777 1172 836; x_wconf 87' lang='lat' dir='ltr'><strong>fuit.</strong></span> <span class='ocrx_word' id='word_1_49' title='bbox 1216 779 1278 838; x_wconf 93' lang='lat' dir='ltr'><strong>Hoc</strong></span> 
     </span>
     <span class='ocr_line' id='line_1_7' title="bbox 58 864 1278 949; baseline 0.008 -24"><span class='ocrx_word' id='word_1_50' title='bbox 58 886 110 925; x_wconf 78' lang='lat' dir='ltr'><strong>ero</strong></span> <span class='ocrx_word' id='word_1_51' title='bbox 129 885 167 923; x_wconf 86' lang='lat' dir='ltr'><strong>ne</strong></span> <span class='ocrx_word' id='word_1_52' title='bbox 197 866 424 945; x_wconf 84' lang='lat' dir='ltr'><strong>committamus,</strong></span> <span class='ocrx_word' id='word_1_53' title='bbox 451 864 502 923; x_wconf 90' lang='lat' dir='ltr'><strong>sed</strong></span> <span class='ocrx_word' id='word_1_54' title='bbox 521 881 642 942; x_wconf 87' lang='lat' dir='ltr'><strong>contra,</strong></span> <span class='ocrx_word' id='word_1_55' title='bbox 672 871 899 949; x_wconf 84' lang='lat' dir='ltr'><strong>elegantissimae</strong></span> <span class='ocrx_word' id='word_1_56' title='bbox 921 870 1118 949; x_wconf 86' lang='lat' dir='ltr'><strong>disquisitioni</strong></span> <span class='ocrx_word' id='word_1_57' title='bbox 1137 893 1221 934; x_wconf 87' lang='lat' dir='ltr'><strong>suum</strong></span> <span class='ocrx_word' id='word_1_58' title='bbox 1235 898 1278 935; x_wconf 89' lang='lat' dir='ltr'><strong>re·</strong></span> 
     </span>
     <span class='ocr_line' id='line_1_8' title="bbox 58 963 1279 1049; baseline 0.01 -28"><span class='ocrx_word' id='word_1_59' title='bbox 58 964 192 1023; x_wconf 65' lang='lat' dir='ltr'><strong>utuamus</strong></span> <span class='ocrx_word' id='word_1_60' title='bbox 204 963 352 1023; x_wconf 91' lang='lat' dir='ltr'><strong>honorem.</strong></span> <span class='ocrx_word' id='word_1_61' title='bbox 363 965 434 1020; x_wconf 88' lang='lat' dir='ltr'><strong>Nam</strong></span> <span class='ocrx_word' id='word_1_62' title='bbox 446 964 604 1023; x_wconf 86' lang='lat' dir='ltr'><strong>secundum</strong></span> <span class='ocrx_word' id='word_1_63' title='bbox 615 982 800 1049; x_wconf 89' lang='lat' dir='ltr'><strong>praeceptum</strong></span> <span class='ocrx_word' id='word_1_64' title='bbox 811 968 939 1027; x_wconf 88' lang='lat' dir='ltr'><strong>Platonis</strong></span> <span class='ocrx_word' id='word_1_65' title='bbox 949 991 1008 1028; x_wconf 93' lang='lat' dir='ltr'><strong>nou</strong></span> <span class='ocrx_word' id='word_1_66' title='bbox 1020 988 1056 1026; x_wconf 88' lang='lat' dir='ltr'><strong>ex</strong></span> <span class='ocrx_word' id='word_1_67' title='bbox 1072 970 1197 1049; x_wconf 86' lang='lat' dir='ltr'><strong>imagine</strong></span> <span class='ocrx_word' id='word_1_68' title='bbox 1215 973 1279 1032; x_wconf 87' lang='lat' dir='ltr'><strong>dis-</strong></span> 
     </span>
     <span class='ocr_line' id='line_1_9' title="bbox 58 1062 1274 1151; baseline 0.01 -32"><span class='ocrx_word' id='word_1_69' title='bbox 58 1080 104 1120; x_wconf 74' lang='lat' dir='ltr'><strong>tre</strong></span> <span class='ocrx_word' id='word_1_70' title='bbox 121 1075 149 1120; x_wconf 87' lang='lat' dir='ltr'><strong>et</strong></span> <span class='ocrx_word' id='word_1_71' title='bbox 168 1062 322 1139; x_wconf 83' lang='lat' dir='ltr'><strong>imaginem</strong></span> <span class='ocrx_word' id='word_1_72' title='bbox 341 1077 369 1121; x_wconf 94' lang='lat' dir='ltr'><strong>et</strong></span> <span class='ocrx_word' id='word_1_73' title='bbox 390 1063 540 1120; x_wconf 87' lang='lat' dir='ltr'><strong>veritatem</strong></span> <span class='ocrx_word' id='word_1_74' title='bbox 562 1080 692 1144; x_wconf 90' lang='lat' dir='ltr'><strong>oportet,</strong></span> <span class='ocrx_word' id='word_1_75' title='bbox 715 1067 765 1126; x_wconf 93' lang='lat' dir='ltr'><strong>sed</strong></span> <span class='ocrx_word' id='word_1_76' title='bbox 785 1066 855 1125; x_wconf 89' lang='lat' dir='ltr'><strong>baec</strong></span> <span class='ocrx_word' id='word_1_77' title='bbox 877 1066 960 1145; x_wconf 86' lang='lat' dir='ltr'><strong>louge</strong></span> <span class='ocrx_word' id='word_1_78' title='bbox 976 1064 1101 1126; x_wconf 79' lang='grc' dir='ltr'><em>καλλίων</em></span> <span class='ocrx_word' id='word_1_79' title='bbox 1117 1068 1165 1127; x_wconf 72' lang='grc' dir='ltr'><strong>καὶ</strong></span> <span class='ocrx_word' id='word_1_80' title='bbox 1181 1091 1274 1151; x_wconf 74' lang='grc' dir='ltr'><em>σαφε-</em></span> 
     </span>
     <span class='ocr_line' id='line_1_10' title="bbox 58 1151 1276 1252; baseline 0.01 -32"><span class='ocrx_word' id='word_1_81' title='bbox 58 1153 135 1241; x_wconf 72' lang='lat' dir='ltr'><strong>cdpn</strong></span> <span class='ocrx_word' id='word_1_82' title='bbox 145 1152 167 1240; x_wconf 79' lang='grc' dir='ltr'><strong>η’</strong></span> <span class='ocrx_word' id='word_1_83' title='bbox 179 1151 320 1238; x_wconf 64' lang='grc' dir='ltr'><strong>μάθησις</strong></span> <span class='ocrx_word' id='word_1_84' title='bbox 339 1173 399 1234; x_wconf 88' lang='lat' dir='ltr'><strong>est,</strong></span> <span class='ocrx_word' id='word_1_85' title='bbox 420 1156 452 1219; x_wconf 78' lang='grc' dir='ltr'><strong>ἐκ</strong></span> <span class='ocrx_word' id='word_1_86' title='bbox 467 1159 521 1240; x_wconf 78' lang='grc' dir='ltr'><strong>τῆς</strong></span> <span class='ocrx_word' id='word_1_87' title='bbox 536 1155 682 1241; x_wconf 70' lang='grc' dir='ltr'><strong>ἀληθείας</strong></span> <span class='ocrx_word' id='word_1_88' title='bbox 697 1158 831 1245; x_wconf 67' lang='grc' dir='ltr'><strong>αὕτήντι</strong></span> <span class='ocrx_word' id='word_1_89' title='bbox 847 1158 940 1244; x_wconf 61' lang='grc' dir='ltr'><strong><em>αὐτήν</em></strong></span> <span class='ocrx_word' id='word_1_90' title='bbox 951 1170 1081 1244; x_wconf 77' lang='lat' dir='ltr'><strong>edicere,</strong></span> <span class='ocrx_word' id='word_1_91' title='bbox 1101 1169 1150 1229; x_wconf 80' lang='grc' dir='ltr'><strong>καὶ</strong></span> <span class='ocrx_word' id='word_1_92' title='bbox 1166 1167 1222 1252; x_wconf 67' lang='grc' dir='ltr'><strong>τήν</strong></span> <span class='ocrx_word' id='word_1_93' title='bbox 1234 1173 1276 1232; x_wconf 64' lang='lat' dir='ltr'><strong>rt</strong></span> 
     </span>
     <span class='ocr_line' id='line_1_11' title="bbox 58 1254 1274 1353; baseline 0.012 -33"><span class='ocrx_word' id='word_1_94' title='bbox 58 1278 109 1320; x_wconf 77' lang='grc' dir='ltr'><strong>ινα</strong></span> <span class='ocrx_word' id='word_1_95' title='bbox 122 1254 230 1341; x_wconf 73' lang='grc' dir='ltr'><strong><em>αὐτῆς,</em></strong></span> <span class='ocrx_word' id='word_1_96' title='bbox 245 1259 271 1320; x_wconf 69' lang='grc' dir='ltr'><strong>εἰ</strong></span> <span class='ocrx_word' id='word_1_97' title='bbox 288 1255 464 1340; x_wconf 74' lang='grc' dir='ltr'><em>πρεπόντως</em></span> <span class='ocrx_word' id='word_1_98' title='bbox 479 1258 638 1353; x_wconf 66' lang='grc' dir='ltr'><strong>εἴργωνται.</strong></span> <span class='ocrx_word' id='word_1_99' title='bbox 669 1269 755 1341; x_wconf 86' lang='lat' dir='ltr'><strong>Rem,</strong></span> <span class='ocrx_word' id='word_1_100' title='bbox 775 1269 798 1326; x_wconf 93' lang='lat' dir='ltr'><strong>si</strong></span> <span class='ocrx_word' id='word_1_101' title='bbox 820 1268 938 1326; x_wconf 87' lang='lat' dir='ltr'><strong>fortasse</strong></span> <span class='ocrx_word' id='word_1_102' title='bbox 960 1269 1127 1330; x_wconf 84' lang='lat' dir='ltr'><strong>etiamnunc</strong></span> <span class='ocrx_word' id='word_1_103' title='bbox 1148 1276 1274 1334; x_wconf 91' lang='lat' dir='ltr'><strong>nonnul·</strong></span> 
     </span>
     <span class='ocr_line' id='line_1_12' title="bbox 58 1362 1051 1445; baseline 0.004 -24"><span class='ocrx_word' id='word_1_104' title='bbox 58 1362 269 1422; x_wconf 78' lang='lat' dir='ltr'><strong>ssubobscura</strong></span> <span class='ocrx_word' id='word_1_105' title='bbox 291 1378 353 1437; x_wconf 90' lang='lat' dir='ltr'><strong>est,</strong></span> <span class='ocrx_word' id='word_1_106' title='bbox 374 1365 465 1444; x_wconf 89' lang='lat' dir='ltr'><strong>ipsius</strong></span> <span class='ocrx_word' id='word_1_107' title='bbox 487 1364 633 1423; x_wconf 87' lang='lat' dir='ltr'><strong>illustrare</strong></span> <span class='ocrx_word' id='word_1_108' title='bbox 654 1365 781 1423; x_wconf 87' lang='lat' dir='ltr'><strong>Platonis</strong></span> <span class='ocrx_word' id='word_1_109' title='bbox 801 1365 933 1445; x_wconf 86' lang='lat' dir='ltr'><strong>exemplo</strong></span> <span class='ocrx_word' id='word_1_110' title='bbox 956 1365 1051 1426; x_wconf 87' lang='lat' dir='ltr'><strong>liccat.</strong></span> 
     </span>
    </p>

    <p class='ocr_par' dir='ltr' id='par_1_5' title="bbox 57 1459 1339 4196">
     <span class='ocr_line' id='line_1_13' title="bbox 74 1459 1272 1548; baseline 0.008 -29"><span class='ocrx_word' id='word_1_111' title='bbox 74 1460 173 1535; x_wconf 82' lang='lat' dir='ltr'><strong>Quum</strong></span> <span class='ocrx_word' id='word_1_112' title='bbox 199 1459 314 1519; x_wconf 84' lang='lat' dir='ltr'><strong>tradere</strong></span> <span class='ocrx_word' id='word_1_113' title='bbox 335 1462 359 1518; x_wconf 91' lang='lat' dir='ltr'><strong>is</strong></span> <span class='ocrx_word' id='word_1_114' title='bbox 380 1463 412 1519; x_wconf 92' lang='lat' dir='ltr'><strong>in</strong></span> <span class='ocrx_word' id='word_1_115' title='bbox 433 1462 589 1522; x_wconf 90' lang='lat' dir='ltr'><strong>scribendo</strong></span> <span class='ocrx_word' id='word_1_116' title='bbox 611 1465 752 1540; x_wconf 74' lang='lat' dir='ltr'><strong>Sophiste</strong></span> <span class='ocrx_word' id='word_1_117' title='bbox 774 1465 950 1531; x_wconf 84' lang='lat' dir='ltr'><strong>verissimam</strong></span> <span class='ocrx_word' id='word_1_118' title='bbox 976 1463 1174 1544; x_wconf 84' lang='lat' dir='ltr'><strong>dialecticam,</strong></span> <span class='ocrx_word' id='word_1_119' title='bbox 1201 1491 1272 1548; x_wconf 91' lang='lat' dir='ltr'><strong>quae</strong></span> 
     </span>
     <span class='ocr_line' id='line_1_14' title="bbox 58 1557 1270 1646; baseline 0.009 -31"><span class='ocrx_word' id='word_1_120' title='bbox 58 1557 181 1618; x_wconf 77' lang='lat' dir='ltr'><strong>¹ruendo</strong></span> <span class='ocrx_word' id='word_1_121' title='bbox 195 1558 405 1636; x_wconf 89' lang='lat' dir='ltr'><strong>jungendoque</strong></span> <span class='ocrx_word' id='word_1_122' title='bbox 420 1574 547 1634; x_wconf 88' lang='lat' dir='ltr'><strong>constat,</strong></span> <span class='ocrx_word' id='word_1_123' title='bbox 568 1563 750 1634; x_wconf 82' lang='lat' dir='ltr'><strong>instituisset,</strong></span> <span class='ocrx_word' id='word_1_124' title='bbox 771 1581 830 1619; x_wconf 93' lang='lat' dir='ltr'><strong>non</strong></span> <span class='ocrx_word' id='word_1_125' title='bbox 850 1563 989 1620; x_wconf 90' lang='lat' dir='ltr'><strong>continuo</strong></span> <span class='ocrx_word' id='word_1_126' title='bbox 1008 1562 1097 1621; x_wconf 79' lang='lat' dir='ltr'><strong>verba</strong></span> <span class='ocrx_word' id='word_1_127' title='bbox 1116 1566 1179 1643; x_wconf 88' lang='lat' dir='ltr'><strong>illa,</strong></span> <span class='ocrx_word' id='word_1_128' title='bbox 1197 1589 1270 1646; x_wconf 90' lang='lat' dir='ltr'><strong>quae</strong></span> 
     </span>
     <span class='ocr_line' id='line_1_15' title="bbox 58 1651 1276 1740; baseline 0.008 -28"><span class='ocrx_word' id='word_1_129' title='bbox 58 1659 160 1733; x_wconf 77' lang='lat' dir='ltr'><strong>teitat,</strong></span> <span class='ocrx_word' id='word_1_130' title='bbox 178 1655 311 1736; x_wconf 71' lang='grc' dir='ltr'><strong><em>διηθιῖν,</em></strong></span> <span class='ocrx_word' id='word_1_131' title='bbox 330 1656 467 1731; x_wconf 63' lang='lat' dir='ltr'><strong>tractae,</strong></span> <span class='ocrx_word' id='word_1_132' title='bbox 482 1651 628 1740; x_wconf 76' lang='grc' dir='ltr'><strong><em>βράττειν,</em></strong></span> <span class='ocrx_word' id='word_1_133' title='bbox 640 1655 794 1739; x_wconf 75' lang='grc' dir='ltr'><strong><em>διακρίνειν</em></strong></span> <span class='ocrx_word' id='word_1_134' title='bbox 806 1657 845 1739; x_wconf 92' lang='lat' dir='ltr'><strong>l),</strong></span> <span class='ocrx_word' id='word_1_135' title='bbox 861 1659 977 1734; x_wconf 85' lang='lat' dir='ltr'><strong>similia,</strong></span> <span class='ocrx_word' id='word_1_136' title='bbox 995 1660 1175 1740; x_wconf 80' lang='lat' dir='ltr'><strong>exploravit,</strong></span> <span class='ocrx_word' id='word_1_137' title='bbox 1198 1680 1229 1724; x_wconf 93' lang='lat' dir='ltr'><strong>ut</strong></span> <span class='ocrx_word' id='word_1_138' title='bbox 1240 1687 1276 1724; x_wconf 86' lang='lat' dir='ltr'><strong>ex</strong></span> 
     </span>
     <span class='ocr_line' id='line_1_16' title="bbox 58 1755 1274 1843; baseline 0.007 -29"><span class='ocrx_word' id='word_1_139' title='bbox 58 1769 238 1836; x_wconf 71' lang='lat' dir='ltr'><strong>v8,tanquam</strong></span> <span class='ocrx_word' id='word_1_140' title='bbox 259 1761 321 1816; x_wconf 90' lang='lat' dir='ltr'><strong>veri</strong></span> <span class='ocrx_word' id='word_1_141' title='bbox 340 1759 516 1838; x_wconf 88' lang='lat' dir='ltr'><strong>imaginibus</strong></span> <span class='ocrx_word' id='word_1_142' title='bbox 526 1807 534 1834; x_wconf 92' lang='lat'><strong>,</strong></span> <span class='ocrx_word' id='word_1_143' title='bbox 555 1760 695 1819; x_wconf 88' lang='lat' dir='ltr'><strong>cernendi</strong></span> <span class='ocrx_word' id='word_1_144' title='bbox 715 1760 797 1819; x_wconf 89' lang='lat' dir='ltr'><strong>illam</strong></span> <span class='ocrx_word' id='word_1_145' title='bbox 816 1772 905 1817; x_wconf 88' lang='lat' dir='ltr'><strong>artem</strong></span> <span class='ocrx_word' id='word_1_146' title='bbox 923 1755 1065 1832; x_wconf 89' lang='lat' dir='ltr'><strong>efficeret,</strong></span> <span class='ocrx_word' id='word_1_147' title='bbox 1085 1760 1136 1831; x_wconf 86' lang='lat' dir='ltr'><strong>sed</strong></span> <span class='ocrx_word' id='word_1_148' title='bbox 1156 1764 1274 1843; x_wconf 90' lang='lat' dir='ltr'><strong>ingenio</strong></span> 
     </span>
     <span class='ocr_line' id='line_1_17' title="bbox 59 1853 1339 1939; baseline 0.006 -28"><span class='ocrx_word' id='word_1_149' title='bbox 59 1872 98 1911; x_wconf 70' lang='lat' dir='ltr'><strong>se</strong></span> <span class='ocrx_word' id='word_1_150' title='bbox 114 1876 164 1913; x_wconf 91' lang='lat' dir='ltr'><strong>suo</strong></span> <span class='ocrx_word' id='word_1_151' title='bbox 183 1857 395 1934; x_wconf 83' lang='lat' dir='ltr'><strong>excogitaverat</strong></span> <span class='ocrx_word' id='word_1_152' title='bbox 413 1855 489 1916; x_wconf 89' lang='lat' dir='ltr'><strong>banc</strong></span> <span class='ocrx_word' id='word_1_153' title='bbox 510 1873 610 1932; x_wconf 85' lang='lat' dir='ltr'><strong>artem,</strong></span> <span class='ocrx_word' id='word_1_154' title='bbox 633 1873 693 1917; x_wconf 92' lang='lat' dir='ltr'><strong>tum</strong></span> <span class='ocrx_word' id='word_1_155' title='bbox 713 1880 782 1918; x_wconf 91' lang='lat' dir='ltr'><strong>vero</strong></span> <span class='ocrx_word' id='word_1_156' title='bbox 793 1857 955 1937; x_wconf 77' lang='lat' dir='ltr'><strong>exprimere</strong></span> <span class='ocrx_word' id='word_1_157' title='bbox 966 1868 994 1912; x_wconf 91' lang='lat' dir='ltr'><strong>et</strong></span> <span class='ocrx_word' id='word_1_158' title='bbox 1010 1853 1172 1935; x_wconf 88' lang='lat' dir='ltr'><strong>declarare,</strong></span> <span class='ocrx_word' id='word_1_159' title='bbox 1193 1860 1272 1939; x_wconf 93' lang='lat' dir='ltr'><strong>quod</strong></span> <span class='ocrx_word' id='word_1_160' title='bbox 1336 1876 1339 1883; x_wconf 86' lang='lat'>&#39;</span> 
     </span>
     <span class='ocr_line' id='line_1_18' title="bbox 58 1953 1271 2032; baseline 0.005 -22"><span class='ocrx_word' id='word_1_161' title='bbox 58 1954 255 2032; x_wconf 55' lang='lat' dir='ltr'><strong>{cogitaverat</strong></span> <span class='ocrx_word' id='word_1_162' title='bbox 277 1955 371 2029; x_wconf 89' lang='lat' dir='ltr'><strong>nisus,</strong></span> <span class='ocrx_word' id='word_1_163' title='bbox 395 1957 428 2014; x_wconf 93' lang='lat' dir='ltr'><strong>in</strong></span> <span class='ocrx_word' id='word_1_164' title='bbox 447 1955 493 2014; x_wconf 93' lang='lat' dir='ltr'><strong>his</strong></span> <span class='ocrx_word' id='word_1_165' title='bbox 512 1956 610 2016; x_wconf 89' lang='lat' dir='ltr'><strong>verbis</strong></span> <span class='ocrx_word' id='word_1_166' title='bbox 630 1957 686 2015; x_wconf 93' lang='lat' dir='ltr'><strong>sibi</strong></span> <span class='ocrx_word' id='word_1_167' title='bbox 706 1957 785 2016; x_wconf 91' lang='lat' dir='ltr'><strong>visus</strong></span> <span class='ocrx_word' id='word_1_168' title='bbox 803 1969 845 2013; x_wconf 92' lang='lat' dir='ltr'><strong>est</strong></span> <span class='ocrx_word' id='word_1_169' title='bbox 864 1954 1008 2011; x_wconf 80' lang='lat' dir='ltr'><strong>cernendi</strong></span> <span class='ocrx_word' id='word_1_170' title='bbox 1029 1953 1112 2012; x_wconf 90' lang='lat' dir='ltr'><strong>illam</strong></span> <span class='ocrx_word' id='word_1_171' title='bbox 1123 1957 1271 2015; x_wconf 88' lang='lat' dir='ltr'><strong>notionem</strong></span> 
     </span>
     <span class='ocr_line' id='line_1_19' title="bbox 58 2049 1272 2128; baseline 0.005 -22"><span class='ocrx_word' id='word_1_172' title='bbox 58 2049 261 2127; x_wconf 72' lang='lat' dir='ltr'><strong>eprehendere.</strong></span> <span class='ocrx_word' id='word_1_173' title='bbox 305 2053 363 2111; x_wconf 89' lang='lat' dir='ltr'><strong>Nec</strong></span> <span class='ocrx_word' id='word_1_174' title='bbox 383 2053 442 2112; x_wconf 88' lang='lat' dir='ltr'><strong>alia</strong></span> <span class='ocrx_word' id='word_1_175' title='bbox 463 2054 535 2112; x_wconf 88' lang='lat' dir='ltr'><strong>ratio</strong></span> <span class='ocrx_word' id='word_1_176' title='bbox 555 2075 652 2112; x_wconf 88' lang='lat' dir='ltr'><strong>eorum</strong></span> <span class='ocrx_word' id='word_1_177' title='bbox 673 2075 732 2113; x_wconf 90' lang='lat' dir='ltr'><strong>esse</strong></span> <span class='ocrx_word' id='word_1_178' title='bbox 751 2052 869 2113; x_wconf 84' lang='lat' dir='ltr'><strong>videtur</strong></span> <span class='ocrx_word' id='word_1_179' title='bbox 879 2097 888 2126; x_wconf 96' lang='lat'><strong>,</strong></span> <span class='ocrx_word' id='word_1_180' title='bbox 918 2051 971 2128; x_wconf 86' lang='lat' dir='ltr'><strong>qui</strong></span> <span class='ocrx_word' id='word_1_181' title='bbox 987 2051 1119 2128; x_wconf 84' lang='lat' dir='ltr'><strong>quamvis</strong></span> <span class='ocrx_word' id='word_1_182' title='bbox 1137 2074 1197 2112; x_wconf 86' lang='lat' dir='ltr'><strong>non</strong></span> <span class='ocrx_word' id='word_1_183' title='bbox 1207 2100 1216 2128; x_wconf 90' lang='lat'><strong>,</strong></span> <span class='ocrx_word' id='word_1_184' title='bbox 1240 2069 1272 2112; x_wconf 92' lang='lat' dir='ltr'><strong>ut</strong></span> 
     </span>
     <span class='ocr_line' id='line_1_20' title="bbox 60 2148 1269 2233; baseline 0.004 -28"><span class='ocrx_word' id='word_1_185' title='bbox 60 2158 131 2222; x_wconf 73' lang='lat' dir='ltr'><strong>ato,</strong></span> <span class='ocrx_word' id='word_1_186' title='bbox 160 2148 336 2208; x_wconf 79' lang='lat' dir='ltr'><strong>inveniendi</strong></span> <span class='ocrx_word' id='word_1_187' title='bbox 358 2165 427 2210; x_wconf 91' lang='lat' dir='ltr'><strong>suut</strong></span> <span class='ocrx_word' id='word_1_188' title='bbox 450 2152 588 2210; x_wconf 88' lang='lat' dir='ltr'><strong>facultate</strong></span> <span class='ocrx_word' id='word_1_189' title='bbox 617 2153 762 2233; x_wconf 87' lang='lat' dir='ltr'><strong>praediti,</strong></span> <span class='ocrx_word' id='word_1_190' title='bbox 792 2153 913 2210; x_wconf 87' lang='lat' dir='ltr'><strong>inventa</strong></span> <span class='ocrx_word' id='word_1_191' title='bbox 933 2148 1063 2207; x_wconf 89' lang='lat' dir='ltr'><strong>Platonis</strong></span> <span class='ocrx_word' id='word_1_192' title='bbox 1082 2150 1269 2231; x_wconf 89' lang='lat' dir='ltr'><strong>interpretari</strong></span> 
     </span>
     <span class='ocr_line' id='line_1_21' title="bbox 58 2242 1271 2329; baseline 0.006 -28"><span class='ocrx_word' id='word_1_193' title='bbox 58 2242 162 2304; x_wconf 80' lang='lat' dir='ltr'><strong>udent:</strong></span> <span class='ocrx_word' id='word_1_194' title='bbox 192 2247 271 2325; x_wconf 91' lang='lat' dir='ltr'><strong>quod</strong></span> <span class='ocrx_word' id='word_1_195' title='bbox 291 2249 454 2326; x_wconf 85' lang='lat' dir='ltr'><strong>cujusmodi</strong></span> <span class='ocrx_word' id='word_1_196' title='bbox 473 2250 529 2324; x_wconf 89' lang='lat' dir='ltr'><strong>sit,</strong></span> <span class='ocrx_word' id='word_1_197' title='bbox 558 2273 611 2310; x_wconf 92' lang='lat' dir='ltr'><strong>usu</strong></span> <span class='ocrx_word' id='word_1_198' title='bbox 633 2250 768 2329; x_wconf 86' lang='lat' dir='ltr'><strong>equidem</strong></span> <span class='ocrx_word' id='word_1_199' title='bbox 787 2249 818 2307; x_wconf 89' lang='lat' dir='ltr'><strong>in</strong></span> <span class='ocrx_word' id='word_1_200' title='bbox 838 2247 884 2306; x_wconf 90' lang='lat' dir='ltr'><strong>his</strong></span> <span class='ocrx_word' id='word_1_201' title='bbox 904 2244 1125 2307; x_wconf 88' lang='lat' dir='ltr'><strong>conscribendis</strong></span> <span class='ocrx_word' id='word_1_202' title='bbox 1144 2247 1271 2328; x_wconf 86' lang='lat' dir='ltr'><strong>philoso-</strong></span> 
     </span>
     <span class='ocr_line' id='line_1_22' title="bbox 58 2332 1271 2431; baseline 0.003 -29"><span class='ocrx_word' id='word_1_203' title='bbox 58 2342 120 2402; x_wconf 79' lang='lat' dir='ltr'><strong>riae</strong></span> <span class='ocrx_word' id='word_1_204' title='bbox 138 2332 312 2405; x_wconf 62' lang='lat' dir='ltr'><strong>&#39;Platonicae</strong></span> <span class='ocrx_word' id='word_1_205' title='bbox 342 2347 438 2406; x_wconf 90' lang='lat' dir='ltr'><strong>initiis</strong></span> <span class='ocrx_word' id='word_1_206' title='bbox 457 2349 571 2428; x_wconf 89' lang='lat' dir='ltr'><strong>saepius</strong></span> <span class='ocrx_word' id='word_1_207' title='bbox 592 2363 730 2429; x_wconf 80' lang='lat' dir='ltr'><strong>expertus</strong></span> <span class='ocrx_word' id='word_1_208' title='bbox 747 2369 828 2431; x_wconf 42' lang='lat' dir='ltr'><strong>sum..</strong></span> <span class='ocrx_word' id='word_1_209' title='bbox 862 2347 934 2404; x_wconf 88' lang='lat' dir='ltr'><strong>Nam</strong></span> <span class='ocrx_word' id='word_1_210' title='bbox 954 2364 1012 2422; x_wconf 88' lang='lat' dir='ltr'><strong>quo</strong></span> <span class='ocrx_word' id='word_1_211' title='bbox 1028 2345 1118 2425; x_wconf 89' lang='lat' dir='ltr'><strong>magis</strong></span> <span class='ocrx_word' id='word_1_212' title='bbox 1136 2366 1181 2404; x_wconf 91' lang='lat' dir='ltr'><strong>me</strong></span> <span class='ocrx_word' id='word_1_213' title='bbox 1201 2347 1271 2406; x_wconf 91' lang='lat' dir='ltr'><strong>iusi·</strong></span> 
     </span>
     <span class='ocr_line' id='line_1_23' title="bbox 58 2441 1267 2525; baseline 0.002 -25"><span class='ocrx_word' id='word_1_214' title='bbox 58 2454 126 2521; x_wconf 66' lang='lat' dir='ltr'><strong>iture</strong></span> <span class='ocrx_word' id='word_1_215' title='bbox 153 2444 307 2523; x_wconf 85' lang='lat' dir='ltr'><strong>cogitando</strong></span> <span class='ocrx_word' id='word_1_216' title='bbox 327 2445 539 2525; x_wconf 79' lang='lat' dir='ltr'><strong>scribendoque</strong></span> <span class='ocrx_word' id='word_1_217' title='bbox 558 2448 589 2505; x_wconf 92' lang='lat' dir='ltr'><strong>in</strong></span> <span class='ocrx_word' id='word_1_218' title='bbox 614 2448 781 2505; x_wconf 90' lang='lat' dir='ltr'><strong>interiorem</strong></span> <span class='ocrx_word' id='word_1_219' title='bbox 801 2444 888 2521; x_wconf 88' lang='lat' dir='ltr'><strong>hujus</strong></span> <span class='ocrx_word' id='word_1_220' title='bbox 907 2441 1111 2522; x_wconf 88' lang='lat' dir='ltr'><strong>philosophiae</strong></span> <span class='ocrx_word' id='word_1_221' title='bbox 1129 2445 1267 2503; x_wconf 88' lang='lat' dir='ltr'><strong>rationem</strong></span> 
     </span>
     <span class='ocr_line' id='line_1_24' title="bbox 58 2539 1268 2617; baseline 0.001 -19"><span class='ocrx_word' id='word_1_222' title='bbox 58 2539 174 2615; x_wconf 78' lang='lat' dir='ltr'><strong>mabar,</strong></span> <span class='ocrx_word' id='word_1_223' title='bbox 195 2562 228 2601; x_wconf 92' lang='lat' dir='ltr'><strong>eo</strong></span> <span class='ocrx_word' id='word_1_224' title='bbox 244 2543 375 2602; x_wconf 88' lang='lat' dir='ltr'><strong>crebrius</strong></span> <span class='ocrx_word' id='word_1_225' title='bbox 395 2542 467 2602; x_wconf 91' lang='lat' dir='ltr'><strong>mihi</strong></span> <span class='ocrx_word' id='word_1_226' title='bbox 489 2566 592 2604; x_wconf 86' lang='lat' dir='ltr'><strong>vocum</strong></span> <span class='ocrx_word' id='word_1_227' title='bbox 612 2545 646 2602; x_wconf 90' lang='lat' dir='ltr'><strong>in</strong></span> <span class='ocrx_word' id='word_1_228' title='bbox 664 2558 788 2602; x_wconf 88' lang='lat' dir='ltr'><strong>mentem</strong></span> <span class='ocrx_word' id='word_1_229' title='bbox 808 2543 907 2613; x_wconf 86' lang='lat' dir='ltr'><strong>venit,</strong></span> <span class='ocrx_word' id='word_1_230' title='bbox 926 2559 1001 2617; x_wconf 86' lang='lat' dir='ltr'><strong>quae</strong></span> <span class='ocrx_word' id='word_1_231' title='bbox 1023 2540 1056 2596; x_wconf 91' lang='lat' dir='ltr'><strong>in</strong></span> <span class='ocrx_word' id='word_1_232' title='bbox 1071 2541 1199 2617; x_wconf 90' lang='lat' dir='ltr'><strong>antiquis</strong></span> <span class='ocrx_word' id='word_1_233' title='bbox 1216 2563 1268 2599; x_wconf 89' lang='lat' dir='ltr'><strong>nec</strong></span> 
     </span>
     <span class='ocr_line' id='line_1_25' title="bbox 58 2632 1268 2723; baseline 0.002 -28"><span class='ocrx_word' id='word_1_234' title='bbox 58 2632 127 2697; x_wconf 81' lang='lat' dir='ltr'><strong>inus</strong></span> <span class='ocrx_word' id='word_1_235' title='bbox 157 2641 189 2698; x_wconf 90' lang='lat' dir='ltr'><strong>in</strong></span> <span class='ocrx_word' id='word_1_236' title='bbox 220 2641 430 2701; x_wconf 89' lang='lat' dir='ltr'><strong>recentioribus</strong></span> <span class='ocrx_word' id='word_1_237' title='bbox 461 2643 570 2723; x_wconf 91' lang='lat' dir='ltr'><strong>linguis</strong></span> <span class='ocrx_word' id='word_1_238' title='bbox 599 2642 632 2702; x_wconf 92' lang='lat' dir='ltr'><strong>id</strong></span> <span class='ocrx_word' id='word_1_239' title='bbox 663 2641 750 2722; x_wconf 87' lang='lat' dir='ltr'><strong>plane</strong></span> <span class='ocrx_word' id='word_1_240' title='bbox 780 2639 958 2700; x_wconf 87' lang='lat' dir='ltr'><strong>videbantur</strong></span> <span class='ocrx_word' id='word_1_241' title='bbox 979 2637 1158 2715; x_wconf 88' lang='lat' dir='ltr'><strong>exprimere,</strong></span> <span class='ocrx_word' id='word_1_242' title='bbox 1189 2638 1268 2716; x_wconf 89' lang='lat' dir='ltr'><strong>quod</strong></span> 
     </span>
     <span class='ocr_line' id='line_1_26' title="bbox 58 2733 1268 2821; baseline -0.001 -27"><span class='ocrx_word' id='word_1_243' title='bbox 58 2737 116 2817; x_wconf 75' lang='lat' dir='ltr'><strong>ugl</strong></span> <span class='ocrx_word' id='word_1_244' title='bbox 134 2737 330 2819; x_wconf 88' lang='lat' dir='ltr'><strong>disputatione</strong></span> <span class='ocrx_word' id='word_1_245' title='bbox 351 2741 494 2821; x_wconf 82' lang='lat' dir='ltr'><strong>explicuit</strong></span> <span class='ocrx_word' id='word_1_246' title='bbox 511 2742 602 2800; x_wconf 88' lang='lat' dir='ltr'><strong>Plato.</strong></span> <span class='ocrx_word' id='word_1_247' title='bbox 646 2740 767 2814; x_wconf 88' lang='lat' dir='ltr'><strong>Veluti,</strong></span> <span class='ocrx_word' id='word_1_248' title='bbox 789 2751 821 2796; x_wconf 91' lang='lat' dir='ltr'><strong>ut</strong></span> <span class='ocrx_word' id='word_1_249' title='bbox 841 2737 887 2795; x_wconf 89' lang='lat' dir='ltr'><strong>his</strong></span> <span class='ocrx_word' id='word_1_250' title='bbox 907 2749 989 2806; x_wconf 89' lang='lat' dir='ltr'><strong>utar,</strong></span> <span class='ocrx_word' id='word_1_251' title='bbox 1010 2733 1170 2792; x_wconf 82' lang='lat' dir='ltr'><strong>sexcenties</strong></span> <span class='ocrx_word' id='word_1_252' title='bbox 1186 2755 1268 2793; x_wconf 90' lang='lat' dir='ltr'><strong>usur·</strong></span> 
     </span>
     <span class='ocr_line' id='line_1_27' title="bbox 58 2821 1265 2918; baseline 0 -26"><span class='ocrx_word' id='word_1_253' title='bbox 58 2850 165 2894; x_wconf 80' lang='lat' dir='ltr'><strong>tveram</strong></span> <span class='ocrx_word' id='word_1_254' title='bbox 191 2836 319 2896; x_wconf 92' lang='lat' dir='ltr'><strong>dicendo</strong></span> <span class='ocrx_word' id='word_1_255' title='bbox 346 2838 557 2918; x_wconf 89' lang='lat' dir='ltr'><strong>scribendoque</strong></span> <span class='ocrx_word' id='word_1_256' title='bbox 577 2859 683 2912; x_wconf 87' lang='lat' dir='ltr'><strong>voces,</strong></span> <span class='ocrx_word' id='word_1_257' title='bbox 712 2833 1113 2906; x_wconf 74' lang='lat' dir='ltr'><strong>wuarlraidrliefde‚</strong></span> <span class='ocrx_word' id='word_1_258' title='bbox 1144 2821 1265 2910; x_wconf 73' lang='grc' dir='ltr'><strong><em>ὅργνι-</em></strong></span> 
     </span>
     <span class='ocr_line' id='line_1_28' title="bbox 58 2926 1265 3016; baseline 0.004 -27"><span class='ocrx_word' id='word_1_259' title='bbox 58 2933 357 3016; x_wconf 42' lang='lat' dir='ltr'><strong>hatuwigam</strong></span> <span class='ocrx_word' id='word_1_260' title='bbox 379 2938 709 3009; x_wconf 78' lang='lat' dir='ltr'><strong>wuarhee&#39;deze&#39;n,</strong></span> <span class='ocrx_word' id='word_1_261' title='bbox 731 2933 967 3007; x_wconf 81' lang='lat' dir='ltr'><strong>eordeelan,</strong></span> <span class='ocrx_word' id='word_1_262' title='bbox 989 2926 1166 3011; x_wconf 74' lang='grc' dir='ltr'><strong><em>κρίνειν,</em></strong></span> <span class='ocrx_word' id='word_1_263' title='bbox 1187 2956 1265 2993; x_wconf 84' lang='lat' dir='ltr'><strong>cer-</strong></span> 
     </span>
     <span class='ocr_line' id='line_1_29' title="bbox 58 3032 1266 3114; baseline 0.004 -25"><span class='ocrx_word' id='word_1_264' title='bbox 58 3052 147 3108; x_wconf 80' lang='lat' dir='ltr'><strong>m,</strong></span> <span class='ocrx_word' id='word_1_265' title='bbox 176 3043 354 3109; x_wconf 82' lang='lat' dir='ltr'><strong>putere,</strong></span> <span class='ocrx_word' id='word_1_266' title='bbox 382 3042 598 3114; x_wconf 82' lang='lat' dir='ltr'><strong>cogitare,</strong></span> <span class='ocrx_word' id='word_1_267' title='bbox 627 3032 923 3109; x_wconf 68' lang='lat' dir='ltr'><strong>onderwejzen,</strong></span> <span class='ocrx_word' id='word_1_268' title='bbox 953 3039 1203 3112; x_wconf 79' lang='lat' dir='ltr'><strong>enseigner,</strong></span> <span class='ocrx_word' id='word_1_269' title='bbox 1228 3035 1266 3094; x_wconf 94' lang='lat' dir='ltr'><strong>si-</strong></span> 
     </span>
     <span class='ocr_line' id='line_1_30' title="bbox 58 3125 1266 3213; baseline 0.004 -26"><span class='ocrx_word' id='word_1_270' title='bbox 58 3128 112 3191; x_wconf 89' lang='lat' dir='ltr'><strong>iles</strong></span> <span class='ocrx_word' id='word_1_271' title='bbox 131 3132 205 3190; x_wconf 85' lang='lat' dir='ltr'><strong>alias</strong></span> <span class='ocrx_word' id='word_1_272' title='bbox 222 3125 405 3207; x_wconf 71' lang='lat' dir='ltr'><strong>innumeras,</strong></span> <span class='ocrx_word' id='word_1_273' title='bbox 430 3153 635 3213; x_wconf 88' lang='lat' dir='ltr'><strong>usurpaveram</strong></span> <span class='ocrx_word' id='word_1_274' title='bbox 653 3147 749 3191; x_wconf 89' lang='lat' dir='ltr'><strong>autem</strong></span> <span class='ocrx_word' id='word_1_275' title='bbox 759 3177 767 3206; x_wconf 90' lang='lat'><strong>,</strong></span> <span class='ocrx_word' id='word_1_276' title='bbox 790 3143 822 3188; x_wconf 91' lang='lat' dir='ltr'><strong>ut</strong></span> <span class='ocrx_word' id='word_1_277' title='bbox 840 3138 939 3188; x_wconf 85' lang='lat' dir='ltr'><strong>omnes</strong></span> <span class='ocrx_word' id='word_1_278' title='bbox 957 3130 1067 3205; x_wconf 80' lang='lat' dir='ltr'><strong>solent,</strong></span> <span class='ocrx_word' id='word_1_279' title='bbox 1088 3130 1149 3190; x_wconf 85' lang='lat' dir='ltr'><strong>vim</strong></span> <span class='ocrx_word' id='word_1_280' title='bbox 1169 3152 1266 3192; x_wconf 88' lang='lat' dir='ltr'><strong>earum</strong></span> 
     </span>
     <span class='ocr_line' id='line_1_31' title="bbox 58 3227 1265 3311; baseline 0.002 -24"><span class='ocrx_word' id='word_1_281' title='bbox 58 3230 175 3311; x_wconf 77' lang='lat' dir='ltr'><strong>opriam</strong></span> <span class='ocrx_word' id='word_1_282' title='bbox 190 3249 250 3287; x_wconf 89' lang='lat' dir='ltr'><strong>non</strong></span> <span class='ocrx_word' id='word_1_283' title='bbox 267 3250 438 3310; x_wconf 90' lang='lat' dir='ltr'><strong>magnopere</strong></span> <span class='ocrx_word' id='word_1_284' title='bbox 449 3229 613 3291; x_wconf 86' lang='lat' dir='ltr'><strong>attondens.</strong></span> <span class='ocrx_word' id='word_1_285' title='bbox 646 3231 729 3289; x_wconf 88' lang='lat' dir='ltr'><strong>Nunc</strong></span> <span class='ocrx_word' id='word_1_286' title='bbox 747 3250 815 3291; x_wconf 83' lang='lat' dir='ltr'><strong>vero</strong></span> <span class='ocrx_word' id='word_1_287' title='bbox 836 3228 966 3287; x_wconf 88' lang='lat' dir='ltr'><strong>Platonis</strong></span> <span class='ocrx_word' id='word_1_288' title='bbox 982 3227 1139 3306; x_wconf 87' lang='lat' dir='ltr'><strong>exquirens</strong></span> <span class='ocrx_word' id='word_1_289' title='bbox 1158 3229 1265 3309; x_wconf 88' lang='lat' dir='ltr'><strong>placita</strong></span> 
     </span>
     <span class='ocr_line' id='line_1_32' title="bbox 58 3325 1263 3410; baseline 0 -24"><span class='ocrx_word' id='word_1_290' title='bbox 58 3328 227 3409; x_wconf 54' lang='lat' dir='ltr'><strong>*principio</strong></span> <span class='ocrx_word' id='word_1_291' title='bbox 247 3329 423 3407; x_wconf 87' lang='lat' dir='ltr'><strong>cognitionis</strong></span> <span class='ocrx_word' id='word_1_292' title='bbox 443 3329 701 3410; x_wconf 88' lang='lat' dir='ltr'><strong>philosophiaeque</strong></span> <span class='ocrx_word' id='word_1_293' title='bbox 717 3348 841 3401; x_wconf 88' lang='lat' dir='ltr'><strong>summo,</strong></span> <span class='ocrx_word' id='word_1_294' title='bbox 862 3325 941 3404; x_wconf 88' lang='lat' dir='ltr'><strong>quod</strong></span> <span class='ocrx_word' id='word_1_295' title='bbox 963 3327 1024 3387; x_wconf 91' lang='lat' dir='ltr'><strong>veri</strong></span> <span class='ocrx_word' id='word_1_296' title='bbox 1046 3346 1125 3383; x_wconf 89' lang='lat' dir='ltr'><strong>amor</strong></span> <span class='ocrx_word' id='word_1_297' title='bbox 1145 3341 1204 3400; x_wconf 91' lang='lat' dir='ltr'><strong>est,</strong></span> <span class='ocrx_word' id='word_1_298' title='bbox 1227 3326 1263 3386; x_wconf 81' lang='lat' dir='ltr'><strong>de</strong></span> 
     </span>
     <span class='ocr_line' id='line_1_33' title="bbox 58 3423 1267 3506; baseline -0.005 -20"><span class='ocrx_word' id='word_1_299' title='bbox 58 3426 161 3486; x_wconf 75' lang='lat' dir='ltr'><strong>usibus</strong></span> <span class='ocrx_word' id='word_1_300' title='bbox 179 3439 279 3504; x_wconf 89' lang='lat' dir='ltr'><strong>etquo</strong></span> <span class='ocrx_word' id='word_1_301' title='bbox 297 3447 413 3506; x_wconf 84' lang='lat' dir='ltr'><strong>percos</strong></span> <span class='ocrx_word' id='word_1_302' title='bbox 434 3427 519 3486; x_wconf 91' lang='lat' dir='ltr'><strong>modo</strong></span> <span class='ocrx_word' id='word_1_303' title='bbox 541 3449 585 3486; x_wconf 89' lang='lat' dir='ltr'><strong>res</strong></span> <span class='ocrx_word' id='word_1_304' title='bbox 607 3446 824 3506; x_wconf 88' lang='lat' dir='ltr'><strong>cognoscamus,</strong></span> <span class='ocrx_word' id='word_1_305' title='bbox 847 3425 884 3483; x_wconf 90' lang='lat' dir='ltr'><strong>de</strong></span> <span class='ocrx_word' id='word_1_306' title='bbox 903 3442 988 3479; x_wconf 90' lang='lat' dir='ltr'><strong>seusu</strong></span> <span class='ocrx_word' id='word_1_307' title='bbox 1009 3423 1126 3481; x_wconf 88' lang='lat' dir='ltr'><strong>interno</strong></span> <span class='ocrx_word' id='word_1_308' title='bbox 1147 3423 1267 3501; x_wconf 90' lang='lat' dir='ltr'><strong>etquid</strong></span> 
     </span>
     <span class='ocr_line' id='line_1_34' title="bbox 57 3516 1264 3603; baseline -0.003 -20"><span class='ocrx_word' id='word_1_309' title='bbox 57 3538 62 3576; x_wconf 94' lang='lat'>:</span> <span class='ocrx_word' id='word_1_310' title='bbox 92 3523 225 3597; x_wconf 86' lang='lat' dir='ltr'><strong>discere,</strong></span> <span class='ocrx_word' id='word_1_311' title='bbox 256 3524 328 3602; x_wconf 90' lang='lat' dir='ltr'><strong>quid</strong></span> <span class='ocrx_word' id='word_1_312' title='bbox 345 3525 498 3603; x_wconf 89' lang='lat' dir='ltr'><strong>judicare,</strong></span> <span class='ocrx_word' id='word_1_313' title='bbox 529 3525 602 3603; x_wconf 88' lang='lat' dir='ltr'><strong>quid</strong></span> <span class='ocrx_word' id='word_1_314' title='bbox 623 3526 692 3582; x_wconf 91' lang='lat' dir='ltr'><strong>item</strong></span> <span class='ocrx_word' id='word_1_315' title='bbox 713 3521 831 3596; x_wconf 89' lang='lat' dir='ltr'><strong>docere,</strong></span> <span class='ocrx_word' id='word_1_316' title='bbox 860 3537 1002 3599; x_wconf 88' lang='lat' dir='ltr'><strong>quaenam</strong></span> <span class='ocrx_word' id='word_1_317' title='bbox 1023 3516 1094 3576; x_wconf 90' lang='lat' dir='ltr'><strong>adeo</strong></span> <span class='ocrx_word' id='word_1_318' title='bbox 1115 3533 1143 3577; x_wconf 91' lang='lat' dir='ltr'><strong>et</strong></span> <span class='ocrx_word' id='word_1_319' title='bbox 1163 3521 1264 3597; x_wconf 89' lang='lat' dir='ltr'><strong>quales</strong></span> 
     </span>
     <span class='ocr_line' id='line_1_35' title="bbox 58 3615 1268 3702; baseline 0.002 -25"><span class='ocrx_word' id='word_1_320' title='bbox 58 3634 86 3682; x_wconf 83' lang='lat' dir='ltr'><strong>rt</strong></span> <span class='ocrx_word' id='word_1_321' title='bbox 103 3623 276 3682; x_wconf 84' lang='lat' dir='ltr'><strong>dialecticae</strong></span> <span class='ocrx_word' id='word_1_322' title='bbox 296 3623 598 3702; x_wconf 72' lang='lat' dir='ltr'><strong>methodi‘primariae</strong></span> <span class='ocrx_word' id='word_1_323' title='bbox 609 3668 616 3696; x_wconf 91' lang='lat'><strong>,</strong></span> <span class='ocrx_word' id='word_1_324' title='bbox 638 3623 684 3680; x_wconf 92' lang='lat' dir='ltr'><strong>his</strong></span> <span class='ocrx_word' id='word_1_325' title='bbox 705 3622 793 3699; x_wconf 89' lang='lat' dir='ltr'><strong>igitur</strong></span> <span class='ocrx_word' id='word_1_326' title='bbox 814 3619 850 3678; x_wconf 91' lang='lat' dir='ltr'><strong>de</strong></span> <span class='ocrx_word' id='word_1_327' title='bbox 880 3618 967 3676; x_wconf 91' lang='lat' dir='ltr'><strong>rebus</strong></span> <span class='ocrx_word' id='word_1_328' title='bbox 989 3615 1096 3695; x_wconf 86' lang='lat' dir='ltr'><strong>placita</strong></span> <span class='ocrx_word' id='word_1_329' title='bbox 1112 3617 1268 3694; x_wconf 81' lang='lat' dir='ltr'><strong>exquirens</strong></span> 
     </span>
     <span class='ocr_line' id='line_1_36' title="bbox 58 3706 1262 3798; baseline 0 -21"><span class='ocrx_word' id='word_1_330' title='bbox 58 3706 209 3798; x_wconf 49' lang='lat' dir='ltr'><strong>adeusque&#39;</strong></span> <span class='ocrx_word' id='word_1_331' title='bbox 232 3707 379 3794; x_wconf 87' lang='lat' dir='ltr'><strong>Platonis,</strong></span> <span class='ocrx_word' id='word_1_332' title='bbox 411 3721 569 3780; x_wconf 88' lang='lat' dir='ltr'><strong>attendere-</strong></span> <span class='ocrx_word' id='word_1_333' title='bbox 590 3741 668 3778; x_wconf 89' lang='lat' dir='ltr'><strong>nunc</strong></span> <span class='ocrx_word' id='word_1_334' title='bbox 690 3717 805 3776; x_wconf 92' lang='lat' dir='ltr'><strong>demum</strong></span> <span class='ocrx_word' id='word_1_335' title='bbox 828 3717 888 3776; x_wconf 87' lang='lat' dir='ltr'><strong>vim</strong></span> <span class='ocrx_word' id='word_1_336' title='bbox 909 3733 1012 3774; x_wconf 86' lang='lat' dir='ltr'><strong>vocum</strong></span> <span class='ocrx_word' id='word_1_337' title='bbox 1032 3711 1150 3771; x_wconf 88' lang='lat' dir='ltr'><strong>illarum</strong></span> <span class='ocrx_word' id='word_1_338' title='bbox 1169 3720 1262 3798; x_wconf 91' lang='lat' dir='ltr'><strong>coepi.</strong></span> 
     </span>
     <span class='ocr_line' id='line_1_37' title="bbox 58 3809 1269 3899; baseline 0 -26"><span class='ocrx_word' id='word_1_339' title='bbox 58 3834 76 3873; x_wconf 80' lang='lat' dir='ltr'><strong>e</strong></span> <span class='ocrx_word' id='word_1_340' title='bbox 94 3841 147 3878; x_wconf 87' lang='lat' dir='ltr'><strong>usu</strong></span> <span class='ocrx_word' id='word_1_341' title='bbox 168 3820 231 3899; x_wconf 89' lang='lat' dir='ltr'><strong>ipse</strong></span> <span class='ocrx_word' id='word_1_342' title='bbox 249 3840 311 3878; x_wconf 88' lang='lat' dir='ltr'><strong>meo</strong></span> <span class='ocrx_word' id='word_1_343' title='bbox 331 3818 434 3893; x_wconf 90' lang='lat' dir='ltr'><strong>didici,</strong></span> <span class='ocrx_word' id='word_1_344' title='bbox 455 3819 528 3896; x_wconf 91' lang='lat' dir='ltr'><strong>quid</strong></span> <span class='ocrx_word' id='word_1_345' title='bbox 547 3832 618 3877; x_wconf 92' lang='lat' dir='ltr'><strong>esset</strong></span> <span class='ocrx_word' id='word_1_346' title='bbox 636 3816 753 3875; x_wconf 88' lang='lat' dir='ltr'><strong>tandem</strong></span> <span class='ocrx_word' id='word_1_347' title='bbox 773 3815 957 3872; x_wconf 91' lang='lat' dir='ltr'><strong>Platonicum</strong></span> <span class='ocrx_word' id='word_1_348' title='bbox 977 3809 1075 3886; x_wconf 89' lang='lat' dir='ltr'><strong>illud,</strong></span> <span class='ocrx_word' id='word_1_349' title='bbox 1091 3833 1150 3870; x_wconf 90' lang='lat' dir='ltr'><strong>uon</strong></span> <span class='ocrx_word' id='word_1_350' title='bbox 1171 3834 1187 3870; x_wconf 88' lang='lat' dir='ltr'><strong>a</strong></span> <span class='ocrx_word' id='word_1_351' title='bbox 1206 3818 1269 3873; x_wconf 80' lang='lat' dir='ltr'><strong>ve&#39;r·</strong></span> 
     </span>
     <span class='ocr_line' id='line_1_38' title="bbox 58 3911 1271 3996; baseline -0.004 -23"><span class='ocrx_word' id='word_1_352' title='bbox 58 3914 130 3978; x_wconf 76' lang='lat' dir='ltr'><strong>uad</strong></span> <span class='ocrx_word' id='word_1_353' title='bbox 148 3938 211 3989; x_wconf 88' lang='lat' dir='ltr'><strong>res,</strong></span> <span class='ocrx_word' id='word_1_354' title='bbox 230 3919 292 3977; x_wconf 87' lang='lat' dir='ltr'><strong>sive</strong></span> <span class='ocrx_word' id='word_1_355' title='bbox 312 3917 348 3975; x_wconf 91' lang='lat' dir='ltr'><strong>ab</strong></span> <span class='ocrx_word' id='word_1_356' title='bbox 368 3917 543 3996; x_wconf 84' lang='lat' dir='ltr'><strong>imaginibus</strong></span> <span class='ocrx_word' id='word_1_357' title='bbox 562 3918 599 3975; x_wconf 87' lang='lat' dir='ltr'><strong>ad</strong></span> <span class='ocrx_word' id='word_1_358' title='bbox 621 3917 789 3986; x_wconf 87' lang='lat' dir='ltr'><strong>veritatem,</strong></span> <span class='ocrx_word' id='word_1_359' title='bbox 811 3911 860 3970; x_wconf 87' lang='lat' dir='ltr'><strong>sed</strong></span> <span class='ocrx_word' id='word_1_360' title='bbox 884 3924 1004 3983; x_wconf 86' lang='lat' dir='ltr'><strong>eontra,</strong></span> <span class='ocrx_word' id='word_1_361' title='bbox 1025 3930 1042 3967; x_wconf 89' lang='lat' dir='ltr'><strong>a</strong></span> <span class='ocrx_word' id='word_1_362' title='bbox 1064 3930 1159 3968; x_wconf 84' lang='lat' dir='ltr'><strong>rerum</strong></span> <span class='ocrx_word' id='word_1_363' title='bbox 1180 3913 1271 3970; x_wconf 89' lang='lat' dir='ltr'><strong>intel-</strong></span> 
     </span>
     <span class='ocr_line' id='line_1_39' title="bbox 58 4007 1263 4093; baseline -0.006 -18"><span class='ocrx_word' id='word_1_364' title='bbox 58 4016 147 4089; x_wconf 75' lang='lat' dir='ltr'><strong>genua</strong></span> <span class='ocrx_word' id='word_1_365' title='bbox 167 4016 206 4075; x_wconf 81' lang='lat' dir='ltr'><strong>ed</strong></span> <span class='ocrx_word' id='word_1_366' title='bbox 229 4016 382 4075; x_wconf 85' lang='lat' dir='ltr'><strong>verborum</strong></span> <span class='ocrx_word' id='word_1_367' title='bbox 402 4016 651 4087; x_wconf 86' lang='lat' dir='ltr'><strong>observationem,</strong></span> <span class='ocrx_word' id='word_1_368' title='bbox 673 4035 689 4071; x_wconf 87' lang='lat' dir='ltr'><strong>a</strong></span> <span class='ocrx_word' id='word_1_369' title='bbox 711 4013 829 4071; x_wconf 67' lang='lat' dir='ltr'><strong>veritate</strong></span> <span class='ocrx_word' id='word_1_370' title='bbox 841 4022 996 4093; x_wconf 35' lang='lat' dir='ltr'><strong>,perspecta</strong></span> <span class='ocrx_word' id='word_1_371' title='bbox 1016 4007 1053 4066; x_wconf 84' lang='lat' dir='ltr'><strong>ad</strong></span> <span class='ocrx_word' id='word_1_372' title='bbox 1079 4011 1141 4083; x_wconf 75' lang='lat' dir='ltr'><strong>eius</strong></span> <span class='ocrx_word' id='word_1_373' title='bbox 1162 4011 1263 4086; x_wconf 86' lang='lat' dir='ltr'><strong>imagi-</strong></span> 
     </span>
     <span class='ocr_line' id='line_1_40' title="bbox 58 4107 1265 4196; baseline -0.004 -25"><span class='ocrx_word' id='word_1_374' title='bbox 58 4130 81 4171; x_wconf 81' lang='lat' dir='ltr'><strong>tt</strong></span> <span class='ocrx_word' id='word_1_375' title='bbox 107 4113 301 4174; x_wconf 87' lang='lat' dir='ltr'><strong>attendendas</strong></span> <span class='ocrx_word' id='word_1_376' title='bbox 324 4111 562 4196; x_wconf 27' lang='lat' dir='ltr'><strong>judicandasque,</strong></span> <span class='ocrx_word' id='word_1_377' title='bbox 584 4110 798 4191; x_wconf 89' lang='lat' dir='ltr'><strong>procedendum</strong></span> <span class='ocrx_word' id='word_1_378' title='bbox 818 4130 894 4166; x_wconf 90' lang='lat' dir='ltr'><strong>esse:</strong></span> <span class='ocrx_word' id='word_1_379' title='bbox 924 4107 1042 4165; x_wconf 86' lang='lat' dir='ltr'><strong>lectores</strong></span> <span class='ocrx_word' id='word_1_380' title='bbox 1064 4120 1178 4179; x_wconf 86' lang='lat' dir='ltr'><strong>autem,</strong></span> <span class='ocrx_word' id='word_1_381' title='bbox 1199 4109 1265 4187; x_wconf 91' lang='lat' dir='ltr'><strong>opi-</strong></span> 
     </span>
    </p>
   </div>
   <div class='ocr_carea' id='block_1_5' title="bbox 58 4300 259 4312">
    <p class='ocr_par' dir='ltr' id='par_1_6' title="bbox 58 4300 259 4312">
     <span class='ocr_line' id='line_1_41' title="bbox 58 4300 259 4312; baseline 0.015 -2"><span class='ocrx_word' id='word_1_382' title='bbox 58 4300 216 4312; x_wconf 69' lang='lat' dir='ltr'>·—n—----·</span> <span class='ocrx_word' id='word_1_383' title='bbox 226 4305 259 4310; x_wconf 60' lang='grc' dir='ltr'><strong>α·-</strong></span> 
     </span>
    </p>
   </div>
   <div class='ocr_carea' id='block_1_6' title="bbox 69 4425 314 4494">
    <p class='ocr_par' dir='ltr' id='par_1_7' title="bbox 69 4425 314 4494">
     <span class='ocr_line' id='line_1_42' title="bbox 69 4425 314 4494; baseline 0.004 -20"><span class='ocrx_word' id='word_1_384' title='bbox 69 4425 96 4485; x_wconf 84' lang='grc' dir='ltr'><strong>ι)</strong></span> <span class='ocrx_word' id='word_1_385' title='bbox 115 4428 188 4494; x_wconf 65' lang='grc' dir='ltr'><strong><em>ειμι.</em></strong></span> <span class='ocrx_word' id='word_1_386' title='bbox 207 4425 266 4476; x_wconf 80' lang='lat' dir='ltr'><strong>aas.</strong></span> <span class='ocrx_word' id='word_1_387' title='bbox 287 4425 314 4475; x_wconf 83' lang='lat' dir='ltr'><strong>s.</strong></span> 
     </span>
    </p>
   </div>
   <div class='ocr_carea' id='block_1_7' title="bbox 0 0 1402 5048">
    <p class='ocr_par' dir='ltr' id='par_1_8' title="bbox 0 0 1402 5048">
     <span class='ocr_line' id='line_1_43' title="bbox 0 0 1402 5048; baseline 0 0"><span class='ocrx_word' id='word_1_388' title='bbox 0 0 1402 5048; x_wconf 95' lang='lat' dir='ltr'><strong> </strong></span> 
     </span>
    </p>
   </div>
  </div>
 </body>
</html>
