2796 5048
666 253 727 311 532

77 426 124 484 cui
155 423 245 504 prosit
275 420 328 481 hac
354 421 466 480 ratione
496 419 604 497 injuste
629 438 731 477 surum
760 419 910 499 accipere,
940 416 1087 497 siquidem
1112 413 1236 488 eccidit,
1263 427 1306 488 ut,

17 593 30 609 ι
78 542 143 580 cunr
172 520 280 601 accipit
297 538 430 593 aurum,
451 516 725 598 praestantissimam
753 517 796 576 sui
825 529 936 596 partem
960 512 1189 595 ignobilissimae
1211 514 1308 571 servire

78 620 184 700 cogat?
226 616 317 691 Sane,
347 616 370 674 si
400 614 547 695 accipiens
575 634 696 688 curum,
726 613 821 672 filium
848 634 930 673 suurn
963 611 1013 673 vel
1033 610 1127 671 liliam
1144 611 1308 691 mancipium

80 714 207 775 efficeret
246 712 399 793 agrestium
435 725 464 771 et
498 711 696 792 improborum
728 711 896 786 hominum,
927 709 1154 790 haudquaquam
1181 709 1312 788 accepisse

78 807 245 894 prodesset,
276 810 386 870 etiamsi
413 809 487 870 adeo
511 798 602 889 ¹quam
625 809 786 890 plurimum
813 824 886 870 esses
914 822 1036 884 nactus3
1060 809 1107 866 sin
1127 826 1196 866 vero
1213 820 1312 886 purten

78 911 123 991 sui
142 908 356 970 divinissimam
372 907 450 988 parti
469 907 689 988 profanissimae
707 907 978 987 scelestissimaeqne
994 906 1106 966 servire
1119 905 1198 984 cogit
1207 923 1314 978 ,nonne

78 1010 166 1067 miser
191 1007 215 1066 is
244 1006 316 1081 erit,
339 1004 489 1084 multoque
518 1005 618 1082 mojori
643 1004 752 1064 damno
779 1027 831 1064 suo
860 1006 923 1064 auri
952 1003 1126 1065 muneribus
1155 1015 1313 1082 corruptus,

78 1126 164 1187 quam
193 1102 355 1185 Eriphyle,
376 1123 470 1183 quae,
492 1116 524 1161 ut
550 1102 672 1162 salutem
699 1103 796 1162 mariti
823 1102 979 1185 proderet,
1009 1100 1122 1161 monile
1150 1097 1230 1167 illud
1247 1119 1315 1156 acce·

79 1196 148 1286 pi'tt
168 1236 204 1246 -
223 1203 320 1280 Longe
341 1221 412 1260 sane
435 1202 562 1279 majore,
584 1215 616 1260 ut
634 1221 686 1282 ego
706 1201 772 1261 sibi·
793 1221 847 1281 pro
865 1199 921 1260 illo
943 1197 1148 1280 respondeam.
1167 1224 1205 1235 -
1224 1197 1316 1255 Nonne

79 1300 304 1382 intemperantia
334 1311 486 1380 propterea
513 1298 574 1357 lere
601 1299 718 1380 culpata
744 1312 805 1374 est,
834 1298 972 1377 quoniam
1000 1297 1033 1357 in
1051 1316 1085 1354 eu
1108 1289 1146 1355 td
1168 1288 1316 1356 δεινόνναί

78 1393 115 1459 rt
146 1393 226 1478 μέγα
258 1393 348 1457 ἐκεῖνο
377 1393 427 1456 καὶ
458 1391 611 1470 πολυειδὲς
637 1391 768 1477 θρέμμα
788 1392 868 1476 πέρα
888 1395 943 1456 τοῦ
964 1390 1085 1471 δέοντος
1105 1393 1236 1470 drittun
1257 1397 1317 1455 dire

80 1500 141 1559 ella
176 1496 343 1579 ingestaque
377 1507 408 1556 et
442 1499 605 1575 multiplex
629 1487 744 1574 seros
760 1500 849 1558 ultra
875 1518 967 1578 qnam
993 1499 1095 1574 decet,
1125 1497 1317 1558 remittitur?

84 1597 276 1668 contumacia
297 1609 392 1655 autem
411 1608 439 1654 ct
457 1594 614 1655 insolentia
633 1617 733 1657 nonne
753 1597 830 1667 hanc
850 1596 887 1656 oh
898 1617 1025 1656 caussam
1035 1594 1319 1678 improbatur,quod

82 1691 120 1757 rt
141 1687 305 1768 λεοντῶδές
325 1715 357 1755 τε
380 1691 429 1755 καὶ
451 1688 586 1774 ὀφεῶδες
607 1687 732 1777 αὔξηται
753 1693 802 1756 καὶ
823 1692 1007 1777 σαντείνηται
1027 1689 1245 1777 ἀναρμόστως·
1275 1695 1318 1753 les·

84 1806 195 1857 ninum
214 1808 245 1856 et
266 1804 476 1876 serpentinum
494 1797 583 1858 illut.
597 1820 696 1878 genus
719 1819 814 1877 supro
832 1800 951 1857 modum
969 1805 1119 1858 inarserit
1134 1809 1230 1878 atqua
1247 1806 1319 1855 ines·

83 1895 197 1959 tescit?
218 1896 294 1954 Tum
311 1895 396 1954 etiam
416 1913 515 1955 nonne
533 1894 671 1954 infamem
689 1894 818 1977 aliquem
836 1895 935 1956 reddit
954 1895 1071 1956 sordida
1090 1897 1177 1972 vita,
1197 1885 1269 1955 ὅταν
1285 1914 1319 1963 τις

82 1987 210 2066 ἀσθενὲς
237 1980 326 2074 φύσει
358 1986 419 2078 ἔχῃ
448 1986 487 2052 τιν’
510 1989 570 2054 τοῦ
593 1989 748 2070 βελτίστου
768 1985 863 2068 εἶδος,
886 1985 962 2054 ὥστε
979 1987 1025 2075 μή
1041 1986 1079 2054 dv
1101 1987 1260 2058 δύνασθαι
1274 1987 1319 2073 ἄρ-

50 2170 56 2180 ,
82 2118 147 2178 χειν
167 2093 230 2157 ταῖν
249 2091 282 2155 ἒν
300 2087 383 2181 αὐτῷ
405 2087 610 2178 θρεμμάτων·
634 2099 685 2156 uti
707 2103 794 2174 quie,
816 2096 893 2174 quod
910 2102 1055 2174 optimum
1073 2103 1108 2153 in
1128 2098 1251 2158 homine
1267 2107 1319 2167 est,

84 2201 246 2284 infirmum
276 2199 383 2272 habet,
414 2207 449 2256 ut
477 2218 536 2256 aare
564 2204 660 2276 possit
689 2202 723 2253 in
744 2197 873 2268 beatius,
894 2214 971 2272 quea
988 2201 1022 2251 να
1040 2201 1105 2272 ipso
1126 2207 1224 2272 aunt,
1243 2198 1318 2255 demi·

84 2296 185 2356 nort?
226 2295 321 2375 Ergo,
342 2309 375 2353 ut
403 2294 570 2372 hujusmodi
601 2294 648 2355 vir
677 2314 693 2352 a
720 2282 773 2353 tali
803 2290 929 2371 quodam
949 2290 1023 2351 duce
1041 2307 1190 2374 regatur,
1211 2316 1229 2354 s
1254 2293 1320 2374 quali

86 2395 212 2476 optimus
228 2393 354 2470 quisque
371 2392 498 2471 regitur,
521 2412 619 2451 nonno
638 2412 753 2451 servum
772 2391 866 2471 ipsum
885 2411 944 2450 esse
961 2388 1068 2450 dehere
1083 2389 1216 2454 dicimus
1233 2392 1320 2474 optimi

87 2492 145 2552 viri
179 2483 301 2569 ἔχοντος
330 2485 364 2548 ἒν
384 2480 468 2574 αὑτῷ
487 2481 526 2551 το
549 2491 636 2551 θεῖον
657 2480 768 2570 ἄρχον·
798 2495 851 2566 qui
871 2476 1013 2547 diuinum
1039 2495 1074 2546 t'ss
1103 2511 1137 2548 se
1156 2497 1224 2566 ipso
1245 2498 1321 2569 imps-

18 2620 29 2643 ·
86 2601 222 2651 retorem
260 2591 373 2651 hebet?
422 2593 550 2653 Praestat
579 2592 658 2650 enim
695 2591 819 2669 cuique,
851 2589 956 2650 divino
986 2591 1172 2673 sapientique
1205 2592 1320 2675 principi

85 2689 212 2768 subjici,
241 2691 368 2751 maxime
394 2688 531 2768 quidem,
562 2690 587 2750 si
615 2689 703 2748 talem
733 2688 766 2747 in
796 2709 825 2747 se
856 2689 920 2770 ipso
940 2686 1064 2767 haheat;
1086 2691 1110 2750 si
1131 2713 1195 2751 non
1214 2690 1322 2761 haheat,

86 2786 215 2868 principi
237 2788 387 2848 exteriori:
409 2783 460 2851 ἵνα
479 2783 520 2862 εἷς
535 2780 663 2865 δύναμιν
677 2778 783 2860 πάντες
800 2778 898 2865 ὅμοιοι
917 2778 998 2866 ὦμεν
1014 2786 1064 2848 καὶ
1082 2785 1179 2868 φίλοι,
1193 2787 1241 2874 τῷ
1254 2783 1323 2872 αὐτῷ

86 2884 313 2970 κυβερνώμενον
337 2901 373 2949 ut
390 2913 489 2950 omnes
505 2899 601 2950 simus
610 2934 619 2964 ,
631 2891 729 2968 quoad
737 2885 1189 2969 esy'uafieetpotest,censima'les
1208 2902 1239 2951 et
1257 2898 1323 2950 uari·

87 2998 116 3047 οι·
126 3034 135 3064 ,
165 2993 201 3049 ab
228 2995 324 3052 ecdem
339 3001 492 3072 ,principa
517 2996 692 3075 gubernati.
736 2993 801 3050 Huc
831 2992 943 3052 scilicet
973 3006 1001 3053 et
1032 2995 1079 3052 lea
1107 2996 1252 3077 respicit,
1271 3012 1323 3054 eum

89 3086 226 3147 omnibus
253 3092 370 3154 civibus
398 3112 488 3171 aeque
517 3092 661 3165 consulit,
695 3103 724 3150 et
752 3112 917 3168 puerorum
944 3099 1121 3167 institutio,
1153 3084 1192 3154 τδ
1222 3090 1269 3176 μή
1285 3086 1326 3176 ε’ρῑν

89 3181 270 3270 ἐλευθέρους
291 3184 378 3266 εἶναι,
402 3188 459 3265 ἕως
479 3185 516 3252 ἂν
537 3185 569 3252 ἓν
589 3185 689 3264 αὐτοῖς
694 3237 704 3264 ,
724 3183 825 3273 ὥσπερ
847 3187 880 3253 ἓν
903 3182 989 3254 πόλει
1013 3191 1162 3255 πολιτείαν
1186 3187 1326 3275 καταοτὴ·

89 3311 203 3368 σωμεν,
224 3291 273 3352 καὶ
294 3285 331 3353 το
352 3287 505 3372 βέλτιστον
532 3287 782 3377 θεραπεύσαντες,
813 3293 859 3379 τῷ
879 3285 951 3376 παρ’
972 3289 1046 3376 ἡμῖν
1066 3290 1194 3382 τοιούτῳ
1220 3293 1326 3359 ἅντινα·

90 3384 287 3473 νοστήσαιμεν
308 3388 427 3474 φύλακα
450 3385 556 3474 ὅμοιον
576 3393 625 3456 καὶ
646 3388 779 3475 ἄρχοντα
798 3392 832 3455 ἒν
851 3391 948 3481 αὐτῷ·
968 3397 1017 3458 καὶ
1030 3392 1099 3459 τότε
1117 3392 1163 3480 tq*
1177 3393 1326 3481 ἐλεύθερον

90 3488 228 3575 ἀφίεμεν·
258 3519 328 3555 cum
356 3521 402 3557 eoa
432 3500 539 3558 liberos
558 3520 621 3557 esse
643 3521 701 3557 non
719 3505 866 3572 sinimus,
888 3501 977 3558 donee
995 3508 1029 3558 in
1048 3508 1106 3575 iis,
1129 3511 1279 3580 tanquam
1299 3510 1324 3557 ts

90 3602 234 3672 ciuitate,
264 3602 481 3678 rempublicam
518 3608 785 3676 constituerimus,
817 3596 1024 3681 ¹‹iptimamque
1051 3610 1189 3681 ipsorum
1217 3611 1325 3681 portent

91 3696 238 3771 colentes,
269 3705 383 3774 optime
411 3707 510 3757 nostri
533 3708 626 3777 purte
659 3701 789 3758 similem
817 3709 850 3757 ι’νι
881 3701 938 3758 ιἸΙα
969 3703 1116 3779 quendam
1137 3713 1168 3760 et
1187 3703 1325 3761 custodem

93 3802 122 3850 et
148 3800 349 3870 imperantem
374 3807 600 3857 creauerimus:
631 3809 697 3856 tum
725 3800 843 3856 densum
881 3820 927 3856 eos
955 3800 1063 3857 liberae
1090 3821 1153 3858 cese
1179 3804 1325 3877 perenteti-

94 3913 197 3950 otus.»
224 3891 252 3972 l)
292 3894 418 3954 Divinae
446 3896 500 3954 hae
532 3896 661 3977 prolecto
689 3897 849 3955 sententiae
881 3909 965 3972 sunt,
996 3917 1011 3955 e
1042 3897 1151 3974 quihus
1171 3911 1200 3957 et
1221 3899 1325 3958 Cicero·

95 3989 1325 4075 mmmwfflmmmfflmwQQmmmmmmfflmm

89 4094 259 4163 possimus:
299 4101 326 4147 ct
363 4089 543 4168 praeclarum
572 4086 721 4151 Plutarchi
753 4093 948 4171 prooemium,
980 4093 1085 4153 lihello
1112 4096 1150 4152 de
1176 4095 1324 4154 audiendis

131 4340 161 4404 l)
180 4343 218 4392 De
238 4343 300 4411 liep-
315 4343 355 4395 lll.
374 4343 432 4395 589.
454 4343 649 4397 c.·-590.1).

132 4425 162 4488 2]
183 4425 245 4492 Cap.
266 4425 307 4478 53.
