2796 5048
678 231 737 291 tto

83 395 215 476 ditione,
243 400 294 480 qui
324 398 444 458 multam
473 406 525 479 pe'r
552 411 641 458 totam
669 398 761 458 vitam
785 396 979 476 gymnasticae
1011 415 1127 476 operam
1157 393 1292 466 dederunt,
1357 426 1359 458 1

85 497 196 558 nullam
223 519 291 559 vero
318 498 463 571 musicae,
495 509 555 554 tum
581 497 667 556 etiam
696 495 764 570 illi,
783 495 835 574 qui
855 509 955 556 contra
975 494 1134 554 fecerunt?
1152 522 1186 533 -
1202 493 1260 566 Qua
1272 491 1296 560 le

84 616 114 654 re
140 597 238 656 dicis?
257 596 353 654 -De
382 594 448 654 rudi
478 594 607 674 duraque
635 615 733 654 eorum
755 592 925 653 conditione
944 613 976 651 ac
995 591 1033 650 de
1054 605 1228 651 caeterorum
1242 589 1299 650 mol-

84 693 157 754 litie.
173 734 208 745 -
229 696 305 755 Novi
327 692 479 773 equidem,
506 714 572 768 eos,
598 694 649 773 qui
679 693 740 752 sola
769 704 892 751 utuntur
919 691 1100 772 gymnastica
1111 735 1121 764 ,
1140 689 1302 769 agrestiores,

82 793 135 871 qui
155 806 250 852 autem
271 793 329 851 unl
348 791 494 853 duntaxat
520 792 645 867 musici,
671 791 837 864 molliores,
857 810 943 869 quam
963 788 1066 862 decet,
1087 787 1164 849 fieri.
1182 815 1201 826 -
1234 788 1306 866 Atqui

83 889 224 950 iracunda
253 890 307 949 illa
337 904 457 950 naturae
484 890 527 950 vis
552 889 729 949 ferocitatem
756 888 873 968 gignat:
893 908 970 970 quae
987 900 1064 946 recte
1084 886 1222 960 exculta,
1242 886 1307 944 fortis

83 989 139 1062 sit,
161 989 248 1048 nimis
264 1004 358 1049 autem
378 991 512 1062 intensa,
534 988 616 1047 ferox
642 1001 670 1046 et
693 987 767 1046 dura
788 985 901 1047 evadat.
922 984 1026 1043 -Sic
1048 983 1123 1043 mibi
1143 982 1267 1042 videtur.
1286 1019 1308 1026 -

83 1086 163 1160 Quid
187 1091 280 1149 vero?
310 1086 563 1147 mansuetudinem
590 1107 650 1145 non
675 1085 779 1144 babeat
797 1083 971 1165 philosopha
988 1083 1080 1141 animi
1100 1083 1231 1141 natura?
1251 1101 1310 1160 quae

83 1185 170 1245 nimis
197 1187 330 1262 remissa,
351 1184 486 1260 mollior,
507 1205 593 1264 quam
621 1183 721 1257 decet,
750 1183 824 1257 erit,
855 1196 931 1242 recte
960 1195 1057 1251 autem
1086 1180 1227 1254 exculta,
1247 1200 1310 1237 man·

82 1297 161 1342 sueta
192 1305 223 1343 ac
253 1283 406 1345 modesta?
434 1316 470 1325 -
497 1283 548 1343 Est
578 1297 611 1342 ut
636 1281 721 1342 dicis.
747 1319 783 1330 -
807 1279 980 1340 Dicebamus
1006 1293 1123 1352 autem,
1155 1276 1312 1337 custodibus

82 1382 188 1441 nostris
219 1396 367 1463 utramque
397 1395 529 1441 naturam
559 1382 652 1440 inesse
682 1379 798 1440 debere.
829 1413 864 1423 -
891 1377 1035 1437 Diximus.
1055 1418 1102 1461 -.
1118 1376 1226 1436 Nonne
1253 1397 1312 1434 con-

9 1554 11 1559 ,
82 1499 182 1559 gruere
209 1480 286 1539 inter
313 1502 341 1540 sc
371 1495 399 1540 ct
424 1480 578 1540 concinere
607 1480 743 1560 oportet?
764 1507 799 1517 -
819 1476 959 1552 Quidni?
979 1501 1016 1515 -
1035 1466 1161 1534 Adimus
1191 1476 1269 1551 ejus,
1287 1475 1312 1532 in

13 1556 19 1569 ¹
82 1598 139 1656 quo
164 1576 235 1636 baec
263 1593 444 1653 consonant,
466 1593 628 1659 temperans
648 1591 689 1636 est
716 1590 745 1636 et
767 1577 872 1636 fortis?
892 1601 928 1610 -
947 1574 1084 1633 Omnino.
1106 1606 1143 1616 —
1163 1573 1237 1651 Ejus
1257 1561 1312 1632 seio

83 1675 215 1750 animus,
237 1675 269 1734 in
288 1697 346 1754 quo
366 1676 536 1752 dissonant,
557 1675 678 1735 timidus
699 1688 727 1735 et
746 1673 933 1754 agrestisl-
952 1671 990 1731 Et
1007 1673 1136 1731 maxime
1155 1671 1315 1751 quidem.-

81 1772 156 1853 Ergo
175 1774 342 1853 quicunque
363 1776 502 1853 musicam
531 1775 603 1834 sinit
627 1795 680 1855 per
700 1793 801 1848 aures,
822 1786 957 1850 tanquam
976 1769 1194 1844 infundibula,
1217 1770 1248 1828 in
1267 1770 1314 1827 ani·

80 1892 158 1930 mum
187 1893 271 1930 suum
299 1871 478 1948 infundere,
498 1895 570 1952 quas
598 1872 684 1931 modo
715 1853 1006 1944 disiimus„suavcs,
1037 1867 1141 1927 molles
1163 1888 1197 1927 ac
1218 1867 1317 1926 flebiles

80 1967 263 2046 harmonias,
284 1985 369 2050 atque
397 1985 518 2031 aetatem
542 1991 621 2031 suam
652 1971 685 2029 in
709 1968 844 2029 cantibus
864 1967 993 2028 animum
1020 1964 1241 2026 delinientibus
1259 1987 1314 2024 con·

82 2068 189 2141 sumit,
212 2069 237 2127 is
261 2070 387 2149 primum
417 2069 554 2148 quidem,
576 2071 600 2129 si
620 2067 693 2148 quid
711 2066 846 2127 iracundi
867 2064 1011 2139 habebat,
1032 2078 1175 2143 tanquam
1202 2048 1316 2136 ferrum,

9 2183 11 2195 ¹
82 2166 194 2224 emollit
222 2182 307 2246 atque
335 2167 407 2227 utile
435 2188 472 2225 ex
496 2166 598 2226 inutili
619 2165 749 2245 duroque
776 2163 886 2240 efficit,
908 2163 985 2224 idem
1003 2183 1091 2236 vero,
1114 2161 1167 2221 ubi
1187 2185 1249 2222 non
1266 2183 1317 2220 ces·

81 2278 145 2340 sat,
176 2263 228 2323 sed
254 2265 381 2324 mulcere
409 2286 441 2324 ac
467 2264 595 2324 delinire
621 2266 733 2344 pergit,
755 2264 883 2323 animum
910 2261 1028 2321 tandem
1058 2274 1154 2329 totum
1175 2260 1316 2340 liquefacit

81 2383 113 2420 ac
141 2363 278 2438 resolvit,
299 2361 393 2421 donec
420 2363 480 2424 vim
507 2382 621 2421 omnem
649 2375 677 2421 et
695 2362 768 2421 iram
785 2360 936 2421 sustulerit
954 2372 982 2418 et
1002 2345 1095 2418 veluti
1118 2379 1228 2420 nervos
1251 2360 1317 2419 exci-

82 2459 159 2518 derit
185 2459 295 2535 animi,
326 2480 466 2539 eumque,
498 2474 530 2520 ut
561 2458 641 2541 apud
675 2461 831 2520 Homerum
869 2475 929 2534 est,
959 2449 1125 2537 μαλθακόν
1156 2451 1317 2538 αἰχμητήν,

81 2558 200 2616 mollem
221 2568 425 2640 pugnatorem
451 2560 576 2619 effecerit
597 2556 636 2639 1).
656 2557 756 2617 —Sic
776 2573 818 2618 est
837 2560 966 2620 omnino.
986 2589 1022 2600 -
1042 2559 1157 2634 Quodsi
1175 2562 1244 2640 quis
1261 2555 1317 2631 ohr-

84 2669 146 2730 tra,
183 2657 291 2716 musica
331 2671 360 2716 et
389 2655 575 2738 philosophia
603 2657 750 2737 neglecti,
781 2657 976 2738 gymnasticae
1003 2679 1063 2718 sese
1091 2671 1186 2735 totum
1219 2658 1315 2729 tradit,

80 2754 205 2834 primum
225 2755 249 2813 is
269 2755 383 2814 firmum
403 2756 531 2837 corporis
546 2755 679 2815 habitum
699 2769 888 2832 consecutus,
909 2757 1002 2817 animi
1020 2756 1136 2817 viribus
1158 2777 1191 2816 ac
1214 2756 1315 2836 magni·

81 2849 184 2912 tudine
210 2853 383 2929 invalescit,
405 2854 565 2933 fortiorque
590 2875 676 2932 quam
702 2854 797 2912 suerat
824 2853 940 2915 evadit:
974 2855 1051 2915 idem
1078 2877 1167 2931 vero,
1201 2855 1253 2914 ubi
1279 2853 1315 2913 nil

81 2949 164 3009 aliud
188 2951 248 3030 agit
271 2958 360 3031 'atque
389 2951 425 3010 ab
453 2952 531 3022 omni
560 2951 649 3032 plane
676 2950 792 3010 alienus
817 2954 925 3011 musica
951 2967 1010 3030 est,
1039 2976 1161 3030 nonne,
1193 2955 1219 3012 si
1247 2950 1314 3031 quod

82 3047 176 3106 fuerat
205 3049 238 3106 in
268 3051 329 3127 ejus
356 3051 454 3109 animo
482 3049 616 3110 discendi
644 3050 793 3125 studium,
815 3051 845 3110 vi
873 3049 906 3110 id
936 3051 987 3111 sul
1013 3051 1191 3111 destituetur
1221 3050 1314 3128 fietque

79 3144 202 3204 surdum
228 3167 261 3205 ac
287 3137 422 3223 edecum,
443 3149 551 3228 quippe
579 3168 645 3206 cum
670 3147 783 3207 nullam
802 3147 933 3229 degustet
951 3149 1142 3231 disciplinam
1160 3170 1215 3209 nec
1236 3148 1314 3208 ullius

79 3244 119 3304 sit
146 3242 360 3322 disquisitionis
387 3259 437 3304 aut
465 3245 696 3304 ratiocinationis
723 3247 888 3327 particeps,
920 3247 1077 3307 hebescant
1106 3269 1177 3307 vcro
1206 3267 1312 3313 sensas,

81 3364 142 3402 non
168 3342 349 3417 excitentur,
371 3342 522 3418 colantur,
550 3357 721 3422 purgentur.
746 3387 782 3398 -
806 3344 854 3404 Sic
884 3345 983 3426 plane.
1003 3349 1080 3405 -A
1101 3347 1217 3406 ratione
1237 3345 1314 3425 igitur

80 3441 148 3500 talis
175 3441 260 3500 bomo
288 3442 424 3521 omnique
451 3441 550 3516 cultu,
581 3442 631 3521 qui
661 3443 786 3503 musicae
809 3442 953 3520 debetur,
974 3443 1168 3520 abhorrebit,
1190 3443 1272 3503 nulla
1287 3442 1311 3498 in

80 3539 261 3599 sermonibus
278 3541 463 3620 persuasione
483 3553 597 3615 utetur,
618 3538 669 3599 sed
688 3539 718 3600 vi
739 3554 767 3599 et
785 3542 888 3622 agresti
911 3542 1108 3617 immanitate,
1132 3542 1211 3601 serae
1230 3542 1312 3619 cujus-

81 3636 147 3695 dam
174 3637 283 3712 instar,
311 3637 349 3696 ad
377 3638 473 3698 omnia
502 3637 679 3719 agitabitur,
709 3639 798 3718 inque
826 3639 942 3699 inscitia
967 3654 995 3699 et
1018 3640 1148 3699 ruditate
1168 3641 1232 3700 sine
1252 3661 1313 3698 con·

80 3734 222 3794 cinnitate
243 3755 275 3792 ac
295 3737 385 3814 gratia
401 3737 491 3797 vivet.
508 3760 544 3769 -
561 3736 697 3796 Omnino.
718 3736 815 3796 -Ad
833 3737 903 3797 haec
919 3740 1008 3818 igitur
1031 3738 1110 3813 duo,
1133 3752 1167 3797 ut
1185 3750 1312 3820 apparet,

80 3845 154 3891 artes
182 3832 254 3892 duas
282 3832 456 3893 crediderim
485 3833 572 3893 deum
598 3835 725 3914 aliquem
755 3835 923 3894 bominibus
951 3837 1107 3911 tribuisse,
1128 3837 1267 3895 musicam
1290 3847 1313 3892 et

80 3932 307 4011 gymnasticam,
336 3929 374 3990 ad
401 3933 572 3992 iracundam
597 3955 700 4014 nempe
729 3932 856 3992 bominis
884 3948 912 3993 ct
939 3934 1143 4015 pbilosopbam
1174 3948 1312 4000 naturam,

81 4051 141 4088 non
170 4028 208 4088 ad
237 4031 366 4089 animum
396 4043 425 4088 et
450 4052 571 4112 corpus,
599 4032 656 4104 nisi
688 4052 740 4112 per
764 4034 1011 4112 opportunitatem
1041 4032 1191 4111 aliquam,
1214 4031 1264 4091 scd
1282 4028 1313 4088 ad

79 4127 177 4202 illud,
199 4142 230 4187 ut
255 4143 447 4188 consonarent
470 4131 547 4188 inter
574 4150 621 4203 se,
650 4144 792 4208 quatenus
818 4128 935 4205 deceat»,
966 4132 1081 4190 intensa
1112 4144 1200 4210 atque
1226 4129 1312 4190 remis·

116 4416 142 4480 11
160 4418 190 4468 rr.
210 4397 236 4485 ρ’
254 4417 312 4469 ssa.
