2796 5048
663 229 699 286 91

70 391 206 473 pulcrum
233 394 288 467 sit,
315 397 425 453 ratione
448 407 632 511 assequatur3
664 382 809 462 ἐλθόντος
829 385 864 449 δὲ
884 388 939 448 τοῦ
959 345 1064 507 λόγου,
1086 377 1274 459 όσιιόζοιτ’“
1256 407 1291 443 αν

73 484 175 565 αὐτόν,
197 440 350 572 γνωρίζων
371 487 408 552 δι’
429 485 592 572 οἰκειότητα
612 482 773 568 μάλιστα
756 513 772 550 ο
788 471 866 551 ου’τιό
879 488 1012 572 τραφεὶς·
1031 494 1209 550 adventante
1227 504 1291 543 τινα

72 599 208 668 ratione,
239 596 462 671 amplexabitur
498 616 562 651 eam
600 601 757 667 contiuuo,
788 603 825 650 at
862 587 1018 674 cegnalam
1045 573 1294 666 familiaremque

71 714 244 773 agreement.
267 688 378 771 1)‘Fit
401 696 441 753 ita
460 683 553 766 ’καλός
577 715 608 754 τε
635 639 783 777 κρίγαθός,
807 694 953 754 imovero
975 681 1128 768 μουσικός,
1156 678 1295 763 ἁρμονίαν

70 787 229 872 milicem
248 784 447 872 η’ρμοσμόνος,
470 790 506 856 oei
525 789 616 877 λόραν
638 789 708 855 οὐδὲ
728 793 845 867 παιδιᾶς
867 787 990 875 όργανα·
1013 785 1085 852 α’λλοὶ
1103 787 1147 873 τῷ
1166 780 1225 847 dmi
1241 783 1296 864 ζῆν

69 887 262 977 ἡρμοσμένος
283 887 373 968 ariade
394 889 485 957 αὐτοῦ
506 891 559 957 τόν
579 894 643 976 βίον
665 884 826 976 σόμφοινον
845 899 907 970 τοῖς
921 889 1018 974 λόγοις
1031 887 1108 978 πρός
1123 883 1161 950 τό
1177 882 1295 968 ἔργα.2)
1356 974 1359 980 Δ

68 995 175 1072 Qualis
204 1009 236 1054 ut
264 996 300 1054 sit
327 1012 495 1077 maneatque
524 1013 680 1080 perpetuo,
710 999 833 1111 optimus
856 997 971 1057 cavebit
994 1011 1106 1071 custos,
1137 983 1154 1050 ό
1179 982 1295 1068 λόγος,

68 1094 201 1218 μουσικῇ
234 1088 422 1174 κεκρόαενος,
455 1092 489 1170 ὂς
517 1091 609 1175 μόνος
645 1090 829 1214 ἐγγενόμενος
862 1117 963 1178 σωτρρ
996 1090 1120 1177 α’ρετῆς,
1152 1085 1200 1152 διὰ
1231 1087 1295 1168 βίου

69 1194 177 1258 ἐνοικεῖ
194 1220 236 1282 τφ
260 1191 366 1277 ἔχοντι.
384 1197 415 1280 3)

110 1261 246 1361 Diximus
280 1298 317 1358 de
351 1302 477 1377 musica,
506 1323 603 1381 quam,
624 1300 759 1382 probavit
794 1302 934 1380 uniceque
966 1297 1176 1358 commendavit
1207 1294 1294 1352 Plato.

70 1398 183 1469 Pariter
210 1397 351 1457 statuebat
378 1399 414 1458 de
439 1400 604 1480 sculptura,
634 1400 671 1459 de
699 1400 851 1474 statuaria,
883 1399 919 1459 de
944 1400 1065 1479 pictura.
1115 1396 1174 1453 Has
1202 1413 1296 1452 omnes

70 1510 145 1555 artes
174 1496 213 1553 ita
232 1494 364 1555 laudavit
386 1499 526 1573 maxime,
548 1513 579 1557 ut
599 1499 722 1556 maxime
746 1512 773 1556 et
793 1499 912 1577 gratiam
941 1494 1104 1554 referebant
1131 1506 1158 1551 et
1182 1491 1296 1549 harmo-
1371 1544 1374 1549 .

71 1595 152 1653 niam
181 1593 323 1668 musicae,
345 1608 372 1652 et
397 1596 456 1653 vim
474 1595 621 1655 habebant
639 1594 677 1654 ad
697 1595 793 1654 decori
814 1595 982 1672 honestique
1003 1613 1124 1651 amorem
1144 1592 1175 1648 in
1196 1589 1296 1646 animis

68 1693 214 1770 juvenum
238 1691 433 1752 excitandum.
463 1695 556 1752 Poe'tis
573 1715 632 1754 non
651 1707 782 1767 tautum,
803 1694 843 1751 ait
853 1691 1138 1773 ‚praecipiendum,
1150 1700 1191 1745 ut
1206 1687 1296 1745 bonae

72 1788 220 1871 indolis
212 1791 364 1868 imaginem
392 1791 568 1850 carminibus
595 1793 654 1850 suis
676 1792 858 1872 exprimant,
889 1789 946 1849 nil
962 1791 1109 1863 inserant,
1130 1785 1206 1866 quod
1235 1786 1296 1843 illi-

69 1862 171 1969 berale
198 1888 236 1946 sit
258 1900 285 1946 et
314 1889 501 1948 indecorum:
521 1890 573 1953 sed
602 1889 679 1976 idem
704 1890 789 1947 etiam
813 1888 931 1948 caeteris
954 1869 1190 2005 praecipiendupi
1210 1883 1295 1942 artili-

70 1985 173 2060 cibus,
203 1981 253 2048 ἵνα
278 1980 321 2067 μή
350 1984 382 2046 ἐν
407 1983 507 2061 κακίας
533 1980 622 2047 εἰκόσι
643 1980 820 2068 τρεφόμενοι
843 1975 916 2068 η’μῖν
937 1983 966 2046 οἱ
985 1978 1169 2104 φόλακες,
1148 1976 1243 2062 ωόιιερ
1266 1980 1297 2042 ἐν

70 2085 150 2177 κααῇ
174 2079 300 2174 fierem,
328 2083 459 2149 uolld‘
447 2084 571 2171 εκόοτιγς
597 2082 712 2173 ἡμέρας
733 2084 807 2151 aurai
828 2083 953 2171 σμικρόν
973 2083 1033 2148 eiad
1054 2086 1169 2147 πολλῶν
1191 2078 1297 2166 δρεπό-

69 2185 157 2267 μενοί
182 2212 212 2251 τε
240 2190 288 2252 καὶ
315 2185 483 2270 νεμόμενοι,
512 2189 543 2253 ἓν
564 2215 591 2253 τι
612 2186 792 2267 ξονιστόντες
813 2186 982 2254 laudabam
1002 2184 1092 2252 κακόν
1112 2184 1187 2269 μέγα
1208 2185 1239 2248 ἓν
1259 2186 1299 2272 τῇ

70 2285 172 2352 αὑτων
193 2292 291 2377 φυγῇ.
341 2294 530 2367 Quamobrem
558 2316 604 2354 eos
631 2308 658 2354 et
686 2295 835 2373 exquirere
859 2307 969 2375 oportet
988 2292 1111 2353 artifices
1129 2305 1156 2351 ct
1175 2289 1273 2350 solos
1266 2312 1296 2348 ιιι

69 2392 281 2474 rempublicam
300 2395 466 2468 admittere,
491 2387 561 2466 τοός
583 2387 701 2512 εόφυοις
723 2388 933 2515 δυναμένους
922 2385 1043 2513 ιγνεόειν
1063 2416 1119 2473 την
1139 2413 1191 2451 του
1180 2387 1300 2450 καλοῦ

68 2515 100 2554 τε
124 2491 174 2554 καὶ
197 2487 380 2612 εόσγιγμρνος
400 2487 501 2575 φόσιν·
529 2489 580 2569 ἵν,
603 2487 700 2577 ὡόιιιρ
723 2493 755 2554 ἒν
775 2489 887 2615 όγιεινρι
907 2489 990 2580 τόπῳ
1013 2490 1168 2609 οἷνοῦγτες,
1190 2489 1218 2553 οἱ
1239 2486 1295 2551 νέοι

69 2589 287 2677 ω’φελῶνται’
267 2619 325 2656 uuo
349 2590 472 2670 παντός,
496 2590 652 2658 όαόθεν
632 2622 668 2657 αν
689 2591 787 2672 αὐτοῖς
808 2592 868 2658 arrd
890 2598 950 2659 τῶν
964 2591 1095 2658 καλῶν
1078 2591 1207 2677 εργοινῆ
1223 2586 1298 2675 πρός

69 2689 146 2774 ὄψιν
172 2691 194 2778 ἢ
219 2693 295 2779 πρός
322 2692 411 2783 οἷκοήν
436 2722 463 2759 τι
489 2694 659 2785 προσβάλῃ,
688 2692 786 2781 ὥσπερ
814 2694 892 2781 αὖρα
919 2694 1052 2781 φέρουσα
1078 2692 1138 2758 αἰιό
1160 2695 1298 2778 χρηστῶν

66 2796 175 2862 τόπων
207 2794 332 2880 όγίειαν,
363 2799 411 2861 καὶ
443 2795 535 2876 eladi
566 2800 598 2861 ἐκ
631 2799 746 2863 παίδων
770 2796 907 2888 λανθάνῃ
934 2800 974 2875 εἰς
1001 2788 1165 2882 όμοιότιγτό
1193 2821 1223 2861 τε
1249 2797 1297 2858 καὶ

66 2900 174 2986 φιλίαν
194 2902 242 2963 καὶ
262 2903 436 2984 ξομφοινίαν
455 2904 500 2989 aqi
519 2904 600 2989 καλῷ
620 2899 698 2988 λόγῳ
721 2897 840 2984 ἄγουσα.
852 2903 884 2985 4)

400 3121 448 3180 De
465 3125 590 3198 pulcro,
611 3125 687 3201 qaod
706 3131 851 3199 epectam't
868 3123 968 3183 Plato.

111 3316 161 3375 Sic
189 3320 262 3376 artes
290 3317 408 3391 valent,
436 3321 468 3378 in
495 3320 595 3400 primis
614 3323 739 3396 musica,
763 3320 801 3379 ad
819 3321 915 3400 pulcri
936 3319 1123 3380 excitandum
1141 3320 1172 3376 in
1192 3318 1294 3375 animis

66 3411 214 3474 amorem:
235 3416 285 3494 qui
305 3417 365 3495 ipse
386 3430 427 3474 est
445 3420 568 3477 musicae
586 3417 653 3478 sinis
673 3419 799 3478 ultimus.
831 3420 897 3480 Δεῖ
916 3415 957 3480 δέ
976 3441 1043 3478 που
1063 3414 1229 3499 τελευτᾷν
1249 3408 1292 3474 τά

67 3507 229 3593 μουσικοὶ
259 3513 308 3586 εἰς
338 3507 381 3573 toi
412 3515 477 3574 τοῦ
506 3517 619 3593 καλοῦ
649 3513 812 3598 ἐρωτικά.
836 3522 866 3602 5)
917 3521 974 3580 Sed
1009 3535 1039 3578 ut
1069 3519 1201 3600 operibus
1237 3519 1294 3576 suis

68 3617 153 3675 hunc
184 3617 312 3674 excitent
338 3615 473 3695 alantque
496 3638 635 3691 amorem,
656 3619 728 3696 quid
754 3621 870 3680 tandem
900 3633 940 3677 est
969 3618 1064 3691 illud,
1092 3617 1169 3696 quod
1198 3618 1294 3695 sequi,

69 3712 278 3793 quod'imitari
297 3712 445 3774 debeant?
456 3715 535 3782 0Esse
550 3715 626 3775 illud
645 3716 777 3795 pulcrum
796 3720 957 3799 perfectum
959 3763 967 3791 ‚
987 3717 1080 3797 ipsum
1098 3717 1213 3773 omnino
1232 3714 1295 3794 pul·

71 3812 114 3870 cri
136 3810 301 3891 exemplar,
322 3832 357 3868 ex
376 3811 430 3870 hoc
450 3834 546 3870 earum
566 3813 624 3872 line
643 3827 671 3872 et
690 3816 823 3874 omnibus
833 3863 841 3890 ‚
863 3818 1009 3896 quaejam
1028 3814 1173 3886 diximus,
1195 3825 1294 3892 sponte

72 3909 259 3988 intelligitur.
297 3910 512 3984 Veruntamen,
542 3933 579 3970 ne
608 3928 730 3972 nostram
769 3914 951 3974 aestheticam
987 3935 1051 3974 cum
1088 3913 1233 3973 Platonica
1261 3909 1297 3968 de

109 4085 135 4150 1)
153 4087 192 4137 ae
207 4087 269 4154 ορ.
288 4074 334 4134 ιιι.’
356 4085 414 4137 402.
431 4086 461 4138 A.

124 4170 150 4235 ι)
168 4171 245 4221 tect.
257 4169 347 4223 teat).

110 4254 135 4320 a)
154 4258 191 4308 oe
206 4258 267 4325 οφ.
285 4259 352 4308 vm.
370 4257 429 4309 549.
447 4258 476 4309 Β.

111 4340 136 4406 ι)
154 4344 215 4394 noa.
234 4344 279 4392 111.
299 4341 355 4394 ιοι.
378 4343 406 4396 c.
424 4343 454 4394 ο.

110 4426 136 4491 5)
154 4429 215 4479 nee.
233 4425 290 4479 toa.
310 4426 340 4480 ο.
