2796 5048
686 236 746 300 606

91 415 210 468 vicerit.
234 404 278 487 1)-
304 405 512 486 Exspectamns
541 405 611 466 hino
642 407 750 481 facile,
772 402 923 488 politicam
938 400 1078 482 deinceps
1098 400 1230 483 princeps
1245 401 1304 463 luto·

91 524 232 565 ramesse
252 502 401 564 scribendi
423 517 641 583 argumentum
668 518 696 564 ct
722 521 813 580 veru,
835 514 986 583 postquam
1005 499 1040 559 iu
1059 498 1204 580 principio
1220 497 1305 581 dialogi

90 603 189 685 Scipio
212 622 279 661 cum
305 601 423 676 amicis,
454 603 505 681 qui
531 600 733 678 advenerant,
763 600 908 661 Socratica
936 598 1048 659 ratione
1073 595 1112 657 do
1141 610 1254 676 umoqne
1268 598 1307 659 illo

90 702 168 776 sole,
198 699 405 779 mittendisque
433 700 573 761 inanibus
602 699 639 761 de
669 701 750 760 coelo
780 697 1030 780 quaestiunculis,
1060 714 1095 754 ac
1123 695 1309 776 pertractandis

89 798 176 859 rebus
203 798 357 873 humanis,
384 797 605 875 disseruerunt,
631 800 759 879 quaestio
788 799 928 858 continuo
957 795 1122 868 excitatur,
1143 794 1210 873 quis
1227 794 1260 855 sit
1273 815 1309 875 op

86 900 177 958 timus
204 897 332 957 civitatis
359 911 458 958 status.
505 897 721 978 Quamobrem,
748 898 790 958 ait
817 895 952 970 Laelius,
972 903 1009 954 ut
1033 894 1092 952 boo
1113 895 1222 969 serias
1247 896 1309 953 nolit

88 998 129 1056 ad
144 998 323 1056 utilissimos
341 998 525 1077 reipublicae
543 1019 693 1057 sormones
706 1005 899 1075 potissimum
918 995 1142 1069 conserantur,
1165 990 1311 1070 Scipionem

87 1117 244 1177 rogemus,
273 1105 310 1153 ut
336 1096 483 1172 explicet,
514 1113 600 1170 quem
616 1103 783 1170 tensurus·
800 1116 861 1154 otu
879 1099 1026 1172 optimum
1045 1100 1166 1172 statupa
1186 1097 1312 1151 cisilolt'c

86 1192 207 1253 Deinde
227 1195 293 1253 olio
316 1216 508 1273 quaeremus.
538 1193 570 1274 2)
611 1173 685 1255 Hoc¹
702 1194 792 1274 igitur
808 1192 949 1253 continuo
966 1203 997 1250 ct
1015 1188 1151 1270 Scipioni
1169 1202 1199 1251 ct
1216 1190 1314 1249 casuri

85 1292 179 1351 solum
200 1306 243 1352 est
269 1291 434 1353 disserendi
459 1306 678 1374 augumentum
702 1305 877 1374 quapropter
898 1289 1023 1371 primum
1034 1333 1043 1363 ,
1060 1285 1137 1367 quid
1154 1286 1195 1347 sit
1211 1287 1314 1361 civitat,

84 1389 194 1450 deinde
221 1403 291 1470 quot
318 1411 424 1473 genera
452 1391 604 1452 civitatum
631 1392 709 1466 sint,
731 1405 812 1465 tum,
841 1387 921 1468 quod
947 1387 1073 1447 maxims
1100 1398 1251 1467 spectant,
1265 1385 1315 1464 quis

84 1488 212 1568 optimus
241 1488 279 1548 sit
307 1489 437 1549 civitatis
465 1502 572 1565 status,
601 1504 755 1569 quaerunt.
797 1486 962 1568 inquibus
981 1484 1167 1548 sermonibus
1184 1482 1316 1547 tradendo

84 1587 201 1661 Cicero,
231 1587 363 1666 quamvis
396 1587 532 1648 universe
562 1588 711 1648 Platonem
738 1600 853 1648 secutus
882 1600 942 1661 est,
971 1583 1025 1643 illo
1049 1596 1149 1642 tamen
1179 1582 1260 1658 loco,
1276 1580 1315 1643 ubi

83 1683 121 1743 de
136 1684 288 1745 civitatum
306 1684 463 1765 generibus
479 1705 516 1745 ac
535 1684 572 1745 do
589 1687 698 1769 optima
716 1685 836 1746 civitate
863 1684 941 1763 agit,
962 1702 1050 1743 unam
1066 1681 1200 1743 maxime
1218 1678 1314 1760 Polybi

83 1783 257 1842 sententiam
281 1783 415 1864 exponit.
456 1786 522 1859 Quo
543 1799 647 1866 sponte
674 1782 713 1845 ad
739 1781 921 1864 reipublicae
938 1783 1085 1843 Romanae
1104 1779 1314 1861 descriptionem

83 1881 228 1961 pervenit.
281 1884 354 1941 Nam
382 1881 542 1963 Polybius,
573 1896 605 1942 ut
632 1902 649 1941 o
678 1866 752 1943 scxti
779 1881 852 1941 libri
883 1878 1052 1959 fragmentis
1078 1890 1183 1959 patet,
1212 1879 1244 1941 in
1267 1878 1315 1957 ipso

83 1979 277 2038 Romanorum
305 1980 425 2040 civitate
454 1981 557 2062 optimi
586 1995 676 2042 status
704 1979 870 2061 exemplum
888 1978 1027 2059 reperisse
1045 1976 1115 2039 sibi·
1128 1977 1212 2039 visus
1230 1976 1315 2037 fuerat

81 2076 170 2136 Hune
200 2077 290 2157 igitur
317 2079 349 2138 in
379 2077 460 2138 bisce
490 2094 605 2143 secutus
633 2080 753 2154 Cicero,
783 2099 849 2138 cum
878 2077 1001 2136 mixtum
1028 2075 1190 2156 imperium
1216 2072 1314 2135 castaus

81 2176 210 2237 civitatis
237 2176 394 2256 generibus
420 2178 567 2258 praelent,
595 2192 656 2238 tum
686 2178 793 2239 locum·
811 2177 898 2237 illum
927 2175 965 2235 de
984 2177 1132 2236 Romanae
1153 2173 1315 2259 reipublicae

81 2274 258 2355 praestantia
286 2275 349 2333 fuss
372 2288 401 2334 ct
422 2274 524 2335 dedita
549 2277 637 2359 opes-b
661 2282 779 2337 tractat.
820 2276 856 2336 ln
882 2275 963 2334 hisce
992 2265 1131 2335 omnibus
1164 2272 1220 2333 vix
1242 2268 1315 2350 quid·

80 2392 167 2451 quam
194 2372 338 2447 occurrit,
365 2372 445 2452 quod
469 2374 598 2434 Platonis
623 2376 709 2435 nobis
732 2376 840 2436 referat
865 2374 1036 2433 Politiom:
1057 2368 1220 2450 Polybium
1237 2368 1315 2450 expri-

81 2470 135 2527 mit
162 2469 282 2546 Gicero,
310 2482 372 2529 tum
404 2472 492 2533 a'tiam
521 2486 550 2533 et
576 2474 668 2534 Ennii
697 2487 727 2532 et
755 2494 825 2534 vero
853 2471 970 2534 Catonis
1000 2470 1166 2533 sententies
1186 2468 1313 2551 explicat:

80 2566 168 2646 hujus
187 2581 283 2627 autem
301 2567 357 2628 boc
377 2571 505 2630 maxime
522 2572 650 2632 celebrat
669 2571 708 2632 de
723 2573 853 2633 Romana
867 2571 988 2632 civitam
1007 2569 1122 2630 effatum
1132 2611 1142 2642 ‚
1164 2589 1227 2631 nou
1244 2567 1314 2629 unius

80 2686 142 2724 eam
161 2664 290 2726 hominis
310 2667 447 2746 ingenio,
470 2670 521 2730 sed
539 2670 716 2746 multorum,
742 2691 797 2730 noo
818 2670 876 2729 und
894 2668 1021 2728 hominis
1041 2665 1104 2729 titi
1115 2709 1125 2739 ‚
1144 2667 1201 2733 scd
1220 2667 1313 2744 aliquot

80 2765 265 2824 constitutam
283 2767 407 2826 saeculis
424 2781 452 2828 ct
469 2770 610 2830 aetatibus
634 2771 733 2831 luisse.
775 2771 847 2829 Nam
856 2815 865 2845 ‚
889 2782 920 2827 ut
938 2767 1142 2846 descripturus
1162 2764 1241 2826 hano
1257 2783 1313 2822 tcm-

80 2862 229 2942 publicam
257 2877 318 2938 est,
348 2864 401 2924 illa
428 2865 574 2926 dicentem
603 2867 769 2949 Scipionem
795 2869 875 2930 facit.
919 2867 1042 2927 Catonis
1068 2866 1123 2925 hoe
1168 2872 1251 2930 settis
1267 2875 1312 2925 esti

79 2979 182 3037 quom,
209 2971 246 3020 ut
264 2969 370 3039 scitia,
394 2971 484 3023 urtice
501 2968 599 3025 dilect·
616 2975 803 3046 maximaque
832 2991 899 3028 aum
924 2969 1121 3043 odonis-otus,
1145 2978 1255 3050 cuique
1276 2969 1311 3030 ool

77 3066 183 3135 patris
210 3068 370 3140 uanusque
394 3064 537 3139 judicio,
568 3066 616 3122 ool
640 3072 734 3124 etiam
761 3089 823 3124 meo
852 3069 952 3126 studio
972 3090 1018 3126 mo
1037 3080 1138 3133 totum
1160 3079 1198 3136 ob
1215 3075 1311 3134 odoba-

79 3162 182 3215 oontiu
208 3158 332 3230 oecion
357 3169 449 3237 cujus
475 3183 521 3220 ms
549 3184 706 3242 nunquam
728 3173 845 3223 sotim
863 3175 965 3245 potuit
988 3179 1109 3230 oratio:
1130 3179 1311 3233 moment

79 3262 114 3314 in
140 3257 258 3316 lemnius
284 3256 317 3337 3)
345 3281 420 3318 usus
446 3263 630 3338 reipublicae
640 3306 649 3336 ,
671 3284 762 3340 quom
778 3273 809 3321 ot
824 3267 905 3324 domi
923 3276 954 3324 ot
972 3270 1106 3330 militina
1125 3294 1201 3332 oum
1219 3279 1309 3352 optim

80 3364 146 3413 tum
174 3363 267 3413 otiam
297 3358 469 3417 diutissime
499 3370 656 3439 gesserat,
682 3370 714 3418 ot
743 3364 848 3422 modus
875 3370 909 3421 t'u
937 3367 1079 3442 dicem,
1109 3381 1152 3432 st,
1170 3379 1309 3454 gma‘tsb

79 3461 197 3513 metus
214 3456 293 3533 lepos
302 3502 311 3532 ,
327 3467 357 3515 et
375 3478 525 3516 mmmum
543 3460 592 3518 ool
608 3462 746 3518 &scandi
766 3464 903 3522 studium
922 3467 973 3528 ool,
989 3468 1115 3528 docendi
1124 3514 1134 3546 ,
1146 3482 1179 3530 ot
1197 3469 1309 3531 mussi

81 3559 146 3610 vito
173 3556 332 3615 admodum
358 3579 535 3638 congruam.
578 3557 613 3617 Ia
639 3561 739 3618 dicore
759 3563 890 3643 solebat,
917 3566 1052 3625 obberto
1074 3589 1221 3630 musam
1233 3589 1308 3650 pm-

81 3660 165 3710 storo
194 3664 316 3715 nostros
342 3662 483 3714 ciuitatis
510 3656 640 3716 statum*
657 3667 787 3718 coeteris
807 3665 1001 3738 ciuitatibus,
1022 3667 1101 3743 quod
1119 3675 1156 3726 im
1175 3670 1241 3728 slus
1257 3676 1308 3726 tis·

78 3751 150 3831 guli
168 3755 311 3828 fuissent
328 3757 418 3830 fore,
439 3778 567 3833 quorum
594 3779 681 3816 suom
704 3767 831 3837 quisquo
855 3765 1070 3840 rempublicam
1094 3772 1308 3827 constituissent

82 3850 196 3930 legibus
222 3861 312 3930 atquo
339 3860 497 3915 institutis
528 3863 593 3916 suia
604 3877 619 3927 ‚·
648 3867 697 3915 ut·
712 3857 840 3918 Crotum
872 3861 987 3938 Minos,
1014 3863 1305 3929 leudomarum

119 4159 146 4225 1)
166 4161 217 4215 Cic.
236 4165 273 4215 De
289 4165 350 4234 ch.
370 4166 396 4236 Ι..
411 4166 433 4217 1.

116 4245 145 4310 2)
164 4249 225 4301 sos.
243 4267 263 4301 c.
281 4249 324 4301 20.

85 4351 90 4358 ⁴
114 4329 334 4396 missenensis
354 4346 380 4389 at
400 4337 512 4390 suomi.
556 4334 612 4394 Hos
634 4343 664 4396 id
683 4346 794 4413 requirit
808 4345 961 4401 Gicersnis:
977 4359 1004 4400 et
1025 4357 1147 4404 assuras·
1162 4354 1269 4423 postem

80 4421 209 4483 unedo
229 4447 264 4461 -
284 4431 308 4475 et
328 4425 455 4490 poscitote
474 4418 569 4482 austu
587 4428 655 4497 lepos
671 4456 709 4471 ⁶-
725 4440 750 4485 st
769 4449 888 4487 mutuatu
906 4461 941 4475 -ν
957 4445 980 4485 et
998 4438 1155 4496 motioni-
