2796 5048
667 226 721 283 tto

89 417 193 476 rosque
217 397 320 453 nomba
344 395 514 464 invelieris,
542 413 599 447 utre
624 400 741 465 excepto
768 387 900 444 Socrate.
927 385 956 465 l)
982 387 1080 444 Talem
1109 398 1212 443 autem
1242 385 1275 443 in
1295 404 1321 449 sc,

85 516 211 556 amorem
231 508 262 553 ut
289 494 320 552 in
334 491 498 571 ,discipulis
524 489 662 547 excitaret
691 485 837 558 Socrates,
858 506 923 542 eum
950 505 1040 543 mores
1068 484 1232 541 effecerunt
1250 481 1303 543 viri
1310 526 1318 556 ,

85 609 146 655 tum
167 593 289 652 effecisse
317 589 433 650 videtur
458 572 588 647 maxime*
610 586 680 644 hacc
709 586 789 664 ipsa,
815 605 900 661 quam
926 583 1126 663 explicamus,
1158 572 1317 660 μαιευταή.

86 695 158 752 Nam
177 705 235 751 erat
252 689 305 749 illa
324 709 390 747 cum
414 685 581 753 incredibili
608 683 732 762 quadarn
760 682 960 743 benivolentia
979 697 1007 740 et
1024 682 1156 741 caritatis
1175 682 1315 763 significa·

86 792 165 850 tione
185 790 357 866 conjuncta:
380 779 456 866 ἔρως
470 801 564 845 autem
575 777 727 863 ἀντέρωτα
747 778 847 840 τίκτει·
870 802 956 839 amor
968 788 1102 839 vicissim
1118 802 1259 839 amorem
1269 802 1315 859 pc·

84 897 139 949 rit.
168 886 238 946 'Sed
256 888 311 967 ipsi
332 887 506 968 disciplinae
525 886 578 945 hoc
600 886 748 967 proprium
768 898 845 957 erat,
868 896 899 941 ut
922 893 1033 962 pareret
1060 899 1200 939 amorem.
1253 879 1315 939 Neu

81 988 227 1068 primum,
247 983 368 1044 sublatis
395 985 585 1066 opinionibus
604 984 685 1042 falsis
704 997 731 1077 et
751 981 984 1063 praeoccupatis,
1012 998 1136 1037 amorem
1168 977 1251 1053 veri,
1269 976 1314 1037 diu

83 1087 145 1144 istis
164 1103 327 1164 oppressum
348 1097 375 1141 ct
394 1085 453 1142 fere
473 1084 659 1156 suffocatum,
681 1086 817 1158 tanquam
838 1100 852 1136 e
873 1081 969 1136 cinere
988 1076 1161 1150 suscitabat,
1182 1088 1218 1133 ut
1234 1096 1314 1135 exet-

82 1183 209 1243 desceret
228 1181 259 1239 in
280 1181 393 1239 animo:
415 1181 469 1239 boc
489 1195 583 1239 autem
602 1183 667 1260 quis
685 1194 727 1238 est
744 1180 795 1258 qui
817 1176 999 1248 incenditur,
1020 1176 1093 1253 quin
1112 1173 1219 1233 eodem
1240 1194 1310 1256 prae

81 1295 224 1365 ceptorem
244 1277 341 1336 studio
360 1292 388 1336 et
412 1300 523 1352 amore,
536 1300 601 1357 ,quo
612 1322 615 1327 ·
626 1281 717 1358 ipsam
739 1278 906 1348 veritatem,
929 1287 1117 1354 prosequatur
1129 1274 1154 1346 l,
1166 1273 1222 1333 Est
1241 1274 1310 1333 enin

81 1364 132 1437 hic
151 1378 207 1458 ipsi
226 1398 286 1435 non
299 1378 405 1435 ¹summi
428 1391 540 1437 tantum
559 1376 693 1436 beneficii
712 1389 830 1448 auctor,
851 1374 902 1433 sed
923 1372 1087 1453 exemplum
1106 1373 1219 1447 ctiam,
1242 1370 1310 1451 quod

81 1477 191 1554 assequi
210 1475 341 1548 studeat,
363 1477 423 1556 ipsa
441 1489 483 1534 est
500 1475 546 1534 illi
566 1475 698 1535 veritatis
716 1474 889 1551 virtutisque
907 1473 1017 1550 imago,
1039 1490 1095 1548 qua
1116 1470 1310 1552 contemplan-

82 1573 119 1632 da
137 1572 315 1650 colendaque
325 1618 334 1646 ,
355 1574 487 1632 amatoris
505 1574 593 1654 plane
612 1574 721 1644 instar,
740 1570 837 1629 satiari
855 1592 915 1631 nou
932 1582 1035 1650 potest:
1055 1568 1153 1642 Vero,
1173 1569 1219 1628 sic
1233 1568 1309 1651 plane

81 1672 215 1731 divinum
235 1687 445 1752 praeceptorem
468 1672 602 1731 amabant
622 1670 778 1743 Socratici,
798 1671 839 1728 sic
861 1690 925 1726 eum
952 1682 1014 1749 post
1040 1680 1161 1725 mortem
1186 1666 1308 1727 venerati

82 1784 150 1829 sunt
173 1783 200 1828 et
221 1769 382 1829 coluerunt.
429 1769 560 1844 Deinde,
581 1771 630 1848 qui
657 1769 710 1827 hac
737 1768 896 1848 disciplina
921 1789 936 1824 a
961 1765 1075 1824 Socrate
1098 1765 1307 1846 perpurgabau·

82 1882 147 1941 tur,
169 1868 292 1947 primum
312 1867 429 1945 quidem
449 1889 530 1948 aegre
555 1867 706 1942 ferebant,
728 1867 835 1924 auferri
860 1866 916 1923 sibi
941 1880 992 1938 ea,
1013 1863 1119 1942 quibus
1144 1864 1235 1923 unice
1259 1862 1306 1945 glo
1337 1840 1341 1881 l

82 1966 251 2051 ciebantur,
272 1988 399 2045 quaeque
425 1981 455 2025 ut
481 1968 565 2047 partd
587 1967 704 2045 ingenio
731 1987 781 2023 suo
805 1964 925 2045 paterne
952 1965 1070 2021 caritate
1098 1961 1307 2042 diligebantet

81 2063 305 2138 osculabantur,
332 2079 487 2144 erantque,
510 2080 541 2124 ut
572 2067 612 2124 ait
641 2065 786 2136 Socrates,
808 2064 856 2141 qni
884 2064 977 2143 ipsum
997 2062 1048 2120 has
1072 2061 1134 2119 illis
1156 2083 1251 2141 nugas
1267 2082 1306 2121 eu·

80 2163 217 2221 ferentem
247 2164 478 2241 rejicientemque
490 2210 497 2236 ,
512 2177 624 2222 tantum
652 2183 709 2220 non
739 2159 913 2220 morderent.
956 2160 1013 2219 Sed
1033 2159 1141 2232 iidem,
1163 2175 1305 2241 postquam

80 2260 166 2340 plane
190 2275 278 2318 'erant
301 2262 483 2340 perpurgati,
505 2275 585 2319 tanto
610 2261 774 2340 semctipsos
799 2260 865 2318 odio
894 2259 1057 2331 habebant,
1087 2270 1199 2336 quanto
1230 2257 1305 2317 illum

81 2357 335 2416 colebantamore.
388 2358 621 2439 Indignabautnr
640 2359 736 2432 enim,
757 2356 868 2416 tamdiu
888 2379 916 2415 se
935 2358 1095 2438 torpuisse,
1117 2354 1266 2435 vitamqric
1281 2375 1304 2415 sc

48 2511 51 2518 .
80 2455 175 2514 adbuc
193 2453 301 2532 degisse
319 2455 469 2535 indignam
499 2457 615 2534 ingenio
644 2479 703 2516 sno.
747 2458 811 2530 Quo
832 2477 900 2515 vero
927 2455 1067 2531 abjectius
1091 2456 1128 2515 de
1154 2455 1303 2536 semetipm

82 2552 263 2626 sentiebant,
284 2574 316 2612 eo
336 2553 373 2612 de
394 2554 507 2613 Socrate
530 2555 761 2633 magnificentius
781 2554 1002 2614 existimabant:
1023 2575 1136 2633 qnoque
1151 2551 1302 2635 magis-sibi

80 2651 177 2710 deesse
196 2650 353 2731 videbant,
374 2653 452 2730 quod
471 2654 541 2734 ipsis
557 2653 716 2741 sufficeret,
738 2677 771 2713 eo
789 2653 938 2712 ardentius
959 2653 1210 2733 amplectebantur
1229 2672 1299 2726 enm,

78 2771 135 2828 quo
150 2749 204 2808 hoc
223 2750 373 2829 explerent
386 2749 577 2825 desiderium,
591 2773 679 2831 eoque
700 2753 785 2811 illurn
800 2751 934 2810 amabant
950 2752 1150 2811 vehementius
1161 2775 1167 2808 ε
1177 2770 1297 2829 ,amorem

60 2848 233 2924 .eniu1,de
260 2849 402 2907 Diotimae
430 2852 590 2925 sententia,
613 2851 775 2928 indigentia
803 2853 888 2930 parit.
931 2851 1103 2929 Hnjnsmodi
1127 2864 1172 2907 est
1190 2863 1221 2908 et
1239 2848 1297 2909 binc

77 2947 269 3027 proficiscitur
287 2945 496 3026 discipulorum
525 2970 590 3028 erga
618 2963 827 3029 praeceptorem
848 2969 926 3007 amor
937 2995 944 3021 ,
966 2938 1064 3028 qualis
1083 2949 1215 3009 Socrates
1233 2948 1294 3007 tuit:

79 3045 119 3102 sie
149 3058 224 3102 certe
252 3046 346 3123 ipsum
376 3044 519 3103 Socratem
546 3049 671 3120 amavit,
695 3062 726 3106 ut
744 3046 828 3105 modo
848 3046 993 3105 coufessus
1013 3062 1073 3120 est,
1095 3046 1294 3128 Apollodorus,

78 3143 127 3219 qui
143 3141 179 3199 ab
194 3141 248 3200 hoc
262 3143 364 3200 amoris
379 3143 475 3232 furore
490 3144 577 3222 plane
593 3159 620 3202 et
636 3147 828 3206 cntlrnsiasmo
843 3139 965 3221 μανικός
980 3146 1120 3227 appellari
1138 3143 1256 3203 solebat.
1269 3138 1293 3217 2}

119 3240 227 3313 Quodsi
244 3243 303 3315 jam
331 3239 367 3298 de
395 3261 427 3298 eo
455 3243 732 3322 quaerimus,quod
762 3247 829 3304 item
858 3247 985 3305 Socrates
1005 3245 1109 3331 inxilla
1138 3238 1292 3321 μαιευτικῆς

11 3398 14 3403 ,
78 3339 269 3418 descriptione
289 3341 472 3413 memoravit,
493 3343 542 3419 qui
566 3342 734 3400 accederent
757 3343 925 3424 adipsum,
946 3345 1047 3403 horum
1076 3344 1202 3424 primum
1228 3366 1290 3405 non·

77 3436 174 3497 nullos
190 3435 305 3516 quidem
323 3432 381 3497 tion
403 3437 487 3497 valde
505 3437 612 3497 dociles
632 3442 707 3519 yisos
725 3462 797 3515 esse,
817 3444 887 3502 alios
908 3443 1005 3515 rudes,
1023 3464 1119 3501 omnes
1139 3463 1289 3523 ve1·o,pro

79 3534 198 3592 cedente
224 3556 275 3593 usu
298 3550 325 3594 et
352 3537 579 3612 consuetudine,
606 3539 747 3617 siquidem
776 3541 846 3599 deus
878 3544 1003 3615 faveret,
1029 3541 1178 3600 mirabiles
1204 3542 1291 3601 fecisse

78 3654 257 3713 progressttS,
279 3632 458 3712 θαυμαστόν
473 3630 544 3696 ὅσον
559 3632 756 3711 ἐπιδιδόντας·
774 3639 804 3720 3)
821 3640 873 3699 hoe
890 3643 955 3699 item
971 3663 1008 3699 ex
1023 3639 1166 3698 Socratica
1184 3654 1290 3699 natutae

79 3731 220 3792 hnmanae
239 3736 437 3798 observatione
455 3738 580 3799 efficitur
599 3742 694 3800 facile.
722 3744 792 3799 Nam
814 3739 963 3821 purgando
981 3740 1077 3797 animo
1096 3737 1301 3814 liberandoque

77 3835 218 3910 perversis
238 3837 444 3915 opinionibus,
467 3860 531 3896 cum
552 3840 627 3898 viam
651 3840 818 3899 recludebat
841 3836 1070 3898 adolescentibus
1090 3837 1184 3896 omnis
1209 3826 1311 3894 scieu-

78 3930 134 3987 tiae
154 3946 181 3989 et
200 3934 332 4009 virtutis,
354 3951 414 3995 tum
435 3938 489 4017 ipsi
518 3937 571 3995 hac
601 3941 648 3997 ria
673 3960 730 3996 non
757 3953 889 4018 poterant
913 3960 972 3997 non
992 3936 1139 3995 celerrime
1157 3927 1276 4014 progredi
1302 3970 1340 3989 -

77 4026 139 4086 Hoc
165 4030 231 4087 item
257 4046 283 4090 et
308 4034 362 4114 ipsi
386 4035 572 4094 tribuendum
600 4036 726 4107 Socrati,
753 4040 800 4114 qui
822 4040 892 4094 inira
918 4035 1038 4115 valebat,
1059 4032 1220 4105 incitandi,
1236 4022 1340 4086 roffi

111 4254 134 4308 ll
152 4260 233 4324 Sputp.
253 4258 302 4308 1¹13
316 4260 344 4309 ll.

108 4341 134 4395 2)
155 4344 212 4392 liud.

106 4427 131 4480 3)
155 4429 247 4478 l'lreaet.
272 4429 363 4479 1501).
