2796 5048
715 227 771 286 135
816 238 819 243 '

921 296 951 359 0

119 369 167 435 bis
188 381 365 443 sublimibus¹
392 386 524 464 concepit
551 388 645 444 animo
673 408 688 443 a
717 402 815 447 tenera
840 387 909 447 inde
937 404 1045 464 aetate,
1072 391 1141 449 haec
1170 392 1341 472 igitur'uon

130 470 231 541 lateant
256 481 368 541 diutius
397 484 429 541 in
457 485 514 542 imo
534 497 674 564 pectore,
696 487 746 546 sed
771 486 912 566 prodeant
938 487 968 545 in
994 488 1086 546 lucem
1115 503 1143 548 et
1162 492 1241 567 quasi
1259 503 1343 570 partu

132 574 299 645 enitantur.
342 579 406 638 Non
433 582 623 661 perspiciebat
643 585 781 642 continuo
801 584 946 657 Socrates,
967 582 1039 661 quid
1059 584 1115 643 sibi
1135 586 1225 646 vellet
1251 585 1341 655 Dicti-

136 685 188 747 ne,
205 698 295 757 quum
315 680 416 737 amoris
431 680 562 759 aperiens
578 694 722 753 naturam,
744 682 862 741 obscure
881 682 949 740 satis
962 684 1180 762 pronunciaret:
1203 676 1264 743 ἔστι
1284 676 1341 762 yolo

58 820 83 852 ἢ
139 769 209 833 ttrite
229 769 316 849 τόκος
337 774 369 835 ἐν
389 776 482 862 καλῷ,
504 776 553 837 καὶ
572 773 645 837 κατά
665 774 701 838 cd
722 779 809 856 σῶμα
829 772 967 838 rainucci
986 773 1041 859 τήν
1061 775 1172 861 ψυχήν·
1187 780 1216 865 1)
1233 797 1342 862 portua

58 890 95 946 ge
144 869 179 929 lic
197 888 237 937 cst
256 886 289 936 in
306 881 433 956 pulcro,
462 902 529 937 cum
549 901 669 956 corpore
689 891 754 938 tum
780 889 878 938 citime
891 903 905 951 ,·
936 902 1013 939 nunc
1039 903 1109 956 nos,
1137 885 1166 941 ni
1190 883 1337 957 fallimur,

58 1003 101 1041 11:
147 967 257 1045 tlttcurae
284 977 441 1035 sententiae
467 992 495 1036 et
523 980 602 1056 quasi
633 980 847 1038 vaticinationis
876 980 934 1037 vim
962 992 990 1037 et
1015 1000 1128 1037 sensum
1156 982 1337 1059 assequimur.

58 1091 102 1139 tax
147 1067 199 1131 llam
213 1089 279 1133 sunt
298 1075 400 1137 natura
419 1074 549 1134 homines
567 1090 624 1134 tam
642 1078 755 1150 animo,
776 1097 860 1153 quam
880 1097 995 1156 corpore
1011 1091 1217 1156 praegnantes,
1237 1098 1342 1139 conce-

73 1175 100 1237 ὴ
146 1185 228 1244 perum
247 1171 429 1231 naturalibus
452 1172 497 1231 his
525 1175 695 1254 optirnarum
724 1195 835 1247 rerum,
856 1174 981 1233 sincerae
1002 1176 1136 1234 scientiae
1156 1178 1341 1254 veritatisque

59 1276 90 1332 a}
142 1270 315 1347 appetitibus,
332 1271 472 1329 virtutum
491 1273 617 1330 omnium
637 1287 664 1330 et
683 1274 838 1354 sapientiae
857 1272 982 1331 semina:
1004 1271 1109 1350 quibus
1128 1272 1210 1353 pleni
1225 1274 1340 1332 referti-

58 1392 91 1447 ra,
138 1380 178 1437 qne
194 1382 221 1427 et
237 1369 318 1447 quasi
337 1366 526 1426 exuberantes
544 1371 668 1448 gestiunt
683 1390 782 1450 parere
800 1369 957 1448 aliquando
977 1385 1004 1429 et
1021 1391 1178 1451 procreare.
1221 1371 1274 1428 His
1289 1391 1338 1427 au-

69 1456 86 1533 j
132 1469 172 1519 lem
187 1466 295 1543 quidni
311 1465 445 1545 pulcrum
460 1487 518 1524 esse
533 1466 661 1525 dicamus
671 1468 751 1545 quasi
762 1468 901 1525 Lucinam
910 1468 1073 1546 quandam?
1095 1469 1199 1547 quidni
1216 1489 1337 1528 amorem

58 1558 80 1629 μ’
124 1552 152 1613 iis
177 1582 241 1622 esse
270 1565 409 1622 fateamur
426 1564 520 1643 ipsum
537 1572 570 1620 ic
588 1567 694 1641 palere
712 1564 862 1642 portum?
892 1564 948 1628 sed
968 1587 1045 1624 nunc
1063 1588 1115 1624 nos
1134 1587 1225 1644 neque
1241 1586 1339 1624 sensus

58 1648 74 1751 g
114 1651 161 1725 ltu
177 1658 256 1721 latet
275 1682 389 1735 eorum,
410 1681 481 1740 quae
498 1661 534 1721 de
552 1662 676 1720 foetibus
691 1663 858 1722 divinorum
876 1664 1003 1722 virorum
1020 1663 1118 1722 eadem
1134 1662 1338 1743 pronunciavit

58 1770 69 1873 p
112 1753 221 1817 molier
247 1758 429 1840 pbilompha.
472 1759 507 1817 ln
532 1759 637 1837 quibus
667 1760 739 1839 leges
768 1761 933 1820 memoravit
953 1760 1095 1841 Lycurgi,
1125 1782 1196 1839 quae
1220 1759 1335 1840 Spartae
1389 1812 1393 1817 .

58 1886 60 1891 ·
107 1847 234 1916 luerunt
253 1870 281 1915 et
301 1852 451 1916 universae
471 1859 530 1914 scre
548 1857 684 1939 Graeciae
704 1860 888 1931 servatrices,
911 1858 984 1937 leges
1002 1860 1072 1939 item·
1086 1858 1199 1917 Solonis
1218 1871 1245 1915 et
1265 1858 1336 1915 cele·

103 1943 238 2013 henima
253 1977 380 2034 quaeque
397 1956 616 2014 clarissimorum
633 1957 759 2015 virorum
773 1958 909 2029 inventa,
930 1970 1045 2036 propter
1059 1977 1129 2034 quos
1144 1969 1238 2031 natos,
1258 1957 1336 2034 inge·

101 2045 144 2103 ni0
160 2068 275 2130 partos
285 2099 293 2128 ,
314 2053 434 2130 adjicit,
454 2053 560 2135 templa
582 2055 617 2112 iis
632 2067 659 2112 et
673 2075 749 2111 sacra
771 2050 864 2112 dicata
882 2068 947 2112 sunt
973 2053 1115 2133 plurima3
1146 2067 1261 2134 propter
1278 2052 1336 2112 hu-

97 2162 212 2210 manos
229 2173 315 2226 vero,
346 2151 437 2210 nulla.
479 2153 512 2210 In
531 2152 577 2210 bis
595 2153 670 2210 enim
691 2153 819 2210 omnium
838 2154 978 2224 maxime,
1006 2172 1077 2229 quac
1096 2152 1132 2209 iis
1150 2152 1228 2210 intus
1244 2152 1336 2210 inerat

94 2239 216 2309 divina
230 2249 359 2323 indoles,
376 2250 484 2330 pulcris
499 2250 661 2331 spectandis
678 2249 905 2328 diligendisque,
923 2262 981 2307 tota
997 2263 1039 2307 est
1054 2250 1174 2307 excitata
1190 2249 1335 2329 adipsum

93 2347 340 2426 persequendum
359 2348 492 2428 pulcrum
502 2394 510 2420 ‚
532 2349 587 2406 imo
611 2369 678 2406 vero
696 2344 870 2431 inflammata
890 2346 987 2406 estad
1010 2348 1121 2428 ipsum,
1143 2346 1220 2426 qnod
1238 2367 1334 2427 perse

93 2437 260 2519 &bonum
275 2460 317 2504 est
330 2459 357 2504 et
366 2448 476 2522 justum
490 2459 517 2504 et
530 2447 640 2506 civitati
653 2445 737 2519 utile,
746 2445 783 2502 ad
794 2445 943 2503 civitatum
954 2444 1074 2503 salutem
1083 2444 1291 2503 adhibendum.
1303 2442 1336 2524 2)

127 2533 173 2594 In
197 2544 313 2622 -quibus
322 2524 446 2651 placitis
477 2545 500 2602 sl
520 2546 583 2623 quis
602 2545 744 2625 poeticum
765 2557 932 2621 aspernatur
955 2543 1095 2616 colorem,
1125 2545 1173 2623 qui
1201 2564 1217 2600 a
1241 2542 1333 2622 philo-

92 2630 211 2713 ⁸⁰Pl¹ia
238 2642 351 2701 alienus
379 2655 515 2723 putatur,
546 2642 649 2721 cogitet
677 2640 778 2711 velim,
809 2639 887 2698 haud
907 2639 1058 2705 abhorrere
1081 2642 1134 2699 ista
1153 2661 1169 2698 a
1190 2641 1334 2698 naturali-

93 2729 143 2788 11113
166 2741 286 2799 mentis
304 2739 444 2798 humanae
464 2738 648 2812 notionibus,
669 2758 740 2815 quac
764 2737 871 2816 linguis
899 2736 1072 2815 dicendique
1102 2759 1155 2795 usu
1183 2758 1330 2817 expressae

96 2838 235 2903 etquasi
257 2838 439 2916 consignatae
462 2850 538 2895 sunt.
579 2836 650 2909 Quis
672 2835 750 2893 enim
773 2835 913 2916 populus,
934 2834 1034 2915 paullo
1062 2835 1179 2913 quidem
1207 2833 1335 2910 cultior,

97 2922 142 2983 sul
179 2951 249 2992 non
279 2933 378 3013 lingua
405 2933 455 2992 bas
485 2935 575 3015 ipsas,
596 2931 701 3011 quibus
730 2955 781 2991 nos
810 2934 853 2991 usi
880 2954 996 3007 sumus,
1018 2954 1101 2993 voces
1136 2933 1332 3010 dictionesque

99 3033 250 3106 usurpat?
273 3033 407 3090 Dicentes
426 3033 557 3091 audimus
576 3031 705 3090 homines
715 3077 723 3104 ,
744 3031 793 3109 qui
814 3029 925 3090 dudum
941 3031 1061 3089 consilia
1078 3030 1216 3108 quaedam
1237 3044 1331 3088 mente

102 3118 273 3205 agitaruut,
295 3129 339 3187 his
357 3150 386 3186 sc
405 3131 534 3188 consiliis
549 3132 652 3206 plector
667 3130 865 3208 gravidaeque
884 3129 984 3187 fuisse:
1005 3126 1036 3207 3)
1057 3128 1134 3206 quod
1149 3124 1256 3187 'dicunt
1271 3149 1328 3186 non

106 3216 182 3279 (lllssli
192 3272 204 3301 ,
225 3249 286 3286 non
307 3225 471 3307 philosophi
489 3242 600 3286 tantum
610 3272 618 3300 ,
640 3226 781 3286 Socratem
801 3242 828 3287 et
847 3228 993 3286 Platonem
1013 3229 1133 3302 imitati,
1165 3228 1215 3287 sed
1236 3229 1332 3285 minus

109 3312 177 3377 culti
189 3327 287 3399 item,
308 3324 413 3403 quibus
436 3346 584 3404 nunquam
604 3347 670 3383 sanc
691 3326 819 3384 innotuit
838 3325 939 3384 horum
958 3325 1194 3407 philosophorum
1215 3346 1320 3383 nomen

113 3411 249 3482 cultiores
269 3424 301 3481 in
321 3422 456 3480 familiari
482 3424 556 3481 vitae
576 3423 784 3482 consuetudine
807 3422 843 3483 de
863 3423 988 3503 ingeniis
1008 3423 1192 3502 judicantes,
1214 3423 1330 3502 ingenia

112 3507 262 3580 memorant
281 3521 454 3596 foecunde,
479 3520 547 3579 item
565 3523 694 3580 sterilia.
718 3518 749 3601 la)
777 3502 884 3581 Omnes
902 3534 959 3581 tam
979 3521 1074 3596 docti,
1095 3542 1179 3599 quam
1198 3519 1329 3592 indocti,

111 3602 196 3675 libros
212 3633 319 3679 vocant
336 3626 527 3698 ingeniorum
541 3622 664 3694 foetur,
687 3620 717 3701 5)
738 3628 921 3699 comptorum
939 3623 1070 3697 prolem,
1096 3620 1173 3698 quod
1195 3619 1325 3680 vetustis-

107 3698 175 3771 ⁵l¹11i
190 3698 292 3776 Graeci
302 3764 310 3790 ,
331 3715 454 3774 necdum
481 3717 588 3775 exculti
618 3717 749 3777 doctrina
760 3766 767 3793 ,
789 3717 825 3777 de
842 3716 982 3799 sapientia
1002 3718 1195 3798 usurpabant,
1217 3718 1324 3775 Miner-

103 3811 175 3869 Van]
190 3814 329 3894 fingentes
356 3814 436 3874 Jovis
463 3814 555 3892 capite
575 3816 727 3876 cerebrove
757 3831 876 3896 partam.
918 3817 995 3889 Quid
1025 3816 1119 3873 (licam
1148 3816 1184 3874 de
1213 3822 1325 3871 eiramis

101 3958 253 3994 χ--
259 3988 366 3994 *m
393 3942 398 3947 “

139 4071 170 4138 1)
184 4077 265 4143 εφη».
281 4073 332 4125 aoo
351 4075 381 4127 n.

133 4154 168 4225 ἓ)
183 4161 245 4211 Eod.
263 4157 322 4209 209.
342 4157 380 4211 Cf.
399 4176 476 4226 supra
496 4176 521 4227 p.
539 4159 597 4210 283.

135 4242 167 4307 3)
183 4247 303 4313 hunger
314 4261 381 4313 quau
394 4256 444 4296 tm
459 4250 605 4313 andrapon.

136 4328 167 4395 4)
187 4330 289 4385 mum
302 4332 479 4396 etloecuadum
493 4330 619 4381 Periclem
635 4340 712 4382 vocat
725 4330 815 4383 Cicero
831 4334 899 4383 Orat.
921 4350 941 4381 c.
962 4330 984 4381 l.

140 4414 167 4479 5)
185 4417 405 4475 stmmebtea.
