2796 5048
645 220 704 279 385

45 386 82 437 e'n
103 380 259 437 ὄιαιινιιιιι
278 379 392 436 taralis
411 378 525 458 degere.
560 377 589 458 l)
608 381 700 461 Ergo,
726 396 757 441 ut
777 383 961 444 escenderint
979 407 1019 466 ex*
1030 401 1116 446 antro
1132 401 1161 446 et
1175 389 1289 470 singula

48 476 205 550 viderint,
223 495 283 533 non
305 473 469 535 cedendum
488 479 594 535 nostris
614 478 795 560 philosophis
811 495 870 555 cst,
890 483 969 560 quod
990 504 1069 543 nunc
1095 484 1131 543 iis
1159 486 1224 546 cedi
1243 509 1291 547 so-

48 576 112 651 let,
128 566 172 634 ro*
191 567 285 633 αὐταῦ
304 567 475 651 καταμένειν
497 571 547 635 καὶ
568 570 613 656 μή
636 571 744 637 ἐθέλειν
769 571 858 638 πάλιν
877 578 1060 658 καταβαίνειν
1079 576 1149 663 παρ’
1168 568 1293 659 ἒκείνοιῗς

12 744 19 757 ·
48 669 122 750 roric
142 667 319 754 δεσμώτας,
338 671 422 757 μηδὲ
442 671 576 756 μετέχειν
596 677 658 738 τῶν
673 674 743 761 παρ’
755 677 873 755 ἕκιίνοις
890 675 989 743 πόνων
1003 704 1035 744 τι
1050 681 1100 745 καὶ
1115 683 1292 763 reprimite

50 770 301 863 φαυλότεραι,”
272 799 329 838 erre
351 772 591 861 onorodocdrepoe·
616 792 651 839 ot
677 783 728 840 ill
704 784 744 841 loc
764 794 909 843 moneant
928 807 981 843 oar
1000 787 1176 847 descendere
1194 791 1290 851 denuo

27 884 93 941 ‚ad
103 883 176 940 illos
201 888 334 958 captivos
357 883 455 940 velint
470 904 523 940 noc
540 884 676 941 ludorum
693 888 824 940 ictorum
843 885 1066 961 honorumque,
1089 893 1150 983 rior
1168 891 1292 948 viliores

51 990 120 1045 tint
139 989 203 1041 otoo
220 981 426 1039 honoratiores
434 988 626 1058 ,participor
645 1000 715 1038 erro.
718 981 736 1008 ''
748 977 780 1059 2)

92 1078 259 1141 Socraticus
280 1096 382 1158 nempe
401 1078 593 1159 philosophus
617 1077 699 1136 Plato
719 1077 794 1151 luit,
824 1079 903 1156 quod
924 1048 1116 1139 identidem
1108 1103 1141 1140 ιιι
1161 1082 1208 1143 his
1228 1084 1292 1144 dis-

50 1178 263 1262 quisitionibus
283 1189 313 1234 et
332 1196 538 1257 saepenumero
568 1175 846 1251 animadvertimus,
877 1191 905 1236 et
931 1178 1064 1256 quamvis
1085 1178 1146 1259 ipse
1167 1181 1292 1241 subinde

51 1279 144 1340 altius
162 1274 300 1349 tendere,
321 1295 408 1353 quam
428 1275 574 1336 Socratica
595 1276 668 1334 ratio
689 1274 791 1348 ferret,
822 1274 989 1349 videretur,
1011 1290 1127 1350 tamen,
1146 1278 1172 1336 si
1192 1279 1293 1358 philo-

50 1376 187 1460 sophiam
206 1374 284 1448 viri,
314 1372 339 1431 si
359 1371 392 1431 id
413 1374 492 1453 quod
520 1384 735 1434 constanter-et
760 1386 901 1453 perpetuo
931 1387 1046 1433 secutus
1072 1386 1132 1450 est,
1158 1376 1181 1434 si
1203 1377 1294 1458 ipsam

50 1474 134 1536 hano
151 1473 257 1535 mundi
276 1468 393 1552 νοηταιῖ
410 1471 489 1554 apud
507 1491 572 1531 eum
591 1468 816 1549 descriptionem
843 1485 1022 1550 spectamus,
1044 1493 1104 1531 non
1124 1492 1295 1556 magnopere

52 1571 143 1633 nobis
159 1570 325 1633 discessisse
344 1593 362 1631 a
381 1570 509 1650 magistri
530 1567 674 1628 sententia
694 1587 726 1624 ac
747 1569 894 1648 proposito
915 1568 1076 1629 videbitur.
1097 1570 1196 1631 Refert
1206 1572 1294 1652 plane

50 1670 128 1731 haec
144 1670 301 1752 descriptio
330 1668 545 1752 philosophiam
577 1664 763 1724 Socraticam.
803 1666 877 1724 Nam
906 1665 986 1726 abest
1007 1681 1121 1727 tantum
1143 1681 1192 1743 ut,
1222 1691 1295 1749 quae

51 1767 190 1853 prodidit
208 1768 242 1829 in
261 1768 315 1828 illa
337 1781 437 1827 auctor
456 1765 493 1825 de
514 1764 625 1825 mundo
634 1762 747 1848 νοητῷ,
765 1763 1028 1844 metaphysicorum
1045 1766 1165 1824 somniis
1183 1766 1297 1827 adscri-

51 1865 157 1929 benda
172 1867 233 1926 sint
242 1910 251 1942 ,
271 1880 303 1925 ut
321 1865 359 1926 ad
376 1863 516 1925 mendam
535 1867 685 1927 veritatem
704 1863 897 1944 optimamque
921 1861 1135 1921 institutionem
1153 1885 1298 1926 commen·

51 1963 187 2027 dandam
202 1965 290 2024 unice
308 1964 493 2046 pertineant3
513 1962 644 2024 Socrates
661 1958 839 2038 autemquid
858 1957 918 2038 egit
927 1978 981 2038 per
1000 1971 1088 2023 totam
1107 1961 1197 2021 vitam
1207 1966 1297 2045 magis

51 2063 310 2142 oonstantiusque,
331 2081 416 2140 quam
438 2074 470 2120 ut
491 2075 641 2142 utramque
662 2057 858 2143 proveheret?
900 2055 958 2115 Vel
978 2057 1067 2118 fallor
1085 2061 1220 2138 equidem
1231 2062 1298 2137 ,vel

53 2162 90 2222 in
105 2147 172 2243 ipsa*
188 2161 243 2221 hac
271 2160 470 2241 descriptione
498 2161 579 2221 Plato
608 2159 735 2221 Socratis
753 2155 798 2216 sui
817 2153 968 2229 meminit,
989 2155 1039 2215 uhi
1061 2157 1098 2216 de
1118 2157 1299 2242 philosophis

55 2274 157 2320 narrat
166 2304 175 2334 ,
195 2260 300 2339 quiin
314 2273 431 2318 anuum
450 2261 559 2319 reversi
577 2281 609 2319 ac
628 2258 740 2318 solvere
764 2254 895 2335 captivos
915 2266 944 2313 et
960 2253 1093 2314 educerc‘
1103 2255 1174 2315 inde
1192 2261 1300 2333 conati,

55 2359 99 2419 sic
119 2357 280 2438 displicent
296 2356 442 2438 captivis,
463 2371 495 2416 ut
512 2357 545 2416 hi
567 2358 654 2434 illos,
673 2349 816 2427 ιῖιιωςέν
836 2353 902 2426 ταῖς
922 2349 1010 2434 χερσὶ
1032 2346 1167 2415 δύναιντο
1189 2356 1298 2434 λαβεῖν,

55 2465 86 2518 ei
104 2458 245 2516 moretm
259 2464 383 2534 possent
396 2458 642 2532 comprehendero
651 2501 660 2530 ,
676 2454 854 2516 occiderent.
865 2453 898 2533 3)
915 2454 1166 2535 Simplicissimum
1181 2461 1302 2519 omnino

55 2554 207 2636 negotium
226 2554 354 2614 mundus
374 2547 480 2633 νοητὸς
500 2566 559 2630 est,
580 2555 603 2614 si
625 2576 641 2613 a
660 2552 858 2634 metaphysico
877 2551 931 2610 illo
958 2553 1120 2613 Aristotelis
1140 2553 1300 2634 distingui-

55 2664 108 2711 tur
127 2651 296 2732 diligenter.
336 2653 402 2733 Ipse
422 2652 571 2727 Socrates,
602 2653 681 2732 quod
699 2651 781 2711 Plato
809 2649 863 2708 hoc
885 2649 949 2709 loco
969 2648 1144 2728 significasse
1164 2651 1302 2730 videtur,

56 2751 91 2811 in
105 2770 179 2809 eum
196 2749 318 2810 educere
338 2753 417 2814 cives
436 2738 688 2825 suos‘studuerat,
713 2748 765 2828 qui
784 2747 972 2826 quaesivisset
990 2767 1120 2827 semper,
1139 2749 1213 2826 quid
1232 2750 1304 2831 pul-

55 2868 159 2924 crum,
178 2847 253 2928 quid
268 2850 399 2926 justum,
420 2849 494 2929 quid
514 2849 625 2909 bonum
646 2859 727 2906 esset.
770 2845 795 2904 E
816 2843 929 2907 mundo
950 2841 1143 2924 adspectahili
1156 2844 1227 2904 haec
1240 2847 1298 2907 dis·

56 2967 125 3009 cere
145 2968 207 3007 non
226 2961 379 3028 poterant,
400 2948 509 3028 quippe
529 2947 581 3026 qui
602 2946 697 3027 ipsum
718 2942 874 3025 pulcrum,
895 2943 989 3022 ipsum
1007 2945 1117 3021 justum
1134 2943 1302 3026 bonumque

57 3056 124 3105 non
141 3043 274 3105 sensibus
299 3045 524 3126 percipiendum
553 3044 685 3125 praebet:
718 3040 884 3121 quaerendo
909 3040 998 3120 igitur
1018 3040 1142 3101 educere
1162 3064 1209 3103 eos
1229 3045 1303 3105 illuc

58 3141 230 3218 conabatur,
241 3143 293 3202 ubi
308 3165 369 3204 non
387 3144 524 3225 corporis,
535 3143 586 3203 sed
605 3143 710 3203 mentis
726 3139 811 3200 oculo
821 3138 970 3201 veritatem
981 3154 1209 3217 assequerentur.
1230 3145 1303 3203 Ima-

57 3239 181 3323 ginihus
198 3239 269 3299 haec
287 3241 369 3302 Plato
389 3241 584 3322 fingendoque
606 3241 716 3301 mundo
736 3235 851 3322 νοητῷ,
872 3229 955 3322 τόπῳ
976 3230 1181 3323 ὑπερσαρανίῳ
1192 3286 1202 3314 ,
1223 3244 1304 3306 veri-

58 3340 131 3399 tatis
149 3351 250 3420 prato,
268 3340 323 3400 hoc
343 3341 407 3422 ipso
426 3361 514 3421 specu
546 3339 695 3400 declarare
716 3340 847 3416 studuit,
876 3339 927 3400 sed
947 3361 992 3398 res
1010 3341 1071 3420 ipsa
1091 3341 1304 3421 simplicissima

56 3450 238 3516 naturaeque
256 3440 532 3499 convenientissima
548 3452 598 3499 est.
641 3432 789 3518 Usurpare
807 3451 901 3496 autem
927 3437 978 3495 ille
1008 3426 1148 3514 imagines
1164 3438 1233 3495 istas
1250 3436 1306 3494 de·-

57 3534 147 3609 baie,
165 3534 232 3613 quia
262 3557 323 3596 non
342 3549 457 3596 tantum
485 3537 546 3616 ipse
566 3534 659 3609 illuc,
687 3550 719 3595 ut
738 3534 884 3608 Socrates,
910 3533 1033 3594 evehere
1058 3533 1218 3614 discipulos
1238 3555 1303 3594 suos

58 3631 241 3707 conabatur,
257 3633 309 3693 sed
326 3623 421 3709 idem,
443 3656 498 3714 qua
518 3633 733 3694 honoratione
758 3648 786 3693 et
804 3634 865 3713 ipse
885 3629 922 3689 ad
943 3631 1092 3690 veritatem
1111 3652 1164 3712 per
1178 3632 1305 3713 philoso-

58 3730 163 3812 phiam
182 3732 351 3811 perveniret
369 3746 398 3792 et
417 3733 490 3794 alios
508 3733 664 3806 educeret,
678 3729 905 3791 describendum
924 3742 1094 3808 susceperat.

97 3970 132 4038 ι)
150 3973 189 4025 ιιι
203 3974 264 4043 ιαμ.
284 3973 340 4024 vu.
357 3972 416 4025 uo.
436 3972 466 4027 o.
483 3972 513 4025 o.

94 4057 131 4124 a)
152 4060 215 4112 roo.
235 4058 293 4111 519.
313 4059 342 4110 o.
419 4092 422 4096 .

96 4141 131 4207 s)
149 4144 211 4195 ooo.
229 4144 288 4195 su.
306 4144 337 4196 ι.
