2774 5048
625 280 683 363 ιι

62 440 140 514 dixit,
171 461 232 499 non
259 437 296 497 ab
325 436 532 520 hypothesibus
562 462 622 501 earn
652 441 762 516 ordiri,
794 442 844 503 sed
872 440 1018 505 cernendo
1042 440 1195 502 escendere
1222 439 1259 501 ad

61 536 139 612 illud,
167 536 246 618 quod
278 528 463 599 cimmodrvdv
491 553 546 614 est,
569 537 597 620 1)
627 542 702 600 hanc
736 539 864 600 methodi
893 541 1097 602 sublimitatem
1117 541 1148 599 in
1163 540 1264 623 primis

61 635 130 697 rubis
155 636 257 696 critica
290 637 506 722 percipiendam
535 638 661 720 praebet.
702 639 732 698 Si
770 658 825 717 qua
842 658 888 698 ars
904 652 953 699 ant
967 639 1143 720 disciplina,
1163 638 1263 698 critica

62 746 107 795 tota
130 747 172 794 est
200 734 236 792 ab
263 736 471 817 hypothesibus
499 724 716 812 submonendis,
737 735 994 815 construendisqne
1014 738 1046 795 in
1064 732 1111 796 bis
1130 748 1262 817 systema·

64 831 126 913 spus
149 833 263 892 aliena:
296 836 389 905 cernit
414 824 551 918 perpetuo
577 835 750 916 jungitque;
780 856 852 914 qnae
871 847 965 892 autem
980 835 1082 912 junxit
1099 832 1264 908 cernendo,

65 922 220 1009 ὄιιβαθμοί
238 931 308 992 haec
323 934 379 1014 ipsi
400 947 485 1007 sunt,
508 947 538 992 nt
556 935 596 992 ait
615 934 753 1008 Diotime,
765 932 797 1013 2)
817 932 922 1012 quibus
941 931 979 991 ad
998 931 1144 992 veritatem
1164 950 1264 1012 puram

66 1032 300 1112 intaminatamqne
321 1031 524 1111 assequendam
543 1032 687 1092 escendat.
728 1033 841 1092 Artium
868 1031 996 1089 omnium
1025 1028 1130 1088 abusus
1155 1043 1216 1104 est,
1237 1042 1266 1087 et

70 1130 188 1190 mimus
205 1152 274 1191 sane
291 1131 350 1189 fuit
368 1131 560 1211 syllogisticae
577 1131 786 1205 Aristotelicas,
808 1130 887 1190 unde
901 1142 1074 1188 contemtum
1089 1128 1159 1187 haec
1176 1147 1267 1187 snsce-

71 1227 115 1308 p't3
138 1228 204 1302 sed,
229 1229 271 1287 nti
292 1229 456 1289 Platonicae
483 1228 649 1308 analyseos‚
670 1230 710 1288 ita
729 1229 846 1288 criticae
877 1226 964 1305 lrnjus
985 1240 1117 1300 nostrae,
1138 1245 1195 1305 qna
1215 1240 1267 1284 nus

65 1324 205 1409 'gloriamur
224 1326 343 1401 merito,
364 1340 421 1385 tam
439 1326 602 1409 praeclarus
618 1327 678 1386 fere
698 1346 764 1386 nsns
782 1326 839 1385 fuit
849 1370 858 1401 ,
884 1339 997 1405 tamque
1025 1321 1128 1383 efficax
1146 1324 1185 1384 ad
1204 1320 1267 1383 dis-

73 1423 200 1502 pellcudas
223 1426 256 1484 in
282 1424 379 1484 studio
398 1425 526 1485 veritatis
545 1423 667 1484 nebulas
685 1446 797 1500 omnes,
817 1439 848 1484 nt
869 1437 1000 1483 neutram
1020 1422 1124 1502 aliquis
1144 1440 1270 1502 unquam

75 1520 213 1604 vituperare
233 1537 283 1582 ant
301 1542 435 1604 spernere
452 1524 630 1583 sustinuerit.
681 1524 745 1597 Quo
764 1523 852 1603 magis
871 1542 957 1602 opera
977 1519 1074 1580 danda
1090 1517 1271 1603 philosophis

76 1631 120 1694 ut,
136 1634 165 1679 ut
182 1642 243 1680 eam
262 1634 290 1679 et
306 1634 382 1679 recte
401 1634 542 1701 usurpent
562 1635 590 1680 et
610 1621 686 1680 nulli
707 1643 766 1680 non
782 1620 978 1681 doctrinarum
995 1617 1093 1699 generi
1113 1614 1272 1676 adhibeant

58 1722 223 1778 'necantur
266 1718 301 1779 ld
320 1730 414 1777 antem
434 1719 474 1777 ita
494 1719 600 1800 optime
621 1719 792 1794 instituent,
822 1732 854 1777 nt
882 1715 1101 1796 diligentissime
1120 1728 1148 1774 et
1167 1704 1271 1797 scripta

77 1802 181 1878 ffltonis
198 1817 321 1897 legerint
341 1829 369 1875 et
389 1817 553 1876 verissimae
578 1816 648 1876 inde
672 1817 859 1890 dialecticae,
880 1835 973 1894 equa
997 1827 1064 1873 nata
1088 1814 1188 1873 critica
1210 1825 1271 1886 est,

79 1928 127 1985 tum
142 1917 279 1975 rationem
297 1929 358 1973 tnm
379 1931 460 1974 nsum
480 1917 601 1975 assecuti
623 1916 742 1974 fuerint.

172 2111 229 2170 De
249 2113 493 2169 dialectico
514 2114 786 2190 eloquentiae
806 2108 1062 2176 adhidendus
1083 2114 1172 2164 sice

381 2211 424 2267 de
445 2211 902 2288 rhetorichlotont'a.

107 2399 179 2469 Tales
198 2406 288 2485 igitur
305 2404 480 2485 disciplinae
500 2421 585 2481 snrrt,
606 2408 712 2486 quibus
732 2406 900 2466 acuendas'
889 2420 1031 2499 Juvenum
1058 2417 1167 2464 mentes
1187 2422 1274 2463 exco-

79 2490 212 2583 lendusque
226 2503 372 2582 judicavit
396 2502 496 2577 Plato,
523 2504 664 2583 siqnidem
686 2504 871 2585 gravioribus
891 2515 985 2563 essent
1014 2501 1199 2580 aliqnando
1191 2523 1224 2560 ιιι
1244 2519 1275 2558 re

78 2595 174 2675 publica
194 2602 363 2690 muneribus
379 2603 519 2662 functuri
560 2602 675 2682 Adiecit
694 2603 740 2661 his
760 2598 904 2661 nonnulla
924 2599 1063 2678 nobisque
1082 2609 1157 2656 recte
1175 2599 1272 2678 perci·

74 2693 164 2773 flenda
183 2698 220 2759 de
241 2722 337 2761 earnm
358 2693 494 2776 συνόψει,
515 2719 564 2776 ut,
585 2723 658 2781 quae
677 2702 795 2782 sparsim
811 2702 1069 2777 juvenesntenera
1092 2693 1162 2754 inde
1182 2708 1274 2754 aetate

78 2786 242 2874 didicerunt,
272 2792 341 2861 haec
371 2802 510 2882 colligant
530 2815 559 2861 et
578 2822 632 2861 con
678 2813 728 2859 ant
747 2797 883 2870 tandem,
913 2815 970 2874 qno
990 2793 1079 2873 magis
1099 2807 1126 2852 et
1146 2805 1274 2852 mutuam

78 2845 292 2976 disciplinarium
297 2901 495 2979 cognationem
511 2900 693 2980 conspiciunt
709 2911 737 2956 ct
758 2895 934 2977 perspiciant
954 2892 994 2952 ita
1011 2893 1097 2951 simul
1115 2891 1169 2951 τοῦ
1190 2882 1275 2964 ὄντος

78 3001 204 3052 uturum:
221 3016 277 3075 qna
297 2999 424 3077 perfectu
444 2998 594 3058 eruditis
586 2997 768 3056 rnstitntione
792 2989 917 3053 mundus
933 3011 1040 3072 νοητιις
1060 3007 1161 3073 sponte
1182 2993 1276 3053 reclu-

78 3076 146 3151 ditur.
177 3091 244 3164 Sed
264 3095 394 3155 nondum
415 3094 499 3155 nobis
519 3093 691 3155 dimittenda
713 3093 866 3182 dialectiea
888 3092 1013 3154 videtmu
1054 3093 1097 3151 De
1112 3088 1276 3170 eloquentia

77 3174 215 3250 diximus
207 3213 239 3250 ιιι
260 3193 475 3301 superioribus,
496 3193 546 3251 nbi
577 3192 613 3252 de
634 3193 695 3252 veri
722 3212 815 3252 amore
844 3190 1014 3300 agebamus,
1027 3191 1194 3271 patuitque
1224 3211 1274 3248 no·

77 3270 125 3357 lis,
143 3288 166 3345 si
192 3284 247 3347 hoc
268 3291 434 3371 principio,
455 3290 509 3349 lroc
528 3311 620 3350 amore
639 3310 684 3349 ars
705 3289 870 3369 gravissima
889 3289 970 3367 quasi
975 3286 1134 3347 animatur
1160 3301 1189 3348 et
1213 3288 1276 3346 foe-

76 3381 224 3461 undatur,
246 3387 357 3447 nnllam
376 3409 434 3447 esse
455 3388 605 3448 hominnm
625 3389 722 3467 generi
745 3388 845 3447 utilem
865 3387 954 3496 magis
975 3399 1003 3446 et
1022 3386 1183 3446 salutarem
1224 3386 1276 3445 Est

75 3489 151 3540 uren
165 3485 295 3564 proxime
314 3485 391 3545 haec.
406 3508 451 3546 ars
470 3508 535 3546 cnm
556 3486 708 3545 dialectica
730 3489 901 3563 conjuncta,
911 3485 968 3543 imo
990 3504 1058 3543 vero
1078 3496 1140 3541 tum
1158 3481 1273 3541 demum

74 3565 122 3637 dici
146 3580 303 3662 haberique
333 3605 386 3643 ors
412 3598 525 3665 potest,
546 3605 635 3663 qunm
655 3582 824 3641 adhibita
816 3583 872 3663 ipsi
902 3596 967 3662 apte
997 3580 1155 3639 dialectica
1177 3581 1274 3640 fuerit.

74 3663 139 3737 ldam
159 3679 195 3740 de
222 3682 368 3743 scribendi
398 3684 508 3742 ratione
534 3683 658 3763 optima,
684 3702 768 3760 qnam
790 3702 840 3739 sno
868 3679 935 3738 item
957 3679 1019 3737 loeo
1041 3676 1273 3758 exploravimus,

73 3763 218 3836 (licendum
252 3779 412 3840 videtur:
424 3783 481 3840 nisi
517 3780 665 3840 accesserit
694 3778 865 3853 dialectica,
893 3797 938 3835 ers
969 3775 1088 3837 dicendi
1114 3776 1198 3836 nulla
1224 3791 1276 3839 est.

72 3863 275 3953 Quamobrem,
305 3880 471 3959 prinsquam
500 3878 537 3938 ad
554 3879 775 3959 disciplinarum
796 3878 924 3936 omnium
944 3867 1066 3951 σύνοψιν
1087 3889 1115 3935 et
1134 3875 1273 3935 mundum

69 3967 166 4049 ’θιμον
185 3979 402 4056 perveniamus,
429 3977 464 4036 de
486 3976 638 4035 dialectica
657 3989 732 4035 recte
750 3995 816 4034 cum
837 3975 1015 4055 eloquentiae
1041 3989 1103 4036 tum
1129 3970 1275 4034 scribendi

70 4072 157 4134 sudio
178 4073 345 4134 adhibenda
366 4074 509 4155 agendum
526 4087 576 4134 est.
618 4075 833 4133 praemittamus
851 4087 944 4132 autern
965 4071 1103 4135 nonnihil
1120 4072 1156 4132 de
1178 4070 1275 4129 rheto-

67 4163 121 4227 rlca
139 4187 215 4231 recte
239 4171 275 4230 ab
273 4173 460 4294 eloquentia
478 4172 678 4231 discernenda.

66 4306 260 4335 N...-

104 4392 123 4456 rl
141 4398 187 4450 cr.
206 4399 283 4450 rann
298 4416 322 4466 p.
340 4398 398 4450 ιιι.

100 4476 121 4543 ι)
137 4485 218 4552 ιψιρ.
237 4483 284 4534 ιιι
306 4484 334 4534 c.
