2796 5048
672 232 711 290 86

78 380 235 475 peripteros?
258 384 343 472 ἄνδρ’
369 387 461 455 asiatio
486 388 594 454 citatos
619 383 690 452 εἶναι
716 393 770 472 τῆς
789 391 847 452 τοῦ
867 384 1039 472 πράγματος
1060 385 1178 474 ἀρετῆς.
1213 396 1300 474 Caput

80 520 145 579 assa
168 504 373 557 institutionis
400 499 528 557 dicimus
553 505 669 553 rectam
702 497 925 568 educationem,
954 515 1030 571 quoe
1058 497 1196 552 ludentis
1222 501 1301 572 pueri

81 604 216 655 animum
234 597 274 655 od
292 617 420 654 amoram
437 596 522 654 ducit
538 596 639 669 illiue,
654 595 730 670 quod
749 595 837 650 virili
851 601 949 649 aetate
966 604 1136 650 assecutum
1156 596 1219 651 aare
1231 612 1300 669 opat*

81 706 140 769 tat,
161 703 189 754 si
201 697 358 772 perfectus
375 703 409 760 itt
428 705 495 751 orta
515 715 570 752 suo
581 694 720 768 futurus
739 702 791 750 eet.
805 715 819 746 o
842 686 871 768 l)

123 793 213 851 Festis
233 793 320 872 igitur
340 791 515 850 solemnibus
532 789 608 848 nihil
628 789 714 849 facile
733 810 791 848 esse
810 789 905 869 aptius
923 785 1123 867 efficaciusque
1145 800 1257 870 poterat
1271 784 1307 847 ad.

81 891 168 949 insita
193 889 287 971 pulcri
314 888 482 968 honestique
500 887 597 947 studia
616 887 770 946 excitanda
788 900 816 945 et
835 882 1042 945 confirmanda.
1082 887 1155 945 Nam
1182 883 1299 945 ludendo

82 986 290 1068 peragebantur
309 987 432 1045 maxime
452 999 480 1043 et
496 984 604 1043 summa
618 984 783 1059 hilaritate,
799 1005 851 1043 nec
867 983 959 1042 solum
977 983 1120 1044 currendo
1129 1031 1137 1058 ‚
1155 982 1299 1055 luctando,

83 1083 254 1164 aurigando
270 1084 445 1162 caeterisque
472 1082 550 1141 ludis
577 1083 731 1162 gymnicis,
754 1083 803 1142 sed
832 1081 949 1139 musicis
976 1081 1062 1139 etiam
1086 1081 1299 1154 certaminibus,

82 1203 154 1261 quae
165 1228 173 1257 ,
194 1181 231 1241 ad
250 1180 397 1262 Apollinis
425 1179 628 1258 Musarumque
654 1181 836 1261 exemplum,
859 1180 890 1237 in
910 1178 1005 1237 choris
1024 1178 1299 1253 celebrabantur,rt

84 1278 248 1340 ludentium
267 1279 516 1360 spectantiumque
536 1278 645 1337 animos
663 1278 700 1336 ad
718 1276 853 1336 sublimia
872 1297 1000 1355 quaeque
1023 1276 1198 1337 evehebant.
1227 1277 1298 1344 Chen*

83 1391 196 1453 autem,
216 1376 293 1456 quod
320 1374 369 1434 hle
393 1373 477 1434 nobis
505 1376 623 1433 minime
648 1374 852 1454 negligendum
872 1388 927 1447 est,
949 1388 980 1432 ut
999 1373 1117 1453 hymnis
1134 1374 1297 1436 extollebant

2 1541 5 1545 ,
83 1477 208 1534 Deorum
227 1472 328 1533 laudes
347 1487 375 1532 et
394 1475 468 1532 facta
486 1473 632 1553 praeclara
650 1472 770 1531 heroum
780 1518 788 1545 ,
809 1472 848 1530 ita
869 1493 921 1530 res·
931 1471 1017 1529 simul
1035 1472 1161 1531 Deorum
1179 1473 1296 1532 hemum·

83 1593 139 1652 que
163 1570 294 1631 canendo
313 1562 508 1649 saltandoque
536 1571 733 1630 imitabantur.
766 1571 854 1646 Cujus
878 1569 1122 1650 1·ei0·praeclarum
1141 1585 1234 1630 exstat
1248 1590 1295 1628 mo-

86 1683 275 1746 numentum,
295 1667 421 1748 hymnus
436 1671 468 1728 in
483 1669 662 1749 Apollinem,
678 1670 801 1728 Homero
820 1666 907 1746 vulgo
925 1667 1101 1748 adscriptus,
1118 1668 1294 1747 quinetiam

85 1769 214 1827 continet
239 1767 319 1826 chori
346 1766 587 1848 descriptionem,
607 1789 664 1846 quo
683 1768 766 1826 lones
786 1765 916 1825 solebant
934 1766 966 1823 in
982 1765 1109 1825 Deliacis
1127 1767 1210 1826 festis
1227 1766 1294 1848 hpol·

85 1865 174 1925 linem
193 1886 226 1924 ac
244 1865 369 1925 Dianam
388 1865 542 1926 celebrare.
573 1866 638 1925 Non
652 1867 748 1925 minus
766 1863 828 1923 illic
849 1863 971 1922 imitatio
989 1863 1140 1935 hominum
1159 1887 1209 1925 seu
1223 1865 1293 1937 actio,

85 1984 170 2042 quam
188 1977 287 2024 cantus
306 1977 334 2023 et
359 1962 471 2023 saltatio
488 1964 631 2024 laudatur.

285 2050 404 2127 πάντων
426 2055 453 2122 δ’
474 2055 645 2142 ἀνθρώπων
667 2055 768 2140 φωνάς
789 2058 837 2118 καὶ
857 2054 1089 2140 coarctationem

286 2158 423 2242 μιμεῖσθ’
443 2159 551 2223 ἴσασιν·
574 2159 648 2243 φαίη
671 2156 707 2222 δέ
725 2184 773 2222 κεν
794 2155 884 2235 αὐτός
904 2148 1023 2235 inemec

290 2261 469 2346 qadiyyrod'·
492 2257 570 2326 οὕτώ
592 2286 662 2346 σφιν
681 2259 756 2345 καλή
778 2256 939 2345 συνάρηρεν
959 2256 1055 2344 ἀοιδή.
1071 2264 1103 2345 2)

78 2400 81 2405 -
127 2367 167 2425 Ut
192 2379 291 2446 sponte
321 2387 370 2425 sua
393 2366 477 2425 homo
497 2387 598 2425 canere
618 2367 703 2446 gestit
721 2379 749 2426 et
767 2365 888 2440 saltare,
909 2367 948 2425 ita
967 2364 1078 2424 accedit
1097 2364 1226 2424 naturali
1242 2363 1295 2422 huic

86 2461 293 2522 oblectamento
309 2537 314 2545 1
329 2463 462 2522 imitandi
501 2464 646 2540 studium,
682 2485 742 2523 non
771 2465 866 2522 minus
898 2484 965 2522 sane
997 2478 1116 2523 naturae
1143 2478 1295 2544 congruum

85 2564 186 2620 Patent
205 2561 273 2619 haec
292 2559 328 2620 in'
350 2582 503 2642 puerorum
527 2561 759 2637 consuetudine,
780 2563 887 2643 pariter
913 2563 945 2620 in
972 2560 1146 2642 populorum
1166 2561 1296 2631 moribus,

85 2661 135 2740 qui
160 2659 342 2733 etiamnunc,
367 2674 400 2718 ut
426 2673 495 2718 tunc
523 2659 619 2734 Iones,
649 2662 788 2741 pueritiae
815 2661 944 2718 referunt
968 2660 1087 2739 gratiam
1117 2674 1145 2719 et
1174 2658 1296 2741 simplici·

86 2771 180 2817 tatem.
231 2757 373 2816 Ludentes
402 2756 448 2816 illi
478 2776 630 2838 puerorum
646 2758 741 2817 'instar
762 2759 893 2818 canendo
913 2757 1094 2817 delectantur
1111 2772 1140 2816 et
1159 2756 1295 2828 saltando,

84 2856 238 2935 chorosque
253 2856 381 2935 jungunt
398 2868 426 2913 et
444 2854 573 2915 ho'mines
590 2857 740 2916 imitantur
759 2850 786 2915 et
805 2878 848 2915 res
865 2856 901 2914 ab
922 2857 959 2915 iis
982 2868 1082 2935 gestas.
1105 2854 1191 2930 Quod
1211 2855 1295 2915 adver·

85 2966 176 3012 tentes
193 2953 435 3034 peregrinatores,
456 2955 506 3031 qui
521 2954 561 3031 in¹
573 2957 686 3014 remotis
705 2954 888 3034 regionibus,
909 2954 940 3011 in
960 2952 1065 3012 insulis
1083 2954 1209 3012 maxime
1226 2953 1295 3012 maris

84 3052 233 3125 australis,
253 3049 324 3109 tales
352 3049 488 3109 adierunt
512 3050 653 3132 populos,
674 3050 877 3131 explicuerunt
894 3071 930 3108 ex
950 3072 1047 3110 eorum
1064 3052 1192 3112 moribus
1212 3053 1293 3111 choro

84 3168 148 3205 rum
174 3147 252 3229 apud
279 3147 401 3208 Graecos
420 3149 567 3207 rationem.
599 3149 658 3227 Ego
678 3168 746 3207 vero
763 3148 872 3222 fateor,
894 3169 929 3206 ex
949 3169 1046 3207 eorum
1065 3149 1292 3231 descriptionibus

84 3247 207 3305 multum
234 3267 278 3305 me
306 3247 457 3327 profecisse
484 3245 522 3334 ad
546 3247 693 3305 Platonem
721 3245 953 3325 intelligendum.
986 3249 1056 3304 Nam
1086 3248 1233 3308 illustrant
1254 3245 1291 3306 illa

84 3343 224 3417 mirifice,
244 3364 319 3422 qnae
346 3343 535 3425 philosophus
561 3345 767 3425 pronunciavit
794 3344 830 3404 de
855 3346 978 3403 musicae
1003 3359 1030 3402 et
1057 3345 1207 3405 chororum
1231 3359 1290 3413 ortu,

86 3462 139 3501 nec
166 3442 262 3501 minus
283 3440 382 3503 valent
399 3441 436 3501 ad
451 3442 556 3523 placita
571 3444 632 3521 ejus
646 3441 833 3522 explicanda,
854 3463 925 3521 quae
942 3442 980 3501 ad
999 3444 1120 3522 tragicos
1140 3459 1168 3503 et
1187 3445 1290 3504 comicos

85 3538 260 3598 referuntur,

123 3636 308 3715 Tragoediam
335 3637 358 3696 si
385 3638 569 3718 respicimus,
607 3638 701 3717 qualis
735 3651 827 3698 exstat
856 3639 889 3697 in
917 3638 1050 3718 gentibus
1081 3638 1294 3704 recentioribus,

86 3734 145 3796 uni
164 3733 307 3792 contineri
332 3738 408 3815 poisi
436 3735 568 3795 videtur:
586 3736 731 3796 comoedia
747 3758 815 3797 vero
834 3737 881 3796 vel
899 3737 960 3816 ipsa
978 3736 1114 3795 destituta
1134 3751 1177 3796 est
1194 3743 1301 3818 pofeseos

118 4006 143 4074 1)
161 4010 199 4060 De
217 4009 288 4077 Lepy.
310 4009 329 4059 l.
348 4008 405 4062 643.
424 4012 455 4063 Α.
476 4011 504 4064 C.
519 4013 550 4064 D.
567 4014 611 4065 ubi
628 4014 680 4064 vid.
700 4012 756 4064 Ast.
777 4011 817 4063 ct
836 4014 873 4064 Dc
894 4015 954 4081 liep.
975 4013 1016 4064 lV.
1037 4011 1096 4064 425.
1115 4012 1147 4065 Α.

119 4091 145 4157 2)
162 4096 250 4162 Hymos.
274 4097 302 4146 in
326 4096 405 4164 Apoll.
431 4095 489 4149 162.
532 4098 571 4150 Dc
597 4099 683 4151 choris
708 4099 841 4165 praeclare
869 4101 1027 4166 scripserunt
1050 4099 1138 4162 multi,
1168 4101 1193 4151 io
1219 4089 1331 4168 primi*

84 4181 233 4244 schillem,
259 4183 301 4249 qui
330 4182 362 4233 ad
388 4180 510 4235 Graecam
533 4186 659 4236 rationem
687 4201 732 4237 sua
757 4186 814 4251 ipse
835 4184 948 4235 dramata
968 4185 1146 4236 conformavit.
1181 4187 1221 4238 Ex
1246 4187 1331 4238 aar

85 4267 153 4317 tonis
171 4266 312 4333 lonterem
334 4267 393 4319 dara
422 4269 503 4335 opera
524 4269 650 4321 duxerunt
671 4271 725 4321 Deo
746 4271 794 4321 Tae
815 4279 841 4320 et
860 4271 934 4332 Boe,
954 4269 1084 4336 opusculis
1104 4270 1224 4322 laudatis.
1253 4267 1331 4321 llo*

86 4353 220 4429 quominus
241 4353 313 4420 plura
334 4353 366 4404 de
387 4353 438 4406 hoc
458 4363 608 4423 argumento
628 4356 788 4421 diceremus,
811 4357 944 4420 utriusque
961 4354 1023 4406 lecit
1040 4371 1096 4405 cum
1119 4349 1331 4425 diligentiam!¹

5 4495 8 4504 Ι
87 4437 231 4490 disserendi
247 4439 383 4507 elegantia.
708 4454 711 4458 ·
