<?xml version="1.0" encoding="UTF-8"?>
<!DOCTYPE html PUBLIC "-//W3C//DTD XHTML 1.0 Transitional//EN"
    "http://www.w3.org/TR/xhtml1/DTD/xhtml1-transitional.dtd">
<html xmlns="http://www.w3.org/1999/xhtml" xml:lang="en" lang="en">
 <head>
  <title>
</title>
<meta http-equiv="Content-Type" content="text/html;charset=utf-8" />
  <meta name='ocr-system' content='tesseract 3.04.00' />
  <meta name='ocr-capabilities' content='ocr_page ocr_carea ocr_par ocr_line ocrx_word'/>
</head>
<body>
  <div class='ocr_page' id='page_1' title='image "./initiaphilosoph00heusgoog_0033.png"; bbox 0 0 2796 5048; ppageno 0'>
   <div class='ocr_carea' id='block_1_1' title="bbox 49 218 1327 656">
    <p class='ocr_par' dir='ltr' id='par_1_1' title="bbox 49 218 1327 656">
     <span class='ocr_line' id='line_1_1' title="bbox 94 218 132 279; baseline -0.053 0"><span class='ocrx_word' id='word_1_1' title='bbox 94 218 132 279; x_wconf 81' lang='lat'><strong>12</strong></span> 
     </span>
     <span class='ocr_line' id='line_1_2' title="bbox 381 297 1326 352; baseline -0.003 -9"><span class='ocrx_word' id='word_1_2' title='bbox 381 324 385 343; x_wconf 79' lang='lat' dir='ltr'><strong>t</strong></span> <span class='ocrx_word' id='word_1_3' title='bbox 1271 297 1326 352; x_wconf 65' lang='lat' dir='ltr'><strong>urg.</strong></span> 
     </span>
     <span class='ocr_line' id='line_1_3' title="bbox 182 379 1327 453; baseline -0.005 -15"><span class='ocrx_word' id='word_1_4' title='bbox 182 387 248 451; x_wconf 84' lang='lat' dir='ltr'><strong>Quid</strong></span> <span class='ocrx_word' id='word_1_5' title='bbox 263 385 364 438; x_wconf 74' lang='lat' dir='ltr'><strong>Pteron</strong></span> <span class='ocrx_word' id='word_1_6' title='bbox 380 385 489 437; x_wconf 80' lang='lat' dir='ltr'><strong>dehuisse</strong></span> <span class='ocrx_word' id='word_1_7' title='bbox 506 384 664 453; x_wconf 80' lang='lat' dir='ltr'><strong>Aristoteles,</strong></span> <span class='ocrx_word' id='word_1_8' title='bbox 681 388 717 438; x_wconf 88' lang='lat' dir='ltr'><strong>ad</strong></span> <span class='ocrx_word' id='word_1_9' title='bbox 732 385 922 453; x_wconf 66' lang='lat' dir='ltr'><strong>mnptymon</strong></span> <span class='ocrx_word' id='word_1_10' title='bbox 939 383 1096 447; x_wconf 66' lang='lat' dir='ltr'><strong>tradendus,</strong></span> <span class='ocrx_word' id='word_1_11' title='bbox 1113 381 1232 436; x_wconf 77' lang='lat' dir='ltr'><strong>uidetur?</strong></span> <span class='ocrx_word' id='word_1_12' title='bbox 1271 379 1327 433; x_wconf 67' lang='lat'><strong>3⁴8</strong></span> 
     </span>
     <span class='ocr_line' id='line_1_4' title="bbox 127 501 1272 556; baseline -0.004 -2"><span class='ocrx_word' id='word_1_13' title='bbox 127 505 220 555; x_wconf 81' lang='lat' dir='ltr'><strong>Debuit</strong></span> <span class='ocrx_word' id='word_1_14' title='bbox 246 504 403 554; x_wconf 84' lang='lat' dir='ltr'><strong>dialecticam</strong></span> <span class='ocrx_word' id='word_1_15' title='bbox 426 503 556 555; x_wconf 86' lang='lat' dir='ltr'><strong>inventam</strong></span> <span class='ocrx_word' id='word_1_16' title='bbox 580 511 608 554; x_wconf 89' lang='lat' dir='ltr'><strong>et</strong></span> <span class='ocrx_word' id='word_1_17' title='bbox 621 506 757 556; x_wconf 84' lang='lat' dir='ltr'><strong>excultam.</strong></span> <span class='ocrx_word' id='word_1_18' title='bbox 775 505 897 552; x_wconf 87' lang='lat' dir='ltr'><strong>Socrates</strong></span> <span class='ocrx_word' id='word_1_19' title='bbox 915 506 942 551; x_wconf 92' lang='lat' dir='ltr'><strong>et</strong></span> <span class='ocrx_word' id='word_1_20' title='bbox 958 501 1029 551; x_wconf 84' lang='lat' dir='ltr'><strong>Plato</strong></span> <span class='ocrx_word' id='word_1_21' title='bbox 1049 517 1110 551; x_wconf 89' lang='lat' dir='ltr'><strong>num</strong></span> <span class='ocrx_word' id='word_1_22' title='bbox 1127 516 1272 551; x_wconf 86' lang='lat' dir='ltr'><strong>caussarum</strong></span> 
     </span>
     <span class='ocr_line' id='line_1_5' title="bbox 49 591 621 656; baseline -0.003 -13"><span class='ocrx_word' id='word_1_23' title='bbox 49 630 53 637; x_wconf 87' lang='lat'><strong>.</strong></span> <span class='ocrx_word' id='word_1_24' title='bbox 91 593 251 656; x_wconf 70' lang='lat' dir='ltr'><strong>indagatione</strong></span> <span class='ocrx_word' id='word_1_25' title='bbox 266 591 464 654; x_wconf 74' lang='lat' dir='ltr'><strong>abstinucmnt?</strong></span> <span class='ocrx_word' id='word_1_26' title='bbox 481 592 621 642; x_wconf 85' lang='lat' dir='ltr'><strong>Phaedo.</strong></span> 
     </span>
    </p>
   </div>
   <div class='ocr_carea' id='block_1_2' title="bbox 510 683 1328 782">
    <p class='ocr_par' dir='ltr' id='par_1_2' title="bbox 510 683 1328 782">
     <span class='ocr_line' id='line_1_6' title="bbox 510 683 1328 782; baseline -0.006 -20"><span class='ocrx_word' id='word_1_27' title='bbox 510 688 548 762; x_wconf 74' lang='lat' dir='ltr'><strong>lie</strong></span> <span class='ocrx_word' id='word_1_28' title='bbox 564 713 732 782; x_wconf 69' lang='lat' dir='ltr'><strong>metaphysica</strong></span> <span class='ocrx_word' id='word_1_29' title='bbox 749 708 898 761; x_wconf 80' lang='lat' dir='ltr'><strong>Aristotelis.</strong></span> <span class='ocrx_word' id='word_1_30' title='bbox 1054 728 1056 733; x_wconf 95' lang='lat'>·</span> <span class='ocrx_word' id='word_1_31' title='bbox 1261 683 1328 758; x_wconf 91' lang='grc'><strong>350</strong></span> 
     </span>
    </p>
   </div>
   <div class='ocr_carea' id='block_1_3' title="bbox 88 826 1275 1323">
    <p class='ocr_par' dir='ltr' id='par_1_3' title="bbox 88 826 1275 1323">
     <span class='ocr_line' id='line_1_7' title="bbox 125 826 1273 897; baseline -0.005 -15"><span class='ocrx_word' id='word_1_32' title='bbox 125 831 191 897; x_wconf 82' lang='lat' dir='ltr'><strong>Quid</strong></span> <span class='ocrx_word' id='word_1_33' title='bbox 216 831 352 897; x_wconf 77' lang='lat' dir='ltr'><strong>perfecisse</strong></span> <span class='ocrx_word' id='word_1_34' title='bbox 375 830 517 879; x_wconf 88' lang='lat' dir='ltr'><strong>censendus</strong></span> <span class='ocrx_word' id='word_1_35' title='bbox 530 830 587 880; x_wconf 90' lang='lat' dir='ltr'><strong>est?</strong></span> <span class='ocrx_word' id='word_1_36' title='bbox 612 847 663 894; x_wconf 87' lang='lat' dir='ltr'><strong>quo</strong></span> <span class='ocrx_word' id='word_1_37' title='bbox 680 830 754 880; x_wconf 89' lang='lat' dir='ltr'><strong>initio</strong></span> <span class='ocrx_word' id='word_1_38' title='bbox 770 828 854 877; x_wconf 90' lang='lat' dir='ltr'><strong>usus?</strong></span> <span class='ocrx_word' id='word_1_39' title='bbox 871 828 975 894; x_wconf 77' lang='lat' dir='ltr'><strong>Duplsa</strong></span> <span class='ocrx_word' id='word_1_40' title='bbox 990 826 1058 892; x_wconf 91' lang='lat' dir='ltr'><strong>apud</strong></span> <span class='ocrx_word' id='word_1_41' title='bbox 1072 841 1131 875; x_wconf 91' lang='lat' dir='ltr'><strong>eum</strong></span> <span class='ocrx_word' id='word_1_42' title='bbox 1144 826 1273 876; x_wconf 81' lang='lat' dir='ltr'><strong>doetrina-</strong></span> 
     </span>
     <span class='ocr_line' id='line_1_8' title="bbox 89 910 1272 984; baseline -0.003 -18"><span class='ocrx_word' id='word_1_43' title='bbox 89 934 146 966; x_wconf 87' lang='lat' dir='ltr'><strong>rum</strong></span> <span class='ocrx_word' id='word_1_44' title='bbox 161 932 250 980; x_wconf 69' lang='lat' dir='ltr'><strong>genus.</strong></span> <span class='ocrx_word' id='word_1_45' title='bbox 269 918 415 966; x_wconf 81' lang='lat' dir='ltr'><strong>Caussarum</strong></span> <span class='ocrx_word' id='word_1_46' title='bbox 430 917 555 984; x_wconf 75' lang='lat' dir='ltr'><strong>scientis,</strong></span> <span class='ocrx_word' id='word_1_47' title='bbox 574 913 588 983; x_wconf 77' lang='grc' dir='ltr'><strong><em>ἧ</em></strong></span> <span class='ocrx_word' id='word_1_48' title='bbox 610 913 747 984; x_wconf 68' lang='grc' dir='ltr'><strong><em>θεολογική</em></strong></span> <span class='ocrx_word' id='word_1_49' title='bbox 764 912 893 979; x_wconf 68' lang='grc' dir='ltr'><strong>ἐπιστήμη</strong></span> <span class='ocrx_word' id='word_1_50' title='bbox 911 929 931 964; x_wconf 75' lang='lat'><strong>⁸.</strong></span> <span class='ocrx_word' id='word_1_51' title='bbox 947 911 964 980; x_wconf 76' lang='grc' dir='ltr'><em>ἤ</em></span> <span class='ocrx_word' id='word_1_52' title='bbox 981 910 1070 982; x_wconf 69' lang='grc' dir='ltr'><em>πρώτη</em></span> <span class='ocrx_word' id='word_1_53' title='bbox 1086 910 1272 979; x_wconf 70' lang='grc' dir='ltr'><strong><em>φιλοσοφία,ξῆ</em></strong></span> 
     </span>
     <span class='ocr_line' id='line_1_9' title="bbox 90 998 1273 1069; baseline -0.008 -14"><span class='ocrx_word' id='word_1_54' title='bbox 90 1007 175 1069; x_wconf 78' lang='lat' dir='ltr'><strong>copto.</strong></span> <span class='ocrx_word' id='word_1_55' title='bbox 195 1003 258 1051; x_wconf 84' lang='lat' dir='ltr'><strong>llum</strong></span> <span class='ocrx_word' id='word_1_56' title='bbox 275 1008 371 1050; x_wconf 79' lang='lat' dir='ltr'><strong>cartam</strong></span> <span class='ocrx_word' id='word_1_57' title='bbox 386 1018 459 1050; x_wconf 84' lang='lat' dir='ltr'><strong>neum</strong></span> <span class='ocrx_word' id='word_1_58' title='bbox 473 1003 573 1053; x_wconf 88' lang='lat' dir='ltr'><strong>hahet?</strong></span> <span class='ocrx_word' id='word_1_59' title='bbox 591 1004 659 1067; x_wconf 89' lang='lat' dir='ltr'><strong>Quae</strong></span> <span class='ocrx_word' id='word_1_60' title='bbox 676 1003 733 1066; x_wconf 87' lang='lat' dir='ltr'><strong>ejus</strong></span> <span class='ocrx_word' id='word_1_61' title='bbox 745 1001 927 1065; x_wconf 74' lang='lat' dir='ltr'><strong>praestantia,</strong></span> <span class='ocrx_word' id='word_1_62' title='bbox 946 1000 1022 1064; x_wconf 89' lang='lat' dir='ltr'><strong>quale</strong></span> <span class='ocrx_word' id='word_1_63' title='bbox 1040 999 1196 1064; x_wconf 79' lang='lat' dir='ltr'><strong>propositum</strong></span> <span class='ocrx_word' id='word_1_64' title='bbox 1214 998 1273 1047; x_wconf 89' lang='lat' dir='ltr'><strong>est?</strong></span> 
     </span>
     <span class='ocr_line' id='line_1_10' title="bbox 88 1083 1275 1150; baseline -0.004 -13"><span class='ocrx_word' id='word_1_65' title='bbox 88 1087 237 1137; x_wconf 78' lang='lat' dir='ltr'><strong>Aristoteles</strong></span> <span class='ocrx_word' id='word_1_66' title='bbox 245 1093 273 1137; x_wconf 91' lang='lat' dir='ltr'><strong>et</strong></span> <span class='ocrx_word' id='word_1_67' title='bbox 285 1087 370 1138; x_wconf 82' lang='lat' dir='ltr'><strong>Stoici.</strong></span> <span class='ocrx_word' id='word_1_68' title='bbox 388 1088 537 1137; x_wconf 73' lang='lat' dir='ltr'><strong>scholastici</strong></span> <span class='ocrx_word' id='word_1_69' title='bbox 549 1094 576 1136; x_wconf 92' lang='lat' dir='ltr'><strong>et</strong></span> <span class='ocrx_word' id='word_1_70' title='bbox 588 1087 743 1137; x_wconf 70' lang='lat' dir='ltr'><strong>recentiores</strong></span> <span class='ocrx_word' id='word_1_71' title='bbox 757 1083 930 1150; x_wconf 88' lang='lat' dir='ltr'><strong>philosophiae</strong></span> <span class='ocrx_word' id='word_1_72' title='bbox 944 1086 1133 1134; x_wconf 87' lang='lat' dir='ltr'><strong>instauratores.</strong></span> <span class='ocrx_word' id='word_1_73' title='bbox 1146 1085 1275 1148; x_wconf 83' lang='lat' dir='ltr'><strong>Anaiysin</strong></span> 
     </span>
     <span class='ocr_line' id='line_1_11' title="bbox 90 1147 1273 1239; baseline -0.004 -17"><span class='ocrx_word' id='word_1_74' title='bbox 90 1189 153 1222; x_wconf 90' lang='lat' dir='ltr'><strong>num</strong></span> <span class='ocrx_word' id='word_1_75' title='bbox 177 1173 320 1239; x_wconf 82' lang='lat' dir='ltr'><strong>repudiavit</strong></span> <span class='ocrx_word' id='word_1_76' title='bbox 338 1174 510 1223; x_wconf 67' lang='lat' dir='ltr'><strong>Aristotelen?</strong></span> <span class='ocrx_word' id='word_1_77' title='bbox 527 1174 589 1238; x_wconf 82' lang='lat' dir='ltr'><strong>Ejus</strong></span> <span class='ocrx_word' id='word_1_78' title='bbox 609 1174 636 1222; x_wconf 90' lang='lat' dir='ltr'><strong>in</strong></span> <span class='ocrx_word' id='word_1_79' title='bbox 652 1171 796 1238; x_wconf 74' lang='lat' dir='ltr'><strong>quomenda</strong></span> <span class='ocrx_word' id='word_1_80' title='bbox 812 1172 984 1238; x_wconf 74' lang='lat' dir='ltr'><strong>metaphysica</strong></span> <span class='ocrx_word' id='word_1_81' title='bbox 1000 1171 1150 1235; x_wconf 68' lang='lat' dir='ltr'><strong>diligentia,</strong></span> <span class='ocrx_word' id='word_1_82' title='bbox 1174 1147 1273 1220; x_wconf 63' lang='lat' dir='ltr'><strong>atrae²</strong></span> 
     </span>
     <span class='ocr_line' id='line_1_12' title="bbox 91 1256 1271 1323; baseline 0 -16"><span class='ocrx_word' id='word_1_83' title='bbox 91 1259 170 1308; x_wconf 84' lang='lat' dir='ltr'><strong>tanda</strong></span> <span class='ocrx_word' id='word_1_84' title='bbox 187 1259 348 1309; x_wconf 71' lang='lat' dir='ltr'><strong>absdnentio.</strong></span> <span class='ocrx_word' id='word_1_85' title='bbox 366 1258 528 1323; x_wconf 78' lang='lat' dir='ltr'><strong>Aristotelis,</strong></span> <span class='ocrx_word' id='word_1_86' title='bbox 546 1264 575 1308; x_wconf 91' lang='lat' dir='ltr'><strong>ut</strong></span> <span class='ocrx_word' id='word_1_87' title='bbox 584 1261 751 1323; x_wconf 70' lang='lat' dir='ltr'><strong>Protagorae,</strong></span> <span class='ocrx_word' id='word_1_88' title='bbox 769 1258 795 1306; x_wconf 91' lang='lat' dir='ltr'><strong>in</strong></span> <span class='ocrx_word' id='word_1_89' title='bbox 801 1257 949 1322; x_wconf 88' lang='lat' dir='ltr'><strong>judicandis</strong></span> <span class='ocrx_word' id='word_1_90' title='bbox 960 1261 1074 1306; x_wconf 86' lang='lat' dir='ltr'><strong>veterum</strong></span> <span class='ocrx_word' id='word_1_91' title='bbox 1083 1256 1182 1323; x_wconf 85' lang='lat' dir='ltr'><strong>placitis</strong></span> <span class='ocrx_word' id='word_1_92' title='bbox 1192 1271 1271 1308; x_wconf 90' lang='lat' dir='ltr'><strong>error.</strong></span> 
     </span>
    </p>
   </div>
   <div class='ocr_carea' id='block_1_4' title="bbox 362 1392 1327 1455">
    <p class='ocr_par' dir='ltr' id='par_1_4' title="bbox 362 1392 1327 1455">
     <span class='ocr_line' id='line_1_13' title="bbox 362 1392 1327 1455; baseline 0 -9"><span class='ocrx_word' id='word_1_93' title='bbox 362 1396 498 1448; x_wconf 75' lang='lat' dir='ltr'><strong>Doctrinae</strong></span> <span class='ocrx_word' id='word_1_94' title='bbox 515 1396 662 1448; x_wconf 74' lang='lat' dir='ltr'><strong>Platonicae</strong></span> <span class='ocrx_word' id='word_1_95' title='bbox 678 1403 701 1447; x_wconf 87' lang='lat' dir='ltr'><strong>et</strong></span> <span class='ocrx_word' id='word_1_96' title='bbox 718 1393 894 1455; x_wconf 81' lang='lat' dir='ltr'><strong>Aristotelicae</strong></span> <span class='ocrx_word' id='word_1_97' title='bbox 911 1395 1050 1446; x_wconf 83' lang='lat' dir='ltr'><strong>discrimen.</strong></span> <span class='ocrx_word' id='word_1_98' title='bbox 1272 1392 1327 1446; x_wconf 72' lang='lat'><strong>354</strong></span> 
     </span>
    </p>
   </div>
   <div class='ocr_carea' id='block_1_5' title="bbox 66 1495 1273 1838">
    <p class='ocr_par' dir='ltr' id='par_1_5' title="bbox 66 1495 1273 1838">
     <span class='ocr_line' id='line_1_14' title="bbox 66 1495 1273 1581; baseline -0.002 -16"><span class='ocrx_word' id='word_1_99' title='bbox 66 1572 69 1579; x_wconf 31' lang='lat'>¹</span> <span class='ocrx_word' id='word_1_100' title='bbox 125 1516 240 1565; x_wconf 85' lang='lat' dir='ltr'><strong>Socrates</strong></span> <span class='ocrx_word' id='word_1_101' title='bbox 255 1516 283 1563; x_wconf 90' lang='lat' dir='ltr'><strong>in</strong></span> <span class='ocrx_word' id='word_1_102' title='bbox 296 1495 567 1581; x_wconf 62' lang='lat' dir='ltr'><strong>consternante</strong></span> <span class='ocrx_word' id='word_1_103' title='bbox 581 1516 652 1565; x_wconf 81' lang='lat' dir='ltr'><strong>ideis</strong></span> <span class='ocrx_word' id='word_1_104' title='bbox 668 1515 759 1576; x_wconf 84' lang='lat' dir='ltr'><strong>Plato,</strong></span> <span class='ocrx_word' id='word_1_105' title='bbox 777 1514 839 1576; x_wconf 87' lang='lat' dir='ltr'><strong>quid</strong></span> <span class='ocrx_word' id='word_1_106' title='bbox 854 1514 1004 1564; x_wconf 75' lang='lat' dir='ltr'><strong>Aristoteles</strong></span> <span class='ocrx_word' id='word_1_107' title='bbox 1019 1514 1166 1564; x_wconf 76' lang='lat' dir='ltr'><strong>intellexit?</strong></span> <span class='ocrx_word' id='word_1_108' title='bbox 1183 1515 1273 1565; x_wconf 86' lang='lat' dir='ltr'><strong>Aris-</strong></span> 
     </span>
     <span class='ocr_line' id='line_1_15' title="bbox 92 1600 1273 1667; baseline 0.002 -19"><span class='ocrx_word' id='word_1_109' title='bbox 92 1602 211 1650; x_wconf 85' lang='lat' dir='ltr'><strong>toteles</strong></span> <span class='ocrx_word' id='word_1_110' title='bbox 235 1607 262 1649; x_wconf 89' lang='lat' dir='ltr'><strong>ct</strong></span> <span class='ocrx_word' id='word_1_111' title='bbox 277 1601 399 1650; x_wconf 79' lang='lat' dir='ltr'><strong>Cicero.</strong></span> <span class='ocrx_word' id='word_1_112' title='bbox 417 1600 551 1654; x_wconf 82' lang='lat' dir='ltr'><strong>Contraria</strong></span> <span class='ocrx_word' id='word_1_113' title='bbox 564 1602 677 1650; x_wconf 77' lang='lat' dir='ltr'><strong>Platonis</strong></span> <span class='ocrx_word' id='word_1_114' title='bbox 694 1608 722 1651; x_wconf 89' lang='lat' dir='ltr'><strong>et</strong></span> <span class='ocrx_word' id='word_1_115' title='bbox 738 1601 882 1650; x_wconf 76' lang='lat' dir='ltr'><strong>Aristotelis</strong></span> <span class='ocrx_word' id='word_1_116' title='bbox 898 1602 925 1650; x_wconf 91' lang='lat' dir='ltr'><strong>in</strong></span> <span class='ocrx_word' id='word_1_117' title='bbox 935 1601 1137 1667; x_wconf 81' lang='lat' dir='ltr'><strong>philosophando</strong></span> <span class='ocrx_word' id='word_1_118' title='bbox 1153 1602 1201 1652; x_wconf 80' lang='lat' dir='ltr'><strong>ria.</strong></span> <span class='ocrx_word' id='word_1_119' title='bbox 1222 1602 1273 1650; x_wconf 75' lang='lat' dir='ltr'><strong>ot.</strong></span> 
     </span>
     <span class='ocr_line' id='line_1_16' title="bbox 93 1686 1272 1755; baseline 0.002 -21"><span class='ocrx_word' id='word_1_120' title='bbox 93 1688 204 1735; x_wconf 85' lang='lat' dir='ltr'><strong>cerani</strong></span> <span class='ocrx_word' id='word_1_121' title='bbox 210 1703 224 1734; x_wconf 89' lang='lat' dir='ltr'><strong>s</strong></span> <span class='ocrx_word' id='word_1_122' title='bbox 241 1686 390 1755; x_wconf 72' lang='lat' dir='ltr'><strong>desocrate</strong></span> <span class='ocrx_word' id='word_1_123' title='bbox 406 1688 541 1737; x_wconf 72' lang='lat' dir='ltr'><strong>sentmtis.</strong></span> <span class='ocrx_word' id='word_1_124' title='bbox 565 1688 599 1736; x_wconf 85' lang='lat' dir='ltr'><strong>llt</strong></span> <span class='ocrx_word' id='word_1_125' title='bbox 618 1688 746 1737; x_wconf 83' lang='lat' dir='ltr'><strong>Socratem</strong></span> <span class='ocrx_word' id='word_1_126' title='bbox 762 1686 777 1740; x_wconf 80' lang='grc' dir='ltr'><em>ὃ</em></span> <span class='ocrx_word' id='word_1_127' title='bbox 793 1691 869 1749; x_wconf 76' lang='grc' dir='ltr'><strong><em>νοῦς,</em></strong></span> <span class='ocrx_word' id='word_1_128' title='bbox 887 1687 919 1736; x_wconf 81' lang='lat' dir='ltr'><strong>ah</strong></span> <span class='ocrx_word' id='word_1_129' title='bbox 931 1687 1077 1750; x_wconf 59' lang='lat' dir='ltr'><strong>managam</strong></span> <span class='ocrx_word' id='word_1_130' title='bbox 1088 1687 1220 1750; x_wconf 80' lang='lat' dir='ltr'><strong>laudatus,</strong></span> <span class='ocrx_word' id='word_1_131' title='bbox 1238 1688 1272 1736; x_wconf 81' lang='lat' dir='ltr'><strong>ita</strong></span> 
     </span>
     <span class='ocr_line' id='line_1_17' title="bbox 92 1772 561 1838; baseline 0.006 -18"><span class='ocrx_word' id='word_1_132' title='bbox 92 1772 224 1822; x_wconf 82' lang='lat' dir='ltr'><strong>Platonem</strong></span> <span class='ocrx_word' id='word_1_133' title='bbox 238 1774 272 1825; x_wconf 76' lang='lat' dir='ltr'><strong>rai</strong></span> <span class='ocrx_word' id='word_1_134' title='bbox 289 1772 368 1838; x_wconf 74' lang='grc' dir='ltr'><strong><em>νοητὰ</em></strong></span> <span class='ocrx_word' id='word_1_135' title='bbox 386 1772 561 1823; x_wconf 84' lang='lat' dir='ltr'><strong>adverterunt.</strong></span> 
     </span>
    </p>
   </div>
   <div class='ocr_carea' id='block_1_6' title="bbox 330 1908 1328 1980">
    <p class='ocr_par' dir='ltr' id='par_1_6' title="bbox 330 1908 1328 1980">
     <span class='ocr_line' id='line_1_18' title="bbox 330 1908 1328 1980; baseline 0 -18"><span class='ocrx_word' id='word_1_136' title='bbox 330 1911 553 1979; x_wconf 72' lang='lat' dir='ltr'><strong>Metaphysicorum</strong></span> <span class='ocrx_word' id='word_1_137' title='bbox 569 1919 678 1962; x_wconf 83' lang='lat' dir='ltr'><strong>aeterum</strong></span> <span class='ocrx_word' id='word_1_138' title='bbox 694 1912 724 1963; x_wconf 89' lang='lat' dir='ltr'><strong>de</strong></span> <span class='ocrx_word' id='word_1_139' title='bbox 741 1910 793 1962; x_wconf 85' lang='lat' dir='ltr'><strong>Deo</strong></span> <span class='ocrx_word' id='word_1_140' title='bbox 808 1910 998 1980; x_wconf 85' lang='lat' dir='ltr'><strong>philosophandi</strong></span> <span class='ocrx_word' id='word_1_141' title='bbox 1013 1912 1089 1961; x_wconf 85' lang='lat' dir='ltr'><strong>ratio.</strong></span> <span class='ocrx_word' id='word_1_142' title='bbox 1138 1972 1141 1979; x_wconf 40' lang='lat'><strong>,</strong></span> <span class='ocrx_word' id='word_1_143' title='bbox 1272 1908 1328 1962; x_wconf 85' lang='grc'><strong>358</strong></span> 
     </span>
    </p>
   </div>
   <div class='ocr_carea' id='block_1_7' title="bbox 91 2018 1275 2184">
    <p class='ocr_par' dir='ltr' id='par_1_7' title="bbox 91 2018 1275 2184">
     <span class='ocr_line' id='line_1_19' title="bbox 127 2018 1275 2100; baseline -0.001 -21"><span class='ocrx_word' id='word_1_144' title='bbox 127 2030 259 2079; x_wconf 81' lang='lat' dir='ltr'><strong>libelli</strong></span> <span class='ocrx_word' id='word_1_145' title='bbox 281 2035 341 2100; x_wconf 71' lang='grc' dir='ltr'><strong>περὶ</strong></span> <span class='ocrx_word' id='word_1_146' title='bbox 361 2036 410 2082; x_wconf 80' lang='grc' dir='ltr'><strong><em>τοῦ</em></strong></span> <span class='ocrx_word' id='word_1_147' title='bbox 435 2018 533 2097; x_wconf 71' lang='grc' dir='ltr'><strong><em>κ’όσμοο</em></strong></span> <span class='ocrx_word' id='word_1_148' title='bbox 556 2040 743 2094; x_wconf 79' lang='lat' dir='ltr'><strong>argumentum.</strong></span> <span class='ocrx_word' id='word_1_149' title='bbox 771 2033 906 2081; x_wconf 74' lang='lat' dir='ltr'><strong>Poitsrum</strong></span> <span class='ocrx_word' id='word_1_150' title='bbox 923 2030 955 2079; x_wconf 89' lang='lat' dir='ltr'><strong>de</strong></span> <span class='ocrx_word' id='word_1_151' title='bbox 971 2031 1023 2079; x_wconf 80' lang='lat' dir='ltr'><strong>lieo</strong></span> <span class='ocrx_word' id='word_1_152' title='bbox 1038 2031 1122 2079; x_wconf 68' lang='lat' dir='ltr'><strong>effata.</strong></span> <span class='ocrx_word' id='word_1_153' title='bbox 1140 2031 1186 2084; x_wconf 84' lang='lat' dir='ltr'><strong>Dei</strong></span> <span class='ocrx_word' id='word_1_154' title='bbox 1201 2031 1275 2079; x_wconf 79' lang='lat' dir='ltr'><strong>seder</strong></span> 
     </span>
     <span class='ocr_line' id='line_1_20' title="bbox 91 2102 1274 2184; baseline 0.001 -20"><span class='ocrx_word' id='word_1_155' title='bbox 91 2121 118 2164; x_wconf 91' lang='lat' dir='ltr'><strong>et</strong></span> <span class='ocrx_word' id='word_1_156' title='bbox 128 2116 258 2184; x_wconf 82' lang='lat' dir='ltr'><strong>majestas.</strong></span> <span class='ocrx_word' id='word_1_157' title='bbox 269 2118 335 2166; x_wconf 87' lang='lat' dir='ltr'><strong>Deus</strong></span> <span class='ocrx_word' id='word_1_158' title='bbox 353 2133 438 2166; x_wconf 83' lang='lat' dir='ltr'><strong>rerum</strong></span> <span class='ocrx_word' id='word_1_159' title='bbox 454 2119 562 2166; x_wconf 72' lang='lat' dir='ltr'><strong>ominum</strong></span> <span class='ocrx_word' id='word_1_160' title='bbox 574 2132 674 2166; x_wconf 89' lang='lat' dir='ltr'><strong>caussa.</strong></span> <span class='ocrx_word' id='word_1_161' title='bbox 693 2118 801 2165; x_wconf 72' lang='lat' dir='ltr'><strong>Mundus</strong></span> <span class='ocrx_word' id='word_1_162' title='bbox 813 2133 865 2166; x_wconf 87' lang='lat' dir='ltr'><strong>non</strong></span> <span class='ocrx_word' id='word_1_163' title='bbox 876 2102 1023 2179; x_wconf 75' lang='lat' dir='ltr'><strong>machinae,</strong></span> <span class='ocrx_word' id='word_1_164' title='bbox 1042 2117 1085 2164; x_wconf 88' lang='lat' dir='ltr'><strong>sed</strong></span> <span class='ocrx_word' id='word_1_165' title='bbox 1102 2117 1176 2164; x_wconf 80' lang='lat' dir='ltr'><strong>chori</strong></span> <span class='ocrx_word' id='word_1_166' title='bbox 1182 2155 1190 2180; x_wconf 92' lang='lat'><strong>,</strong></span> <span class='ocrx_word' id='word_1_167' title='bbox 1207 2117 1274 2165; x_wconf 78' lang='lat' dir='ltr'><strong>licus</strong></span> 
     </span>
    </p>
   </div>
   <div class='ocr_carea' id='block_1_8' title="bbox 91 2198 1274 2337">
    <p class='ocr_par' dir='ltr' id='par_1_8' title="bbox 91 2198 1274 2337">
     <span class='ocr_line' id='line_1_21' title="bbox 94 2198 1274 2281; baseline 0.001 -31"><span class='ocrx_word' id='word_1_168' title='bbox 94 2203 199 2269; x_wconf 77' lang='lat' dir='ltr'><strong>choregi</strong></span> <span class='ocrx_word' id='word_1_169' title='bbox 226 2203 312 2275; x_wconf 88' lang='lat' dir='ltr'><strong>instar.</strong></span> <span class='ocrx_word' id='word_1_170' title='bbox 337 2203 424 2252; x_wconf 87' lang='lat' dir='ltr'><strong>llundi</strong></span> <span class='ocrx_word' id='word_1_171' title='bbox 448 2201 556 2269; x_wconf 80' lang='lat' dir='ltr'><strong>regessdi</strong></span> <span class='ocrx_word' id='word_1_172' title='bbox 584 2202 657 2252; x_wconf 83' lang='lat' dir='ltr'><strong>ratio.</strong></span> <span class='ocrx_word' id='word_1_173' title='bbox 690 2202 816 2281; x_wconf 81' lang='lat' dir='ltr'><strong>llseccine</strong></span> <span class='ocrx_word' id='word_1_174' title='bbox 842 2198 984 2252; x_wconf 86' lang='lat' dir='ltr'><strong>concinunt</strong></span> <span class='ocrx_word' id='word_1_175' title='bbox 1009 2201 1121 2251; x_wconf 85' lang='lat' dir='ltr'><strong>Platonis</strong></span> <span class='ocrx_word' id='word_1_176' title='bbox 1144 2201 1274 2252; x_wconf 85' lang='lat' dir='ltr'><strong>doctrinae</strong></span> 
     </span>
     <span class='ocr_line' id='line_1_22' title="bbox 91 2286 223 2337; baseline 0.008 -1"><span class='ocrx_word' id='word_1_177' title='bbox 91 2286 123 2336; x_wconf 89' lang='lat' dir='ltr'><strong>de</strong></span> <span class='ocrx_word' id='word_1_178' title='bbox 140 2288 223 2337; x_wconf 88' lang='lat' dir='ltr'><strong>ideis?</strong></span> 
     </span>
    </p>
   </div>
   <div class='ocr_carea' id='block_1_9' title="bbox 226 2406 1370 2562">
    <p class='ocr_par' dir='ltr' id='par_1_9' title="bbox 226 2406 1370 2562">
     <span class='ocr_line' id='line_1_23' title="bbox 226 2406 1150 2476; baseline 0.004 -19"><span class='ocrx_word' id='word_1_179' title='bbox 226 2420 229 2425; x_wconf 86' lang='lat'>·</span> <span class='ocrx_word' id='word_1_180' title='bbox 269 2407 325 2458; x_wconf 87' lang='lat' dir='ltr'><strong>Non</strong></span> <span class='ocrx_word' id='word_1_181' title='bbox 342 2406 410 2457; x_wconf 84' lang='lat' dir='ltr'><strong>Dens</strong></span> <span class='ocrx_word' id='word_1_182' title='bbox 428 2416 463 2457; x_wconf 88' lang='lat' dir='ltr'><strong>est</strong></span> <span class='ocrx_word' id='word_1_183' title='bbox 479 2408 548 2476; x_wconf 83' lang='lat' dir='ltr'><strong>apssd</strong></span> <span class='ocrx_word' id='word_1_184' title='bbox 564 2406 690 2460; x_wconf 87' lang='lat' dir='ltr'><strong>Platonem</strong></span> <span class='ocrx_word' id='word_1_185' title='bbox 707 2409 764 2460; x_wconf 87' lang='lat' dir='ltr'><strong>idea</strong></span> <span class='ocrx_word' id='word_1_186' title='bbox 781 2409 856 2474; x_wconf 83' lang='lat' dir='ltr'><strong>honi,</strong></span> <span class='ocrx_word' id='word_1_187' title='bbox 875 2412 919 2462; x_wconf 88' lang='lat' dir='ltr'><strong>sed</strong></span> <span class='ocrx_word' id='word_1_188' title='bbox 935 2412 970 2462; x_wconf 83' lang='lat' dir='ltr'><strong>ad</strong></span> <span class='ocrx_word' id='word_1_189' title='bbox 985 2411 1050 2463; x_wconf 86' lang='lat' dir='ltr'><strong>hanc</strong></span> <span class='ocrx_word' id='word_1_190' title='bbox 1068 2411 1150 2462; x_wconf 87' lang='lat' dir='ltr'><strong>ideam</strong></span> 
     </span>
     <span class='ocr_line' id='line_1_24' title="bbox 444 2493 1370 2562; baseline 0.005 -19"><span class='ocrx_word' id='word_1_191' title='bbox 444 2540 446 2544; x_wconf 74' lang='grc'><strong>,</strong></span> <span class='ocrx_word' id='word_1_192' title='bbox 538 2493 605 2544; x_wconf 84' lang='lat' dir='ltr'><strong>Deus</strong></span> <span class='ocrx_word' id='word_1_193' title='bbox 621 2496 738 2547; x_wconf 72' lang='lat' dir='ltr'><strong>modum</strong></span> <span class='ocrx_word' id='word_1_194' title='bbox 753 2497 881 2562; x_wconf 71' lang='lat' dir='ltr'><strong>imnsaeit.</strong></span> <span class='ocrx_word' id='word_1_195' title='bbox 1273 2495 1329 2548; x_wconf 80' lang='grc'><strong>360</strong></span> <span class='ocrx_word' id='word_1_196' title='bbox 1367 2515 1370 2520; x_wconf 95' lang='grc'><strong><em>·</em></strong></span> 
     </span>
    </p>
   </div>
   <div class='ocr_carea' id='block_1_10' title="bbox 91 2612 1274 2787">
    <p class='ocr_par' dir='ltr' id='par_1_10' title="bbox 91 2612 1274 2787">
     <span class='ocr_line' id='line_1_25' title="bbox 126 2612 1274 2682; baseline 0.003 -22"><span class='ocrx_word' id='word_1_197' title='bbox 126 2612 287 2661; x_wconf 86' lang='lat' dir='ltr'><strong>Timaeus.</strong></span> <span class='ocrx_word' id='word_1_198' title='bbox 307 2613 415 2660; x_wconf 84' lang='lat' dir='ltr'><strong>Deorum</strong></span> <span class='ocrx_word' id='word_1_199' title='bbox 434 2612 570 2662; x_wconf 86' lang='lat' dir='ltr'><strong>invocatio.</strong></span> <span class='ocrx_word' id='word_1_200' title='bbox 595 2615 681 2663; x_wconf 75' lang='lat' dir='ltr'><strong>Mundi</strong></span> <span class='ocrx_word' id='word_1_201' title='bbox 702 2612 798 2682; x_wconf 73' lang='grc' dir='ltr'><strong><em>ὁρατοῦ</em></strong></span> <span class='ocrx_word' id='word_1_202' title='bbox 814 2620 841 2664; x_wconf 91' lang='lat' dir='ltr'><strong>et</strong></span> <span class='ocrx_word' id='word_1_203' title='bbox 859 2620 956 2682; x_wconf 76' lang='grc' dir='ltr'><strong><em>νοητοῦ</em></strong></span> <span class='ocrx_word' id='word_1_204' title='bbox 974 2616 1119 2667; x_wconf 86' lang='lat' dir='ltr'><strong>discrimen.</strong></span> <span class='ocrx_word' id='word_1_205' title='bbox 1144 2618 1212 2666; x_wconf 87' lang='lat' dir='ltr'><strong>lleus</strong></span> <span class='ocrx_word' id='word_1_206' title='bbox 1225 2618 1274 2665; x_wconf 92' lang='lat' dir='ltr'><strong>dis-</strong></span> 
     </span>
     <span class='ocr_line' id='line_1_26' title="bbox 91 2687 1273 2787; baseline 0.005 -39"><span class='ocrx_word' id='word_1_207' title='bbox 91 2698 206 2749; x_wconf 86' lang='lat' dir='ltr'><strong>cernitur</strong></span> <span class='ocrx_word' id='word_1_208' title='bbox 221 2714 280 2748; x_wconf 87' lang='lat' dir='ltr'><strong>cum</strong></span> <span class='ocrx_word' id='word_1_209' title='bbox 298 2687 382 2747; x_wconf 73' lang='lat' dir='ltr'><strong>abonii</strong></span> <span class='ocrx_word' id='word_1_210' title='bbox 389 2699 449 2748; x_wconf 86' lang='lat' dir='ltr'><strong>idea</strong></span> <span class='ocrx_word' id='word_1_211' title='bbox 459 2705 513 2749; x_wconf 91' lang='lat' dir='ltr'><strong>tum</strong></span> <span class='ocrx_word' id='word_1_212' title='bbox 522 2718 536 2750; x_wconf 89' lang='lat' dir='ltr'><strong>s</strong></span> <span class='ocrx_word' id='word_1_213' title='bbox 545 2703 663 2752; x_wconf 83' lang='lat' dir='ltr'><strong>matoria.</strong></span> <span class='ocrx_word' id='word_1_214' title='bbox 683 2704 797 2787; x_wconf 65' lang='lat' dir='ltr'><strong>Timaeus</strong></span> <span class='ocrx_word' id='word_1_215' title='bbox 805 2704 994 2754; x_wconf 73' lang='lat' dir='ltr'><strong>Platonicorum</strong></span> <span class='ocrx_word' id='word_1_216' title='bbox 1003 2704 1153 2769; x_wconf 81' lang='lat' dir='ltr'><strong>scriptorum</strong></span> <span class='ocrx_word' id='word_1_217' title='bbox 1162 2710 1273 2774; x_wconf 65' lang='grc' dir='ltr'><strong><em>κορωνίς.</em></strong></span> 
     </span>
    </p>
   </div>
   <div class='ocr_carea' id='block_1_11' title="bbox 255 2834 1329 2988">
    <p class='ocr_par' dir='ltr' id='par_1_11' title="bbox 255 2834 1329 2988">
     <span class='ocr_line' id='line_1_27' title="bbox 255 2834 1177 2909; baseline 0.005 -22"><span class='ocrx_word' id='word_1_218' title='bbox 255 2834 400 2887; x_wconf 81' lang='lat' dir='ltr'><strong>Platonicae</strong></span> <span class='ocrx_word' id='word_1_219' title='bbox 418 2835 447 2886; x_wconf 84' lang='lat' dir='ltr'><strong>dc</strong></span> <span class='ocrx_word' id='word_1_220' title='bbox 464 2837 527 2888; x_wconf 78' lang='lat' dir='ltr'><strong>ideis</strong></span> <span class='ocrx_word' id='word_1_221' title='bbox 543 2839 672 2890; x_wconf 84' lang='lat' dir='ltr'><strong>doctrinae</strong></span> <span class='ocrx_word' id='word_1_222' title='bbox 688 2840 831 2891; x_wconf 78' lang='lat' dir='ltr'><strong>sublimitas.</strong></span> <span class='ocrx_word' id='word_1_223' title='bbox 867 2839 981 2892; x_wconf 76' lang='lat' dir='ltr'><strong>Atticene</strong></span> <span class='ocrx_word' id='word_1_224' title='bbox 998 2839 1085 2906; x_wconf 87' lang='lat' dir='ltr'><strong>Plato,</strong></span> <span class='ocrx_word' id='word_1_225' title='bbox 1103 2857 1177 2909; x_wconf 81' lang='lat' dir='ltr'><strong>qums</strong></span> 
     </span>
     <span class='ocr_line' id='line_1_28' title="bbox 516 2923 1329 2988; baseline 0.009 -15"><span class='ocrx_word' id='word_1_226' title='bbox 516 2923 634 2974; x_wconf 86' lang='lat' dir='ltr'><strong>hominem</strong></span> <span class='ocrx_word' id='word_1_227' title='bbox 651 2925 764 2988; x_wconf 76' lang='lat' dir='ltr'><strong>decelat,</strong></span> <span class='ocrx_word' id='word_1_228' title='bbox 782 2924 905 2977; x_wconf 84' lang='lat' dir='ltr'><strong>eaolaeit?</strong></span> <span class='ocrx_word' id='word_1_229' title='bbox 1274 2926 1329 2980; x_wconf 68' lang='lat'><strong>364</strong></span> 
     </span>
    </p>
   </div>
   <div class='ocr_carea' id='block_1_12' title="bbox 93 3006 1276 3196">
    <p class='ocr_par' dir='ltr' id='par_1_12' title="bbox 93 3006 1276 3196">
     <span class='ocr_line' id='line_1_29' title="bbox 127 3006 1275 3110; baseline 0.009 -24"><span class='ocrx_word' id='word_1_230' title='bbox 127 3036 199 3086; x_wconf 83' lang='lat' dir='ltr'><strong>Plato</strong></span> <span class='ocrx_word' id='word_1_231' title='bbox 216 3044 244 3086; x_wconf 92' lang='lat' dir='ltr'><strong>et</strong></span> <span class='ocrx_word' id='word_1_232' title='bbox 259 3006 433 3105; x_wconf 76' lang='lat' dir='ltr'><strong>metaphysici.</strong></span> <span class='ocrx_word' id='word_1_233' title='bbox 451 3041 578 3090; x_wconf 58' lang='lat' dir='ltr'><strong>&amp;cretica</strong></span> <span class='ocrx_word' id='word_1_234' title='bbox 591 3043 704 3093; x_wconf 85' lang='lat' dir='ltr'><strong>Platonis</strong></span> <span class='ocrx_word' id='word_1_235' title='bbox 716 3043 889 3106; x_wconf 74' lang='lat' dir='ltr'><strong>modoetia,</strong></span> <span class='ocrx_word' id='word_1_236' title='bbox 903 3043 1051 3093; x_wconf 86' lang='lat' dir='ltr'><strong>disserentis</strong></span> <span class='ocrx_word' id='word_1_237' title='bbox 1059 3045 1086 3093; x_wconf 88' lang='lat' dir='ltr'><strong>in</strong></span> <span class='ocrx_word' id='word_1_238' title='bbox 1103 3046 1188 3110; x_wconf 89' lang='lat' dir='ltr'><strong>primis</strong></span> <span class='ocrx_word' id='word_1_239' title='bbox 1197 3046 1229 3096; x_wconf 92' lang='lat' dir='ltr'><strong>de</strong></span> <span class='ocrx_word' id='word_1_240' title='bbox 1238 3047 1275 3095; x_wconf 94' lang='lat' dir='ltr'><strong>di-</strong></span> 
     </span>
     <span class='ocr_line' id='line_1_30' title="bbox 93 3123 1276 3196; baseline 0.009 -26"><span class='ocrx_word' id='word_1_241' title='bbox 93 3123 152 3190; x_wconf 73' lang='lat' dir='ltr'><strong>vina</strong></span> <span class='ocrx_word' id='word_1_242' title='bbox 169 3129 268 3174; x_wconf 89' lang='lat' dir='ltr'><strong>natura.</strong></span> <span class='ocrx_word' id='word_1_243' title='bbox 293 3125 408 3173; x_wconf 82' lang='lat' dir='ltr'><strong>Mundus</strong></span> <span class='ocrx_word' id='word_1_244' title='bbox 421 3124 513 3196; x_wconf 75' lang='grc' dir='ltr'><em>ὁρατὸς</em></span> <span class='ocrx_word' id='word_1_245' title='bbox 531 3133 626 3193; x_wconf 69' lang='grc' dir='ltr'><strong><em>νοητοῦ</em></strong></span> <span class='ocrx_word' id='word_1_246' title='bbox 643 3131 696 3178; x_wconf 82' lang='lat' dir='ltr'><strong>Dei</strong></span> <span class='ocrx_word' id='word_1_247' title='bbox 708 3131 803 3194; x_wconf 78' lang='lat' dir='ltr'><strong>inrogo.</strong></span> <span class='ocrx_word' id='word_1_248' title='bbox 829 3129 974 3179; x_wconf 77' lang='lat' dir='ltr'><strong>Aristotelis</strong></span> <span class='ocrx_word' id='word_1_249' title='bbox 989 3131 1115 3183; x_wconf 85' lang='lat' dir='ltr'><strong>sententia</strong></span> <span class='ocrx_word' id='word_1_250' title='bbox 1131 3132 1276 3196; x_wconf 72' lang='lat' dir='ltr'><strong>speluncam</strong></span> 
     </span>
    </p>
   </div>
   <div class='ocr_carea' id='block_1_13' title="bbox 92 3198 1275 3359">
    <p class='ocr_par' dir='ltr' id='par_1_13' title="bbox 92 3198 1275 3359">
     <span class='ocr_line' id='line_1_31' title="bbox 92 3198 1275 3284; baseline 0.011 -28"><span class='ocrx_word' id='word_1_251' title='bbox 92 3209 205 3258; x_wconf 85' lang='lat' dir='ltr'><strong>Platonis</strong></span> <span class='ocrx_word' id='word_1_252' title='bbox 230 3211 350 3260; x_wconf 79' lang='lat' dir='ltr'><strong>referens.</strong></span> <span class='ocrx_word' id='word_1_253' title='bbox 376 3211 463 3274; x_wconf 84' lang='lat' dir='ltr'><strong>Plato,</strong></span> <span class='ocrx_word' id='word_1_254' title='bbox 488 3213 557 3283; x_wconf 76' lang='lat' dir='ltr'><strong>quod</strong></span> <span class='ocrx_word' id='word_1_255' title='bbox 576 3215 620 3262; x_wconf 87' lang='lat' dir='ltr'><strong>alii</strong></span> <span class='ocrx_word' id='word_1_256' title='bbox 637 3215 847 3280; x_wconf 87' lang='lat' dir='ltr'><strong>praetermisere,</strong></span> <span class='ocrx_word' id='word_1_257' title='bbox 870 3198 960 3267; x_wconf 87' lang='lat' dir='ltr'><strong>mundi</strong></span> <span class='ocrx_word' id='word_1_258' title='bbox 968 3217 1186 3284; x_wconf 55' lang='lat' dir='ltr'><strong>pulcritudinem</strong></span> <span class='ocrx_word' id='word_1_259' title='bbox 1207 3220 1275 3269; x_wconf 91' lang='lat' dir='ltr'><strong>unde</strong></span> 
     </span>
     <span class='ocr_line' id='line_1_32' title="bbox 92 3295 419 3359; baseline 0.018 -17"><span class='ocrx_word' id='word_1_260' title='bbox 92 3295 232 3359; x_wconf 84' lang='lat' dir='ltr'><strong>exstiterit,</strong></span> <span class='ocrx_word' id='word_1_261' title='bbox 251 3295 396 3347; x_wconf 82' lang='lat' dir='ltr'><strong>declararit.</strong></span> <span class='ocrx_word' id='word_1_262' title='bbox 416 3338 419 3348; x_wconf 91' lang='lat'><strong>.</strong></span> 
     </span>
    </p>
   </div>
   <div class='ocr_carea' id='block_1_14' title="bbox 161 3384 1328 3492">
    <p class='ocr_par' dir='ltr' id='par_1_14' title="bbox 161 3384 1328 3492">
     <span class='ocr_line' id='line_1_33' title="bbox 161 3384 1328 3492; baseline 0.01 -25"><span class='ocrx_word' id='word_1_263' title='bbox 161 3415 373 3468; x_wconf 63' lang='lat' dir='ltr'><strong>meneutam</strong></span> <span class='ocrx_word' id='word_1_264' title='bbox 382 3384 1243 3492; x_wconf 61' lang='lat' dir='ltr'><strong>pmcmaemeemmemnaempaamaammrnmn.</strong></span> <span class='ocrx_word' id='word_1_265' title='bbox 1273 3425 1328 3480; x_wconf 79' lang='lat' dir='ltr'><strong>aaa</strong></span> 
     </span>
    </p>
   </div>
   <div class='ocr_carea' id='block_1_15' title="bbox 42 3513 1272 3688">
    <p class='ocr_par' dir='ltr' id='par_1_15' title="bbox 42 3513 1272 3688">
     <span class='ocr_line' id='line_1_34' title="bbox 42 3513 1272 3612; baseline 0.012 -32"><span class='ocrx_word' id='word_1_266' title='bbox 42 3513 44 3518; x_wconf 26' lang='grc' dir='ltr'>Ι</span> <span class='ocrx_word' id='word_1_267' title='bbox 129 3533 289 3585; x_wconf 76' lang='lat' dir='ltr'><strong>Aristotelics</strong></span> <span class='ocrx_word' id='word_1_268' title='bbox 314 3536 500 3601; x_wconf 76' lang='lat' dir='ltr'><strong>metaphysica,</strong></span> <span class='ocrx_word' id='word_1_269' title='bbox 523 3540 578 3604; x_wconf 91' lang='lat' dir='ltr'><strong>ipso</strong></span> <span class='ocrx_word' id='word_1_270' title='bbox 599 3545 679 3606; x_wconf 86' lang='lat' dir='ltr'><strong>teste,</strong></span> <span class='ocrx_word' id='word_1_271' title='bbox 710 3540 828 3590; x_wconf 86' lang='lat' dir='ltr'><strong>utilitatis</strong></span> <span class='ocrx_word' id='word_1_272' title='bbox 846 3558 948 3608; x_wconf 84' lang='lat' dir='ltr'><strong>expers;</strong></span> <span class='ocrx_word' id='word_1_273' title='bbox 968 3544 1079 3594; x_wconf 89' lang='lat' dir='ltr'><strong>Platonis</strong></span> <span class='ocrx_word' id='word_1_274' title='bbox 1098 3544 1272 3612; x_wconf 88' lang='lat' dir='ltr'><strong>philosophia,</strong></span> 
     </span>
     <span class='ocr_line' id='line_1_35' title="bbox 96 3619 729 3688; baseline 0.016 -21"><span class='ocrx_word' id='word_1_275' title='bbox 96 3620 158 3682; x_wconf 89' lang='lat' dir='ltr'><strong>quin</strong></span> <span class='ocrx_word' id='word_1_276' title='bbox 176 3619 229 3684; x_wconf 88' lang='lat' dir='ltr'><strong>ipsa</strong></span> <span class='ocrx_word' id='word_1_277' title='bbox 242 3621 356 3670; x_wconf 86' lang='lat' dir='ltr'><strong>idearum</strong></span> <span class='ocrx_word' id='word_1_278' title='bbox 373 3622 508 3688; x_wconf 87' lang='lat' dir='ltr'><strong>doctrina,</strong></span> <span class='ocrx_word' id='word_1_279' title='bbox 527 3626 583 3674; x_wconf 82' lang='lat' dir='ltr'><strong>lons</strong></span> <span class='ocrx_word' id='word_1_280' title='bbox 597 3625 729 3678; x_wconf 85' lang='lat' dir='ltr'><strong>bonorum.</strong></span> 
     </span>
    </p>
   </div>
   <div class='ocr_carea' id='block_1_16' title="bbox 218 3758 1326 3918">
    <p class='ocr_par' dir='ltr' id='par_1_16' title="bbox 218 3758 1326 3918">
     <span class='ocr_line' id='line_1_36' title="bbox 218 3758 1207 3831; baseline 0.011 -22"><span class='ocrx_word' id='word_1_281' title='bbox 218 3758 285 3822; x_wconf 82' lang='lat' dir='ltr'><strong>Quid</strong></span> <span class='ocrx_word' id='word_1_282' title='bbox 301 3777 404 3812; x_wconf 86' lang='lat' dir='ltr'><strong>caussae</strong></span> <span class='ocrx_word' id='word_1_283' title='bbox 422 3780 473 3813; x_wconf 80' lang='lat' dir='ltr'><strong>esee</strong></span> <span class='ocrx_word' id='word_1_284' title='bbox 490 3765 614 3827; x_wconf 83' lang='lat' dir='ltr'><strong>dicamus,</strong></span> <span class='ocrx_word' id='word_1_285' title='bbox 633 3782 680 3814; x_wconf 84' lang='lat' dir='ltr'><strong>cur</strong></span> <span class='ocrx_word' id='word_1_286' title='bbox 694 3767 749 3831; x_wconf 71' lang='lat' dir='ltr'><strong>fere</strong></span> <span class='ocrx_word' id='word_1_287' title='bbox 767 3766 829 3816; x_wconf 87' lang='lat' dir='ltr'><strong>haec</strong></span> <span class='ocrx_word' id='word_1_288' title='bbox 845 3766 959 3818; x_wconf 84' lang='lat' dir='ltr'><strong>Platosss&#39;s</strong></span> <span class='ocrx_word' id='word_1_289' title='bbox 975 3770 1005 3820; x_wconf 90' lang='lat' dir='ltr'><strong>de</strong></span> <span class='ocrx_word' id='word_1_290' title='bbox 1016 3771 1078 3821; x_wconf 87' lang='lat' dir='ltr'><strong>ideis</strong></span> <span class='ocrx_word' id='word_1_291' title='bbox 1094 3770 1207 3823; x_wconf 82' lang='lat' dir='ltr'><strong>doctrina</strong></span> 
     </span>
     <span class='ocr_line' id='line_1_37' title="bbox 424 3847 1326 3918; baseline 0.012 -21"><span class='ocrx_word' id='word_1_292' title='bbox 424 3847 555 3898; x_wconf 82' lang='lat' dir='ltr'><strong>multorum</strong></span> <span class='ocrx_word' id='word_1_293' title='bbox 571 3850 598 3898; x_wconf 87' lang='lat' dir='ltr'><strong>in</strong></span> <span class='ocrx_word' id='word_1_294' title='bbox 614 3852 827 3918; x_wconf 69' lang='lat' dir='ltr'><strong>reprehensionum</strong></span> <span class='ocrx_word' id='word_1_295' title='bbox 844 3854 1003 3905; x_wconf 84' lang='lat' dir='ltr'><strong>incurrerit?</strong></span> <span class='ocrx_word' id='word_1_296' title='bbox 1274 3855 1326 3908; x_wconf 81' lang='grc'><strong>367</strong></span> 
     </span>
    </p>
   </div>
   <div class='ocr_carea' id='block_1_17' title="bbox 95 3949 1276 4456">
    <p class='ocr_par' dir='ltr' id='par_1_17' title="bbox 95 3949 1276 4456">
     <span class='ocr_line' id='line_1_38' title="bbox 130 3949 1274 4045; baseline 0.016 -38"><span class='ocrx_word' id='word_1_297' title='bbox 130 3961 243 4045; x_wconf 66' lang='lat' dir='ltr'><strong>Platonis</strong></span> <span class='ocrx_word' id='word_1_298' title='bbox 266 3961 424 4029; x_wconf 89' lang='lat' dir='ltr'><strong>philosophia</strong></span> <span class='ocrx_word' id='word_1_299' title='bbox 449 3981 512 4015; x_wconf 86' lang='lat' dir='ltr'><strong>cum</strong></span> <span class='ocrx_word' id='word_1_300' title='bbox 531 3949 656 4034; x_wconf 62' lang='lat' dir='ltr'><strong>explic&#39;ata</strong></span> <span class='ocrx_word' id='word_1_301' title='bbox 680 3970 744 4018; x_wconf 83' lang='lat' dir='ltr'><strong>ursle</strong></span> <span class='ocrx_word' id='word_1_302' title='bbox 771 3976 825 4018; x_wconf 90' lang='lat' dir='ltr'><strong>tum</strong></span> <span class='ocrx_word' id='word_1_303' title='bbox 845 3972 935 4023; x_wconf 91' lang='lat' dir='ltr'><strong>alienis</strong></span> <span class='ocrx_word' id='word_1_304' title='bbox 953 3976 1102 4024; x_wconf 88' lang='lat' dir='ltr'><strong>commentis</strong></span> <span class='ocrx_word' id='word_1_305' title='bbox 1117 3982 1235 4041; x_wconf 89' lang='lat' dir='ltr'><strong>corrupta</strong></span> <span class='ocrx_word' id='word_1_306' title='bbox 1248 3982 1274 4024; x_wconf 92' lang='lat' dir='ltr'><strong>et</strong></span> 
     </span>
     <span class='ocr_line' id='line_1_39' title="bbox 95 4046 1276 4127; baseline 0.014 -33"><span class='ocrx_word' id='word_1_307' title='bbox 95 4046 230 4097; x_wconf 84' lang='lat' dir='ltr'><strong>obscurata</strong></span> <span class='ocrx_word' id='word_1_308' title='bbox 246 4053 293 4099; x_wconf 89' lang='lat' dir='ltr'><strong>est.</strong></span> <span class='ocrx_word' id='word_1_309' title='bbox 311 4050 379 4113; x_wconf 87' lang='lat' dir='ltr'><strong>Quae</strong></span> <span class='ocrx_word' id='word_1_310' title='bbox 396 4066 484 4102; x_wconf 87' lang='lat' dir='ltr'><strong>caussa</strong></span> <span class='ocrx_word' id='word_1_311' title='bbox 501 4054 582 4102; x_wconf 87' lang='lat' dir='ltr'><strong>malae</strong></span> <span class='ocrx_word' id='word_1_312' title='bbox 598 4055 836 4119; x_wconf 75' lang='lat' dir='ltr'><strong>interpretationis?</strong></span> <span class='ocrx_word' id='word_1_313' title='bbox 855 4057 951 4109; x_wconf 70' lang='lat' dir='ltr'><strong>Petisia</strong></span> <span class='ocrx_word' id='word_1_314' title='bbox 969 4060 1027 4122; x_wconf 79' lang='lat' dir='ltr'><strong>ejus</strong></span> <span class='ocrx_word' id='word_1_315' title='bbox 1045 4061 1204 4127; x_wconf 89' lang='lat' dir='ltr'><strong>philosophia</strong></span> <span class='ocrx_word' id='word_1_316' title='bbox 1222 4063 1276 4127; x_wconf 86' lang='lat' dir='ltr'><strong>spi·</strong></span> 
     </span>
     <span class='ocr_line' id='line_1_40' title="bbox 97 4133 1275 4204; baseline 0.015 -25"><span class='ocrx_word' id='word_1_317' title='bbox 97 4136 144 4181; x_wconf 89' lang='lat' dir='ltr'><strong>rat.</strong></span> <span class='ocrx_word' id='word_1_318' title='bbox 172 4133 236 4196; x_wconf 89' lang='lat' dir='ltr'><strong>Quid</strong></span> <span class='ocrx_word' id='word_1_319' title='bbox 257 4134 316 4182; x_wconf 88' lang='lat' dir='ltr'><strong>inde</strong></span> <span class='ocrx_word' id='word_1_320' title='bbox 330 4136 476 4186; x_wconf 88' lang='lat' dir='ltr'><strong>detrimenti</strong></span> <span class='ocrx_word' id='word_1_321' title='bbox 499 4139 585 4204; x_wconf 89' lang='lat' dir='ltr'><strong>oepit?</strong></span> <span class='ocrx_word' id='word_1_322' title='bbox 608 4141 772 4190; x_wconf 77' lang='lat' dir='ltr'><strong>Sublimitats</strong></span> <span class='ocrx_word' id='word_1_323' title='bbox 790 4144 865 4191; x_wconf 89' lang='lat' dir='ltr'><strong>etiam</strong></span> <span class='ocrx_word' id='word_1_324' title='bbox 882 4160 926 4193; x_wconf 86' lang='lat' dir='ltr'><strong>sus</strong></span> <span class='ocrx_word' id='word_1_325' title='bbox 939 4147 1035 4195; x_wconf 90' lang='lat' dir='ltr'><strong>nocuit.</strong></span> <span class='ocrx_word' id='word_1_326' title='bbox 1054 4148 1191 4197; x_wconf 84' lang='lat' dir='ltr'><strong>Senecas</strong></span> <span class='ocrx_word' id='word_1_327' title='bbox 1204 4156 1275 4197; x_wconf 79' lang='lat' dir='ltr'><strong>error</strong></span> 
     </span>
     <span class='ocr_line' id='line_1_41' title="bbox 97 4217 1275 4297; baseline 0.016 -32"><span class='ocrx_word' id='word_1_328' title='bbox 97 4217 155 4278; x_wconf 65' lang='lat' dir='ltr'><strong>inde</strong></span> <span class='ocrx_word' id='word_1_329' title='bbox 173 4220 344 4283; x_wconf 81' lang='lat' dir='ltr'><strong>explicandus.</strong></span> <span class='ocrx_word' id='word_1_330' title='bbox 361 4224 492 4297; x_wconf 64' lang='lat' dir='ltr'><strong>Cicenotsis</strong></span> <span class='ocrx_word' id='word_1_331' title='bbox 506 4225 537 4274; x_wconf 91' lang='lat' dir='ltr'><strong>de</strong></span> <span class='ocrx_word' id='word_1_332' title='bbox 556 4226 582 4275; x_wconf 89' lang='lat' dir='ltr'><em>Z</em></span> <span class='ocrx_word' id='word_1_333' title='bbox 588 4226 707 4274; x_wconf 79' lang='lat' dir='ltr'><strong>anaide</strong></span> <span class='ocrx_word' id='word_1_334' title='bbox 723 4229 849 4279; x_wconf 88' lang='lat' dir='ltr'><strong>sententia</strong></span> <span class='ocrx_word' id='word_1_335' title='bbox 858 4245 916 4278; x_wconf 90' lang='lat' dir='ltr'><strong>cum</strong></span> <span class='ocrx_word' id='word_1_336' title='bbox 926 4230 1076 4295; x_wconf 86' lang='lat' dir='ltr'><strong>ejusdcmde</strong></span> <span class='ocrx_word' id='word_1_337' title='bbox 1086 4234 1209 4283; x_wconf 84' lang='lat' dir='ltr'><strong>Phidia</strong></span> <span class='ocrx_word' id='word_1_338' title='bbox 1223 4234 1275 4284; x_wconf 92' lang='lat' dir='ltr'><strong>col·</strong></span> 
     </span>
     <span class='ocr_line' id='line_1_42' title="bbox 97 4303 1275 4386; baseline 0.02 -35"><span class='ocrx_word' id='word_1_339' title='bbox 97 4303 156 4352; x_wconf 84' lang='lat' dir='ltr'><strong>lsts.</strong></span> <span class='ocrx_word' id='word_1_340' title='bbox 170 4307 316 4356; x_wconf 87' lang='lat' dir='ltr'><strong>Itocuerunt</strong></span> <span class='ocrx_word' id='word_1_341' title='bbox 327 4309 402 4358; x_wconf 91' lang='lat' dir='ltr'><strong>etism</strong></span> <span class='ocrx_word' id='word_1_342' title='bbox 415 4311 496 4359; x_wconf 85' lang='lat' dir='ltr'><strong>muita</strong></span> <span class='ocrx_word' id='word_1_343' title='bbox 511 4309 733 4378; x_wconf 64' lang='lat' dir='ltr'><strong>iocajimprudenti</strong></span> <span class='ocrx_word' id='word_1_344' title='bbox 745 4315 953 4381; x_wconf 85' lang='lat' dir='ltr'><strong>interpretatione</strong></span> <span class='ocrx_word' id='word_1_345' title='bbox 962 4318 1064 4369; x_wconf 86' lang='lat' dir='ltr'><strong>ridiculi</strong></span> <span class='ocrx_word' id='word_1_346' title='bbox 1077 4320 1161 4386; x_wconf 90' lang='lat' dir='ltr'><strong>specie</strong></span> <span class='ocrx_word' id='word_1_347' title='bbox 1175 4322 1275 4374; x_wconf 79' lang='lat' dir='ltr'><strong>allecta.</strong></span> 
     </span>
     <span class='ocr_line' id='line_1_43' title="bbox 99 4389 887 4456; baseline 0.018 -20"><span class='ocrx_word' id='word_1_348' title='bbox 99 4389 178 4452; x_wconf 80' lang='lat' dir='ltr'><strong>Quare</strong></span> <span class='ocrx_word' id='word_1_349' title='bbox 193 4392 250 4456; x_wconf 84' lang='lat' dir='ltr'><strong>ipse</strong></span> <span class='ocrx_word' id='word_1_350' title='bbox 262 4392 332 4444; x_wconf 89' lang='lat' dir='ltr'><strong>Plato</strong></span> <span class='ocrx_word' id='word_1_351' title='bbox 348 4395 526 4447; x_wconf 79' lang='lat' dir='ltr'><strong>existimationi</strong></span> <span class='ocrx_word' id='word_1_352' title='bbox 544 4398 728 4450; x_wconf 75' lang='lat' dir='ltr'><strong>suscensuisse</strong></span> <span class='ocrx_word' id='word_1_353' title='bbox 744 4400 887 4453; x_wconf 88' lang='lat' dir='ltr'><strong>dicendus?</strong></span> 
     </span>
    </p>
   </div>
   <div class='ocr_carea' id='block_1_18' title="bbox 0 0 1412 5048">
    <p class='ocr_par' dir='ltr' id='par_1_18' title="bbox 0 0 1412 5048">
     <span class='ocr_line' id='line_1_44' title="bbox 0 0 1412 5048; baseline 0 0"><span class='ocrx_word' id='word_1_354' title='bbox 0 0 1412 5048; x_wconf 95' lang='lat' dir='ltr'><strong> </strong></span> 
     </span>
    </p>
   </div>
  </div>
 </body>
</html>
