2796 5048
129 2085 304 2162 Proefalor
322 2087 394 2144 huic
410 2093 537 2162 paterni
557 2095 654 2165 operis
672 2086 870 2163 repetitioni?
904 2086 1023 2166 Aequo
1044 2087 1165 2146 animo!
1182 2108 1237 2166 quo
1260 2109 1331 2147 can-

85 2201 180 2277 sils‘o!
206 2239 263 2296 quo
277 2217 388 2294 pacto!
422 2217 504 2276 Suus
521 2226 601 2276 enim
619 2226 702 2295 operi
720 2229 842 2297 ereptus
863 2221 982 2296 artifee
994 2227 1101 2298 jacet,
1123 2229 1191 2300 qui,
1220 2228 1254 2278 in
1275 2189 1331 2297 quo

84 2351 266 2408 elaborando
289 2351 462 2408 diutissime
486 2352 776 2431 diligentissimeque
792 2354 864 2411 olim
875 2354 993 2426 fuerat
1008 2363 1163 2429 versatus,
1183 2360 1217 2410 in
1233 2353 1330 2410 eodem

82 2482 269 2559 perficiendo
298 2491 329 2539 et
355 2483 396 2541 ad
423 2503 608 2543 communem
637 2486 806 2541 utilitatem
837 2491 937 2564 magis
966 2486 1209 2544 accommodando
1234 2505 1331 2543 conse·

85 2635 207 2672 nascere
233 2621 443 2672 constituerat.
478 2613 592 2672 Verum
619 2616 690 2672 leuia
710 2617 859 2687 satisfieri
888 2617 1012 2675 consilio
1027 2618 1127 2675 noluit
1150 2614 1236 2675 Deus
1261 2614 1330 2694 Ops.

52 2738 56 2754 '
86 2745 170 2804 Man.
178 2790 187 2820 ,
197 2753 263 2820 cui,
280 2752 307 2803 si
314 2752 522 2822 praestitisset
533 2747 727 2823 ,placuisset
761 2746 900 2804 Sustulit
909 2770 977 2805 eum
986 2791 994 2821 ,
1000 2753 1111 2823 paucis
1125 2748 1330 2824 spectantibus

85 2889 118 2936 et
137 2878 397 2937 illacrimantibus
416 2887 445 2936 et
457 2881 574 2953 futuri
590 2880 736 2937 desiderii
751 2887 813 2937 aim
832 2902 947 2939 omnem
968 2888 997 2937 et
1015 2880 1182 2938 molestiam
1204 2887 1256 2937 aia
1275 2900 1330 2938 su·

85 3013 284 3089 spicanttbus.
308 3009 401 3090 Quem
416 3016 519 3090 igitur
535 3020 657 3086 patrem
671 3033 771 3070 meum
789 3033 825 3069 ea
835 3013 892 3069 leac
911 3019 976 3068 oita
988 3021 1135 3089 tanquam
1155 3033 1190 3068 ea·
1208 3002 1340 3089 hospi-¹

84 3152 139 3203 tio
159 3166 218 3203 non
247 3153 395 3221 tanquam
423 3166 458 3201 ea
481 3145 580 3203 doma
598 3144 797 3203 discedentem
816 3166 908 3222 quum
925 3143 1052 3221 praeter
1070 3152 1210 3223 cognatos
1221 3145 1328 3217 fami-

84 3278 215 3334 liarium
230 3298 314 3336 nemo
329 3271 472 3355 prosequi
486 3278 583 3335 verbis
593 3298 628 3334 ac
640 3276 779 3335 lacrimis
787 3284 952 3353 potuisset,
971 3297 1037 3334 mon
1046 3277 1139 3332 multi
1148 3277 1215 3333 loni
1224 3282 1326 3333 virum

83 3411 194 3487 bonum
208 3411 322 3486 sibique
333 3415 550 3467 amicissimum
570 3402 718 3465 luserunt
729 3452 737 3481 ‚
753 3415 861 3484 patria
872 3409 1003 3466 nondum
1014 3409 1121 3466 elusit.
1142 3406 1245 3484 Atque
1255 3407 1326 3465 illo·

81 3562 156 3598 rum
172 3541 294 3617 quidem
308 3550 422 3599 mentes
430 3549 591 3617 postquam
601 3546 779 3617 inopinatus
792 3539 910 3623 Genava
920 3540 1036 3598 allatus
1052 3546 1185 3598 nuncius
1194 3548 1327 3615 pertur-

81 3674 209 3730 baverat
230 3680 260 3728 st
281 3673 355 3746 sere
375 3680 608 3748 pmstraosrat,
628 3677 807 3752 grauissimi
825 3672 937 3730 doloris
951 3677 1120 3749 participes
1132 3673 1238 3745 facti,
1258 3690 1325 3728 eam

80 3824 181 3862 vocem
204 3809 372 3861 emiserunt
392 3823 487 3881 quae,
508 3813 622 3862 testata
645 3825 829 3861 communem
851 3805 999 3878 dolorem,
1019 3810 1129 3881 quanti
1152 3810 1216 3859 oiri
1243 3803 1325 3860 desi·

79 3937 167 3994 derio
193 3909 291 3993 subito
313 3934 575 4014 efficacissimoque
593 3941 655 4012 ipsi
672 3943 871 4012 tenerentur,
891 3937 1070 3995 declaravit.
1100 3933 1234 4014 Quorum
1254 3954 1324 3990 oer-

79 4069 206 4141 borum,
227 4087 427 4145 sensuumque
446 4089 517 4146 quos
537 4068 616 4126 milii
635 4074 765 4146 meisque
791 4078 914 4146 accepta
941 4078 970 4126 et
985 4076 1128 4148 percepta
1146 4074 1322 4140 moverunt,

78 4201 134 4258 lsac
162 4203 226 4277 ipso
255 4206 384 4275 tempore
409 4221 538 4276 memor,
558 4209 588 4258 et
606 4208 703 4258 mente
723 4202 860 4276 volvens,
885 4223 957 4280 quos
978 4202 1049 4275 ille,
1071 4207 1099 4258 si
1118 4206 1203 4256 inter
1220 4219 1273 4257 nos
1294 4206 1325 4254 et

80 4333 235 4390 nobiscum
255 4339 417 4391 mansisset
434 4341 593 4410 perpetuo,
620 4334 788 4393 diuturnae
808 4336 1015 4394 meditationis
1033 4334 1168 4407 fructus
1187 4332 1324 4410 largitu-
