2796 5048
58 440 258 522 aquirendique
284 441 424 500 radonem
454 441 626 520 sequebatur
651 443 796 505 monendo
824 441 1085 523 praecipiendoque
1112 441 1258 502 Socrates:

58 542 110 621 {uin
131 541 216 601 mam
243 538 347 600 ducem
375 561 404 599 se
432 539 589 619 praebebat
613 557 641 603 et
666 542 799 604 comitem
824 538 958 599 discendi
976 539 1129 614 studiosis,
1151 553 1183 599 ut
1201 561 1258 599 una

58 656 129 699 aaut
151 636 415 698 animadverterent
433 636 480 697 illi
501 641 615 716 omnia,
644 643 705 723 ipse
724 639 966 713 submonstraret,
992 638 1039 697 illi
1057 638 1258 699 attenderent:

58 706 277 823 *quaerereu
297 734 369 814 quid
390 733 465 794 effici
486 759 501 796 e
522 739 644 819 singulis
664 720 775 821 posset,
802 737 847 797 illi
867 735 899 796 id
917 735 1072 797 efficerent.
1100 736 1136 796 Id
1155 737 1259 797 Graeci

59 837 208 917 weyers
226 855 328 895 vocare
346 833 496 909 solebant,
517 851 546 895 et
565 859 652 914 veru,
667 858 725 897 esse
739 837 814 896 hanc
832 834 1000 896 dialecticae
1017 836 1157 895 tutionem
1171 857 1260 895 unam

59 930 157 999 mine
182 949 302 996 naturae
331 946 570 1009 consentaneam,
601 935 718 1016 linguae
747 934 862 995 docent.
903 935 937 993 ln
962 934 1008 994 his
1035 935 1106 1015 ipsis
1134 934 1261 994 scriben-

58 1030 97 1097 da
116 1028 313 1119 saepenumero
334 1033 395 1108 jam
412 1039 478 1090 viae
495 1046 523 1091 et
542 1040 667 1092 itineris
686 1035 887 1115 usurpavimus
906 1028 1071 1117 notionem:
1093 1031 1263 1113 διηγεῖσθαι
1316 1034 1319 1039 ’

59 1146 146 1201 ‘mes
170 1133 208 1193 de
225 1131 355 1189 ducendo
373 1131 508 1210 proprie,
530 1131 580 1192 sed
598 1133 668 1191 item
686 1131 722 1191 de
740 1134 912 1207 narrando,
934 1136 1116 1211 exponendo,
1137 1137 1261 1196 docendo

63 1244 224 1315 uparunt:
245 1218 410 1307 μέθοδος
429 1230 604 1298 vocabulum
625 1231 716 1289 estin
737 1230 840 1290 lexicis
860 1230 1028 1311 legitimum.
1070 1233 1149 1307 Quid
1167 1232 1262 1297 dicam

58 1316 186 1390 ‘autre
206 1328 470 1409 onderwtjzan?
490 1327 519 1408 l)
549 1329 714 1411 Respondet
729 1349 789 1389 non
804 1343 918 1389 tantum
933 1327 1092 1389 Socraticae
1108 1331 1263 1408 methodo,

58 1424 118 1503 hd,
136 1450 205 1508 qnae
229 1428 356 1490 docendi
377 1429 484 1509 optima
502 1427 575 1487 ratio
595 1428 649 1502 sit,
670 1447 743 1507 quae
764 1428 824 1486 sola
842 1428 880 1487 sit
900 1427 989 1503 ratio,
1009 1450 1065 1508 qua
1081 1429 1123 1505 is,
1144 1432 1194 1509 qui
1214 1429 1264 1490 do·

58 1534 140 1603 mr,
166 1527 261 1606 quoad
285 1528 347 1606 ejus
371 1525 434 1585 fieri
457 1526 564 1607 possit,
594 1526 656 1605 ipsc
676 1546 728 1606 per
747 1526 776 1584 s‘e
797 1524 1016 1605 progrediatur,
1042 1526 1122 1586 ‘banc
1147 1530 1264 1610 propriu

58 1612 342 1705 flguis'Germanicis
362 1646 436 1699 vox,
458 1624 588 1701 aliaeque
609 1620 717 1682 similes
732 1644 834 1698 voces,
855 1624 1002 1703 exprimit.
1029 1626 1094 1701 Quo
1108 1627 1196 1686 miror
1206 1648 1264 1687 ma·

58 1712 111 1795 [Di
124 1742 202 1783 verae
227 1723 419 1782 institutionis
438 1722 585 1804 principia
604 1742 640 1780 ex
660 1722 796 1790 interiore
812 1722 871 1780 fere
889 1722 1075 1803 psychologia
1085 1724 1173 1784 ducta
1191 1746 1264 1802 esse,

58 1818 120 1891 ,Ιῦ
131 1836 171 1881 est
186 1823 316 1896 incerta,
337 1843 397 1881 non
418 1841 503 1894 vero,
524 1834 601 1879 certe
618 1841 699 1894 raro,
720 1840 756 1879 cx
774 1821 844 1901 ipsis
855 1805 919 1879 'esse
937 1820 1081 1901 explicata
1099 1823 1265 1904 linguarum

58 1906 197 1979 benus.
238 1920 310 1977 Nam
330 1920 354 1977 si
373 1938 449 1998 qua,
470 1917 540 1977 baec
560 1932 628 1978 sunt
648 1932 745 1994 certa,
766 1919 874 1999 quippe
896 1939 931 1977 ex
952 1920 1013 1999 ipsa
1034 1918 1160 1981 bominis
1168 1938 1265 1982 mente

58 2016 142 2089 *nte
156 2031 232 2090 orta,
249 2017 433 2093 omniumque
453 2037 594 2076 consensu
612 2024 722 2096 usu'que
737 2017 929 2097 comprobata.
950 2018 1008 2077 Nec
1029 2039 1097 2079 vero
1112 2021 1266 2101 respondet

58 2110 151 2173 mnu
167 2115 289 2175 verbum
310 2114 386 2174 illud
405 2110 711 2173 nostrum'Socraticae
731 2114 918 2190 dialecticae,
939 2116 989 2176 sed
1008 2117 1136 2198 explicat
1152 2139 1213 2177 eam
1229 2120 1266 2177 si·

58 2206 123 2285 Hel,
149 2227 224 2281 certe
254 2212 390 2273 illustrat.
432 2212 479 2270 Sic
497 2212 574 2271 enim
603 2213 651 2272 via
679 2212 730 2271 sud
760 2233 825 2271 cum
852 2213 918 2272 aliis
941 2215 1115 2295 procedebat
1136 2216 1203 2292 ille,
1225 2217 1265 2276 sic

58 2304 175 2393 'niptris
192 2333 258 2370 cum
278 2310 341 2370 illis
360 2310 487 2386 solebat,
509 2325 541 2370 ut
560 2326 685 2371 mentem
705 2333 801 2371 eorum
821 2298 853 2373 in
873 2334 905 2372 ea
925 2314 1109 2391 intenderet,
1130 2336 1203 2396 quae
1218 2337 1267 2375 ne·

58 2406 185 2493 ssligabent
213 2412 273 2471 fere
302 2423 338 2468 ut
353 2408 430 2469 levia
460 2424 488 2470 et
516 2411 632 2470 futilia:
663 2410 733 2470 haec
757 2411 793 2470 iis
813 2413 990 2473 monstrabat
1009 2413 1189 2489 identidem,
1210 2416 1268 2474 imo

58 2520 118 2571 'flu
130 2512 383 2583 remoratur,
405 2508 425 2568 i.
447 2531 471 2568 e.
487 2509 598 2589 *leviter
618 2508 781 2582 monendo,
811 2524 911 2589 gestu,
942 2511 1033 2592 digito
1052 2512 1085 2572 in
1104 2514 1268 2572 memoriam

58 2609 211 2669 mocabat:
240 2608 295 2690 ipsi
314 2621 410 2666 autem
429 2607 500 2666 baec
517 2607 715 2682 attendentes,
736 2627 802 2666 cum
820 2609 883 2688 ipso
902 2629 939 2667 ex
959 2609 1038 2667 hisce
1048 2655 1056 2684 ,
1077 2611 1209 2688 quamvis
1229 2611 1267 2669 le·

58 2704 133 2767 tibus
152 2722 179 2768 et
194 2707 350 2782 futilibus,
371 2706 408 2767 ad
428 2708 553 2766 maxima
572 2706 667 2765 onmia
687 2705 861 2786 explicanda
880 2709 1073 2786 conjecturam
1092 2706 1247 2768 ducebant.

261 2985 265 2993 Ι
362 2888 626 2964 ¹De‘aloctt'cu
666 2905 935 2963 Aristotelis.

78 3094 237 3185 ’Ἐπαγωγῇ
252 3097 326 3158 vhuic
355 3098 513 3159 Socraticae
542 3080 691 3159 dissimilis
716 3112 758 3158 est
776 3111 805 3156 et
823 3100 954 3179 opposita
973 3100 1183 3179 quodammodo
1201 3102 1289 3161 Ari--

58 3202 152 3263 melis
173 3187 387 3281 συλλογιστική.
428 3202 500 3258 Nam
520 3213 551 3258 ut
569 3219 722 3277 quaerere,
742 3199 918 3277 interrogare
937 3198 1064 3258 Socrates
1082 3199 1209 3274 solebat,
1229 3201 1270 3259 ita

58 3302 240 3364 lnmtelicae
254 3314 314 3362 etat
328 3298 503 3380 disciplinae
523 3297 688 3376 proprium,
712 3310 742 3356 ut
755 3310 929 3377 poneretur,
948 3298 1128 3378 probaretur,
1152 3298 1270 3359 demon·

58 3412 189 3464 teretur.
241 3404 343 3477 Quam⁴
363 3419 422 3458 esse
450 3395 608 3475 syllogismi
636 3396 813 3456 Aristotelici
839 3411 989 3471 naturam,
1019 3418 1116 3456 omnes
1142 3402 1270 3471 norunt,

58 3499 98 3575 [Ιί
124 3522 250 3580 unquam
278 3512 338 3558 arte
368 3496 564 3576 disputarunt.
608 3495 735 3571 Cumque
765 3494 875 3555 Socrati
900 3493 1062 3569 sufficeret,
1083 3496 1107 3554 si
1126 3497 1191 3574 quis
1209 3497 1271 3576 ipso

58 3590 120 3659 lua
146 3599 184 3659 ad
213 3597 444 3681 probabilitatem
473 3593 651 3674 pervenisset
668 3592 813 3672 aliquam,
835 3606 933 3651 contra
952 3592 1145 3653 contendebat
1164 3594 1271 3654 Aristo-

58 3692 130 3772 flles,
148 3697 292 3779 agendum
311 3716 370 3755 esse
389 3693 559 3764 dialectico,
581 3704 632 3766 ut,
652 3692 771 3772 positis,
791 3713 863 3770 quae
882 3704 958 3750 certa
978 3705 1089 3766 essent,
1110 3691 1270 3753 aduertam

58 3806 141 3854 mum
161 3796 311 3865 scientiam
330 3792 506 3874 procederet.
528 3778 615 3850 Unde
634 3789 828 3870 intelligitur,
850 3789 1090 3875 quemadmodum
1109 3805 1273 3851 constructa

58 3902 72 3945 Ι
93 3892 269 3975 pbilosophis
296 3894 375 3965 siut,
395 3913 468 3971 quae
488 3889 575 3968 vulgo
594 3887 751 3963 dicuntur,
773 3898 956 3966 systemata:
978 3889 1168 3970 intelligimus
1186 3891 1273 3964 item,

58 3980 192 4065 mmmm
219 3990 336 4051 condito
364 3989 451 4048 facile
471 3987 592 4047 alterum
622 4008 793 4068 prorsusque
811 3987 986 4047 contrarium
1005 3989 1115 4068 opponi
1137 3987 1273 4069 potuisse.

58 4076 112 4167 lpse
140 4090 280 4173 praecipit
307 4086 491 4160 Aristoteles,
520 4099 551 4144 ut
579 4106 749 4165 quaeramus
777 4085 932 4160 continuo,
962 4106 1034 4164 quae
1059 4087 1161 4145 sinon
1181 4088 1290 4162 certas

58 4188 173 4247 flamme
203 4188 360 4249 rideantur
379 4186 550 4261 manifesta,
568 4184 641 4245 binc
660 4198 755 4244 autem
774 4198 801 4243 et
821 4185 1094 4264 argumentationem
1113 4198 1141 4243 et
1159 4187 1275 4245 conclu·

58 4280 169 4369 fiunem
183 4301 322 4366 petamus.
364 4285 506 4361 Quocirca
534 4305 599 4343 cum
626 4297 726 4365 agatur
752 4284 784 4344 in
813 4282 859 4343 his
887 4285 1119 4343 commaculando
1147 4305 1276 4360 summa,

58 4409 306 4435 N-——q—

90 4492 113 4560 l)
130 4492 285 4553 lermuuice
302 4498 529 4560 coterweisea,
549 4493 646 4547 Gdlico
664 4499 840 4564 enseiqoer.

1025 4579 1078 4638 16*
