2796 5048
646 254 722 319 ,522

80 429 145 481 cere
175 441 234 480 nou
263 419 417 499 potuisset3
447 419 525 498 quod
554 441 621 482 vero
645 423 736 481 animi
754 420 951 481 dubitationes
969 423 1091 500 attinet,
1112 424 1160 484 ubi
1177 424 1277 487 diremi

82 519 222 599 agitatur,
252 538 332 578 nunc
361 518 393 577 in
421 518 587 596 meliorem,
607 533 666 580 tum
695 540 765 580 vero
793 520 824 578 in
843 518 1014 581 deteriorem
1033 535 1160 602 partem,
1178 524 1268 598 audiit,

81 615 213 697 illudque
236 636 334 697 reapse
354 604 496 698 percipit:
984 632 988 643 ·
1337 607 1339 612 ’

590 738 625 753 ·-
644 719 727 777 video
745 718 871 776 meliora
889 718 1054 798 probeque,

354 814 505 871 deteriora
524 837 650 894 aequor:
1119 876 1123 883 .

80 930 137 991 quo
155 907 233 969 illud
249 924 333 990 pacto
350 924 408 972 tam
427 911 513 972 nobis
531 914 683 975 manifesto
700 910 910 993 diligenterque
934 914 1073 995 potuisset
1093 914 1280 987 demonstrare,
1330 905 1332 913 ¹

81 1029 166 1089 quarn
192 1008 236 1068 uti
262 1009 351 1085 fecit,
380 1009 498 1071 civitate
530 1011 615 1073 nobis
652 1011 691 1071 ad
727 1010 916 1092 spectandum
943 1013 1089 1094 proposita
1100 1059 1109 1089 ,
1144 1034 1215 1094 quae
1239 1035 1282 1073 nou
1331 1003 1333 1010 ¹

82 1129 154 1182 una,
174 1104 226 1166 sed
254 1109 286 1168 in
314 1107 387 1167 duas
415 1121 486 1168 esset
509 1123 603 1191 partes
630 1098 790 1170 distracta?
831 1109 934 1185 Quid?
955 1110 1033 1190 quod
1052 1133 1113 1171 non
1131 1113 1221 1173 solum
1240 1115 1284 1173 ea

79 1200 197 1285 μοειδὲς
217 1203 315 1282 illud,
344 1206 423 1286 quod
450 1208 535 1268 uobis
560 1209 656 1283 inest,
685 1210 853 1268 custodibus
879 1209 1024 1283 civitatis,
1055 1210 1106 1271 sed
1134 1213 1287 1294 cupiditate

80 1309 166 1368 etiam
195 1319 306 1367 nostras
333 1308 529 1364 multitudini
556 1307 766 1387 comparavit‘l‘
809 1307 846 1366 In
873 1305 1065 1368 seditionibus
1091 1309 1244 1370 civitatum
1267 1332 1289 1371 ae

25 1461 29 1467 .
79 1427 232 1486 regnorum
260 1403 332 1484 quid
360 1403 467 1465 efficiat
492 1405 552 1465 fere
579 1404 736 1465 multitudo
765 1403 1026 1486 vilissimarumque
1055 1404 1208 1468 hominum
1224 1410 1293 1470 turba

79 1518 107 1564 ct
135 1503 296 1577 colluvies,
317 1504 466 1563 novimus:
487 1503 560 1583 quid
586 1517 680 1563 eutem
706 1501 744 1562 ad
763 1503 931 1582 agitationes
947 1504 1038 1563 animi
1056 1503 1243 1588 internasque
1260 1529 1295 1568 st-

79 1601 208 1662 ditiones
226 1601 436 1682 cognoscendas
455 1601 593 1676 interius,
614 1601 748 1661 adhiberi
766 1601 861 1683 aptius
878 1599 1081 1682 efficaciamque
1099 1618 1197 1685 potest
1207 1626 1297 1686 ,quan

79 1701 182 1761 civitas
209 1699 383 1761 tumultibus
410 1701 539 1779 agitate?
580 1702 638 1761 Nec
663 1721 732 1761 vero
759 1700 847 1761 fiuxit
874 1702 991 1782 ingenio
1015 1691 1098 1762 Plato
1128 1702 1208 1762 banc
1223 1703 1317 1785 animi·

79 1821 145 1859 cum
163 1799 280 1860 civitate
298 1800 555 1880 comparationem:
577 1801 709 1880 :reposita
727 1812 769 1858 est
787 1800 819 1859 in
841 1799 953 1859 nullius
972 1821 1031 1860 non
1051 1800 1174 1881 linguae
1194 1802 1297 1863 vocihu

78 1897 330 1977 dictionibusque,
351 1919 423 1978 quae
445 1920 462 1958 a
485 1898 775 1978 civitatibusjduetae
793 1897 831 1959 ad
850 1899 940 1958 animi
958 1913 1051 1959 motus
1068 1900 1208 1960 diversos
1223 1902 1296 1983 sigri-
1337 1912 1339 1921 '

79 1996 207 2057 ficandos
235 1996 424 2058 adhibentur.
464 1996 545 2058 Illud
574 2011 677 2084 autem·
695 1996 825 2058 nondum
852 1998 1071 2059 commemoravi
1083 2043 1093 2072 ,
1115 1999 1201 2077 quod
1219 1999 1294 2059 iuliis
1337 1988 1339 2009 '

79 2095 266 2177 praecipuum
289 2109 351 2172 est,
371 2115 539 2178 expressam.
556 2096 596 2156 ita
621 2118 637 2156 a
655 2095 774 2155 Platone
791 2115 869 2170 esse,
889 2108 965 2154 certe
988 2093 1064 2155 effici
1083 2097 1180 2177 plane
1201 2098 1291 2176 exejus

77 2194 229 2255 civitatum
257 2193 451 2276 descriptione
477 2213 577 2275 posse,
608 2195 784 2256 verissimam
810 2214 875 2253 cum
897 2194 1025 2258 civitatis
1043 2207 1106 2253 tum
1126 2195 1293 2257 bominisli-

79 2293 233 2352 bertatem.
275 2293 361 2367 Quod
383 2306 415 2352 ut
433 2293 625 2374 percipiamus
651 2293 764 2367 animo,
795 2291 980 2373 tyrannidem
999 2291 1143 2375 deinceps
1161 2295 1297 2375 virensque

79 2391 105 2448 ei
130 2389 270 2465 similem,
299 2402 332 2450 ut
357 2405 451 2451 exstat
476 2391 509 2451 in
534 2391 670 2468 Politia,
702 2391 890 2472 contemplari
915 2390 1042 2470 juvebit
1083 2393 1221 2454 Primum
1247 2412 1300 2455 vero

76 2487 116 2549 de
135 2487 323 2549 democratiae
342 2489 374 2550 in
395 2489 470 2551 hanc
489 2490 640 2571 pessimam
659 2491 805 2552 civitatem
823 2490 1011 2553 conversione
1030 2510 1160 2571 agamus.

214 2685 520 2747 Democratiae
548 2695 591 2746 in
623 2689 907 2767 tyrannidem
934 2695 1174 2750 conversio.

118 2883 204 2943 Recte
222 2881 276 2943 boc
298 2883 375 2945 vidit
393 2882 600 2965 philosophus,
622 2883 700 2945 illud
720 2884 832 2965 ipsum,
853 2882 932 2965 quod
951 2883 983 2942 in
1002 2884 1179 2946 civitatibus
1189 2886 1300 2945 maxine

78 2978 202 3045 habetur
220 2979 301 3057 loco,
322 2981 382 3043 ubi.
394 2982 517 3041 nimium
538 2997 599 3059 est,
619 2981 657 3043 ed
686 2985 747 3061 ejus
771 2982 884 3064 lapsum
910 2995 939 3049 et
958 2983 1119 3062 perniciem
1140 2983 1300 3044 evaleseeu·

83 3077 208 3136 «Nonne
227 3078 325 3138 eodem
345 3080 403 3138 fere
423 3079 507 3140 modo
517 3126 526 3155 ,
547 3081 588 3141 sic
615 3082 708 3163 pergit
728 3079 806 3162 apud
830 3100 894 3139 eum
912 3079 1059 3154 Socrates,
1079 3101 1119 3139 ex
1137 3080 1300 3143 democratia

79 3176 229 3256 tyrannis,
258 3198 316 3256 quo
344 3198 382 3238 ex
409 3178 566 3259 oligercbia
593 3177 784 3255 democratia,
809 3179 946 3240 exsistit?
987 3177 1053 3237 Illic
1085 3200 1195 3262 nempe
1226 3179 1300 3241 ninii

77 3272 249 3344 divitiarum
273 3275 418 3357 cupiditas
446 3277 648 3337 democratiam
676 3277 846 3358 progenuit:
867 3277 1000 3336 similiter
1025 3275 1074 3337 bic
1095 3279 1210 3339 nimius
1227 3278 1301 3338 liber

79 3375 147 3433 tatis
165 3373 251 3435 ardor
267 3375 433 3456 tyrannidis
452 3395 549 3434 caussa
564 3388 615 3438 est.
648 3373 695 3435 Fit
713 3389 808 3435 autem
827 3375 923 3451 illud,
953 3396 1022 3434 cum
1044 3377 1245 3453 inexplebiles
1258 3396 1301 3454 pt·

75 3475 145 3551 puli
162 3475 276 3549 fauere
303 3484 493 3533 enaruerunt
518 3469 670 3535 libertatis
690 3482 763 3550 riti,
782 3477 929 3554 malisque
956 3495 1029 3534 usus
1055 3474 1110 3532 ille
1139 3482 1300 3545 ministris,

80 3594 138 3631 non
166 3575 277 3632 modice
304 3584 519 3652 ternperatam,
549 3577 599 3633 aed
627 3581 719 3634 nimie
744 3595 894 3632 meracam
915 3574 1085 3631 libertatem
1107 3579 1222 3633 titiane
1237 3576 1301 3633 tm·

81 3677 157 3728 serit
167 3692 181 3740 ‚·
203 3680 268 3730 tum
295 3680 497 3753 magistratus
518 3683 548 3731 et
562 3681 716 3751 principer
726 3716 736 3747 ,
755 3679 818 3730 nisi
834 3673 920 3731 ualde
941 3673 1020 3729 lenes
1038 3679 1068 3728 et
1087 3679 1217 3732 remissi
1234 3679 1302 3745 rint,

81 3778 110 3827 et
138 3771 223 3850 large
251 3773 308 3829 silei
336 3774 507 3831 libertatem
532 3780 727 3846 neinistrent,
756 3778 948 3848 insequitur,
978 3771 1163 3845 insimulat,
1185 3775 1301 3853 arguit:

18 3909 20 3913 ψ
79 3878 304 3946 praepotentes,
333 3891 435 3950 reges,
467 3881 613 3950 tyrannos
642 3879 735 3931 vorat.
776 3869 836 3928 Eos
854 3879 971 3942 autem,
993 3875 1046 3946 qui
1065 3875 1099 3926 in
1119 3878 1301 3950 magistrale

4 4029 7 4033 ,
79 3974 272 4044 privatorum
296 3969 410 4027 similes
433 3991 493 4028 esee
521 3971 632 4044 velint,
650 3991 750 4047 eoaque
766 3967 1165 4053 privatos,quieffieiant,
1185 3966 1303 4048 nequid

81 4074 165 4124 inter
176 4074 337 4143 priuatum
356 4076 386 4125 et
403 4076 620 4149 magistratum
634 4067 778 4145 differat,
788 4070 904 4143 ferunt
919 4067 1096 4125 laudilueet
1106 4077 1251 4126 mactant
1261 4068 1303 4125 lu-

83 4167 206 4225 naribus
215 4210 224 4240 ,
243 4177 278 4225 ut
297 4187 410 4226 necesse
424 4175 470 4225 ait
477 4184 488 4242 ,¹
496 4174 530 4224 in
539 4169 684 4243 ejusmodi
694 4168 846 4244 republica
853 4167 945 4244 plena
954 4167 1107 4224 libertatis
1117 4188 1182 4225 esse
1191 4174 1302 4227 omnia:

85 4274 121 4322 ut
142 4274 171 4322 et
185 4272 310 4342 privata
329 4267 431 4323 mmet
447 4273 541 4323 omnis
560 4273 643 4322 earet
661 4265 878 4338 dominatione,
899 4273 928 4322 et
954 4265 1142 4323 haemulum
1161 4261 1304 4347 usquead

86 4366 194 4422 bestius
217 4371 395 4442 perveniat:
431 4365 555 4443 denique
592 4373 628 4421 ut
658 4363 883 4446 patertfilium
911 4371 1045 4438 metuat,
1072 4363 1165 4437 filius
1192 4375 1304 4445 patrem

86 4462 239 4541 negligat:
267 4463 344 4520 abrit
371 4470 465 4521 omnia
489 4462 604 4541 pudor,
636 4471 671 4519 ut
694 4463 785 4539 plane
814 4459 904 4519 liberi
931 4468 1014 4520 sint:
1045 4462 1131 4520 nitet
1170 4469 1304 4531 intersit,
