2796 5048
667 231 726 292 492

81 417 146 478 tur,
167 403 267 463 eadem
296 399 396 482 opinio
423 398 513 474 inest,
533 398 641 478 quibus
669 398 782 457 deferre
813 395 994 476 potissimum
1022 396 1178 476 imperium
1201 394 1300 467 deceat,

82 506 114 562 in
142 502 196 560 hac
221 498 299 559 illud
329 510 424 556 nostra
453 497 573 556 aderit?
595 534 629 543 -
661 496 698 555 Et
726 495 849 553 maxime
879 493 1009 572 quidem.
1030 493 1201 567 -Quibus
1229 495 1302 574 igitur

79 599 196 660 civibus
224 599 318 657 inesse
345 595 564 674 temperantiam
593 594 690 667 dices,
720 591 863 670 siquidem
893 593 933 651 ita
964 612 993 650 se
1020 591 1167 666 habeant,
1196 593 1246 666 iis,
1264 594 1302 671 qui

81 708 204 775 regunt,
234 717 272 753 an
301 715 386 769 vero,
419 693 469 772 qui
501 694 663 773 reguntur?
683 721 718 731 -
738 692 885 769 Utrisque.
907 729 942 740 -
963 692 1068 750 Cernis
1097 692 1206 770 igitur,
1234 711 1304 769 quam

81 808 147 875 apte
166 792 317 853 vaticinati
340 793 447 866 simus,
475 790 643 851 harmoniae
662 791 779 850 cuidam
800 809 859 848 esse
878 789 1001 848 similem
1029 791 1250 870 temperantiam
1267 787 1304 847 di-

81 894 204 951 eentes?
217 890 469 964 -Cu1·?-Quia
486 912 564 963 non,
585 889 681 970 prouti
703 889 844 969 sapientia
866 900 895 946 et
914 884 1075 960 fortitudo,
1095 908 1171 967 quae
1191 887 1305 968 partibus

82 990 184 1049 insunt
194 989 321 1049 civitatis
331 1002 416 1066 atque
432 990 471 1047 ita
484 1010 545 1047 eam
555 999 621 1047 cum
632 988 792 1068 sapientem
812 999 872 1045 tum
894 987 996 1045 fortem
1015 982 1172 1060 efficiunt,
1194 987 1233 1045 ita
1249 985 1305 1043 haec

80 1108 142 1157 eam
170 1100 376 1165 temperantem
406 1084 522 1161 reddit,
553 1083 602 1144 sed
630 1107 681 1166 per
712 1105 774 1143 eam
804 1097 891 1143 totam
910 1083 1096 1163 singulasque
1118 1085 1181 1161 ejus
1207 1097 1305 1164 partes,

80 1199 217 1262 tanquam
244 1183 384 1257 chordas,
406 1183 528 1257 diffusa,
549 1182 657 1256 efficit,
680 1196 712 1241 ut
741 1183 772 1240 in
800 1182 879 1241 idem
908 1181 1067 1241 debiliores
1090 1180 1243 1254 homines,
1263 1182 1305 1240 for·

80 1283 224 1361 tioresque
247 1296 275 1341 et
303 1280 412 1357 medii,
443 1281 619 1364 prudentia,
650 1281 798 1362 potentia,
820 1280 1027 1354 multitudine,
1049 1280 1188 1361 pecuniis
1207 1279 1271 1338 item
1287 1293 1326 1337 et¹

79 1380 184 1458 quavis
202 1380 258 1439 alia
287 1400 318 1438 re
346 1380 523 1440 concinant:
555 1372 631 1440 edura
658 1372 806 1458 ὀρθότατ’
828 1374 865 1440 ἄν
887 1380 1012 1458 φαῖμεν,
1033 1371 1150 1457 ταύτην
1172 1371 1228 1455 τήν
1246 1371 1306 1455 ὁμό-

79 1499 160 1539 νοιαν
194 1472 443 1561 σωφροσύνην
463 1472 554 1555 εἶναι,
579 1475 714 1561 χείρονός
738 1504 770 1543 τε
791 1481 841 1544 καὶ
863 1475 1015 1560 ἀμείνονος
1035 1474 1113 1541 nard
1128 1473 1228 1560 ’φύσιν
1247 1478 1306 1558 ξυμ·

80 1577 211 1660 φωνῖαν,
228 1574 370 1661 ὁπότερον
385 1582 434 1641 δεῖ
452 1576 555 1663 ἄρχειν
576 1583 625 1643 καὶ
645 1581 677 1644 ἓν
699 1577 781 1646 πόλει
801 1584 851 1646 καὶ
872 1583 905 1645 ἒν
924 1577 967 1643 bd
988 1575 1114 1667 ἑκάστῳ·
1141 1593 1307 1660 quapropter

80 1690 248 1741 rect-issima
283 1692 432 1759 possimus
473 1686 552 1743 haenc
577 1697 752 1744 concentum
783 1693 1122 1764 temperantiam
1150 1684 1306 1762 appellare,

79 1782 241 1841 deterioria
259 1791 289 1839 et
307 1758 442 1841 maberie
461 1785 624 1842 secundum
644 1794 792 1844 naturum
812 1792 1051 1858 consensionem,
1072 1792 1184 1840 utrum
1196 1801 1307 1861 regnare

79 1889 231 1958 oporteat,
249 1901 318 1938 cum
335 1888 527 1956 incivitate,
547 1891 612 1940 tum
635 1890 669 1941 in
692 1905 865 1962 unoquoque
885 1884 1011 1942 homine.
1033 1909 1068 1919 -
1088 1880 1140 1940 Sic
1163 1880 1235 1938 item
1252 1877 1307 1937 mihi

81 1976 207 2037 videtur.
220 2002 235 2034 u
262 1974 291 2058 l)

120 2077 196 2134 Tum
223 2075 353 2136 Socrates
383 2093 466 2138 «esto
495 2078 602 2159 igitur,
631 2079 751 2157 inquit,
775 2079 829 2137 tria
850 2079 911 2155 jam
930 2077 1015 2136 nobis
1044 2078 1076 2135 in
1108 2077 1233 2137 civitate
1252 2093 1308 2132 corn·

80 2187 161 2253 perta
192 2188 277 2248 sunt,
309 2186 340 2232 ut
368 2195 405 2232 ex
432 2175 479 2234 his
506 2189 644 2257 apparet;
678 2176 824 2255 reliquum
853 2189 949 2234 autem
980 2176 1131 2255 negotium
1152 2173 1250 2248 iliud,
1268 2192 1309 2250 qut

78 2285 224 2351 praeterea
250 2271 368 2330 virtutis
395 2274 539 2355 particeps
565 2275 603 2333 sit
619 2275 740 2349 civitas,
761 2274 908 2353 quodnam
928 2274 1008 2334 erit?
1051 2273 1230 2332 ductitium
1248 2290 1307 2340 esse,

79 2382 178 2448 patet,
199 2370 231 2427 ni
250 2368 346 2428 fallor.
366 2403 402 2412 -
421 2371 528 2432 Patet.»
554 2370 585 2452 2)
626 2372 683 2432 Hic
703 2388 799 2432 autem
821 2372 873 2430 ille
896 2394 961 2431 cum
982 2371 1243 2441 adolescentibus,
1262 2367 1307 2448 pari

80 2487 146 2525 cum
176 2467 238 2546 ipso
266 2467 463 2528 inveniendae
485 2470 617 2547 justitiae
637 2471 738 2530 ardore
758 2471 872 2544 ductis,
893 2471 935 2529 rei
964 2471 1046 2549 quasi
1069 2471 1258 2529 venationem
1274 2466 1307 2522 in·

80 2565 184 2624 stituit.
227 2566 387 2626 Audiamus
406 2587 472 2626 eum
493 2589 589 2649 porro.

187 2762 358 2822 Ubinam
385 2764 552 2823 tandem
577 2772 619 2822 in
649 2771 837 2821 civitate
858 2771 1051 2840 justitia
1081 2763 1225 2822 latet?

123 2956 223 3036 «Ergo
252 2971 363 3038 oportet
391 2979 462 3033 nos,
492 2959 552 3033 ait,
579 2957 711 3033 Glauco,
733 2972 871 3038 tanquam
904 2970 1057 3018 venatores
1087 2957 1252 3037 quosdam,
1269 2960 1306 3016 cir·

80 3055 224 3114 cumcirca
249 3056 369 3136 cespites
407 3077 534 3137 ponere,
566 3058 851 3138 circumspicientes,
883 3077 920 3115 ne
950 3077 1006 3135 qua
1036 3075 1073 3112 ex
1103 3071 1190 3136 parte
1215 3057 1306 3136 justitia

80 3151 272 3231 subterfugiat
299 3166 384 3233 atque
411 3175 587 3213 evanescens
618 3155 706 3214 lateat
735 3177 796 3215 nos.
839 3157 920 3214 Patet
947 3154 1045 3227 enim,
1078 3151 1131 3213 bic
1158 3176 1224 3214 eam
1250 3173 1306 3213 esst:

80 3250 149 3311 vide
178 3251 266 3329 igitur
293 3263 321 3309 et
350 3252 513 3332 conspicari
537 3254 691 3329 annitere,
724 3255 747 3312 si
778 3254 851 3312 sorte
879 3268 911 3312 tu
937 3251 1038 3332 prius,
1059 3273 1149 3329 quam
1173 3274 1245 3334 ego,
1263 3270 1306 3310 eam

80 3369 180 3408 cernas
209 3349 339 3427 mihique
368 3348 490 3408 indices.
512 3350 688 3409 —Utinam
715 3372 784 3410 vero
808 3356 937 3431 possem!
984 3351 1030 3408 Tu
1048 3362 1147 3409 autem
1165 3373 1214 3410 me
1234 3351 1308 3432 potius

81 3459 112 3504 ut
130 3448 233 3506 comite
254 3448 360 3523 uteris,
381 3449 432 3526 qui
457 3463 485 3508 et
515 3469 617 3526 sequar
644 3462 672 3507 te
702 3462 730 3507 et
758 3469 830 3527 quae
848 3449 1054 3510 monstraveris
1073 3451 1247 3531 conspicere
1264 3467 1308 3530 pot·

79 3546 143 3604 sim.
164 3589 199 3600 -
219 3546 343 3625 Sequere
361 3547 469 3627 igitur,
491 3560 624 3626 precatus
646 3567 813 3613 mecum-
832 3545 968 3607 Faciam:
991 3562 1022 3606 tu
1037 3546 1126 3606 modo
1141 3546 1224 3623 duc,
1244 3565 1307 3627 quae

79 3663 121 3702 so.
151 3670 187 3680 ·-
213 3643 352 3704 Difficilis
381 3665 449 3703 sane
479 3644 551 3703 mihi
580 3640 737 3704 hie'loous
767 3643 886 3706 videtur
914 3660 941 3706 et
970 3645 1143 3706 umbrosus:
1178 3660 1224 3705 est
1241 3646 1308 3727 plane

79 3740 218 3823 obscurus
237 3756 264 3800 et
284 3743 565 3822 imperscrutabilis3
588 3759 779 3805 veruntamen
801 3743 1056 3824 progrediendum.
1075 3779 1114 3790 -
1133 3743 1309 3825 Progrediet-

79 3839 150 3898 dum
177 3842 305 3900 omnino.
323 3869 358 3881 -
376 3841 420 3901 Io!
444 3843 489 3902 io!
523 3864 539 3900 o
558 3841 691 3917 Glauco,
713 3844 867 3923 vestigium
886 3842 1020 3904 videmur
1039 3841 1194 3921 quoddam
1214 3857 1310 3910 tenere,

80 3959 134 3997 nec
163 3938 277 4017 effugiet
306 3960 357 3997 nos
385 3938 483 4014 illud,
514 3938 592 4018 quod
621 3942 793 4018 quaerimus.
816 3968 852 3977 -
872 3941 950 4000 Bene
973 3961 1089 4000 mones.
1112 3982 1150 3992 -
1171 3941 1311 4001 Enimvero

79 4037 198 4096 stultum
229 4037 315 4116 plane
345 4039 492 4116 negotium
523 4037 577 4097 hoc
610 4053 749 4100 nostrum.
772 4039 907 4114 -Quid
938 4037 1041 4099 istud?
1062 4067 1097 4076 -
1120 4039 1188 4098 Jam
1220 4036 1312 4121 prideu

115 4310 641 4383 mmmmmc-mn

114 4397 146 4462 a)
159 4399 226 4466 ,mu
245 4398 303 4452 raa.
324 4400 355 4451 r.
