<?xml version="1.0" encoding="UTF-8"?>
<!DOCTYPE html PUBLIC "-//W3C//DTD XHTML 1.0 Transitional//EN"
    "http://www.w3.org/TR/xhtml1/DTD/xhtml1-transitional.dtd">
<html xmlns="http://www.w3.org/1999/xhtml" xml:lang="en" lang="en">
 <head>
  <title>
</title>
<meta http-equiv="Content-Type" content="text/html;charset=utf-8" />
  <meta name='ocr-system' content='tesseract 3.04.00' />
  <meta name='ocr-capabilities' content='ocr_page ocr_carea ocr_par ocr_line ocrx_word'/>
</head>
<body>
  <div class='ocr_page' id='page_1' title='image "./initiaphilosoph00heusgoog_0512.png"; bbox 0 0 2774 5048; ppageno 0'>
   <div class='ocr_carea' id='block_1_1' title="bbox 669 229 808 290">
    <p class='ocr_par' dir='ltr' id='par_1_1' title="bbox 669 229 808 290">
     <span class='ocr_line' id='line_1_1' title="bbox 669 229 808 290; baseline -0.014 -1"><span class='ocrx_word' id='word_1_1' title='bbox 669 229 727 290; x_wconf 78' lang='lat'><strong>471</strong></span> <span class='ocrx_word' id='word_1_2' title='bbox 806 260 808 265; x_wconf 96' lang='lat'>·</span> 
     </span>
    </p>
   </div>
   <div class='ocr_carea' id='block_1_2' title="bbox 70 387 1386 4089">
    <p class='ocr_par' dir='ltr' id='par_1_2' title="bbox 73 387 1386 2137">
     <span class='ocr_line' id='line_1_2' title="bbox 78 387 1316 481; baseline 0.008 -32"><span class='ocrx_word' id='word_1_3' title='bbox 78 387 163 450; x_wconf 84' lang='lat' dir='ltr'><strong>aliud</strong></span> <span class='ocrx_word' id='word_1_4' title='bbox 182 389 313 451; x_wconf 71' lang='lat' dir='ltr'><strong>animali</strong></span> <span class='ocrx_word' id='word_1_5' title='bbox 346 391 450 450; x_wconf 86' lang='lat' dir='ltr'><strong>Nonne</strong></span> <span class='ocrx_word' id='word_1_6' title='bbox 475 389 726 466; x_wconf 84' lang='lat' dir='ltr'><strong>animadvertisti,</strong></span> <span class='ocrx_word' id='word_1_7' title='bbox 758 391 1022 473; x_wconf 79' lang='lat' dir='ltr'><strong>inexpugnabilem</strong></span> <span class='ocrx_word' id='word_1_8' title='bbox 1040 396 1237 481; x_wconf 65' lang='lat' dir='ltr'><strong>invictamque</strong></span> <span class='ocrx_word' id='word_1_9' title='bbox 1257 420 1316 459; x_wconf 83' lang='lat' dir='ltr'><strong>esse</strong></span> 
     </span>
     <span class='ocr_line' id='line_1_3' title="bbox 78 488 1317 571; baseline -0.002 -9"><span class='ocrx_word' id='word_1_10' title='bbox 78 488 172 562; x_wconf 63' lang='lat' dir='ltr'><strong>imm,</strong></span> <span class='ocrx_word' id='word_1_11' title='bbox 197 509 258 566; x_wconf 16' lang='lat' dir='ltr'><strong>‘qun</strong></span> <span class='ocrx_word' id='word_1_12' title='bbox 286 501 456 570; x_wconf 80' lang='lat' dir='ltr'><strong>praesente,</strong></span> <span class='ocrx_word' id='word_1_13' title='bbox 486 488 601 551; x_wconf 61' lang='lat' dir='ltr'><strong>enimus</strong></span> <span class='ocrx_word' id='word_1_14' title='bbox 629 488 666 551; x_wconf 68' lang='lat' dir='ltr'><strong>ad</strong></span> <span class='ocrx_word' id='word_1_15' title='bbox 691 491 791 551; x_wconf 75' lang='lat' dir='ltr'><strong>omnia</strong></span> <span class='ocrx_word' id='word_1_16' title='bbox 822 491 988 571; x_wconf 82' lang='lat' dir='ltr'><strong>intrepidus</strong></span> <span class='ocrx_word' id='word_1_17' title='bbox 1018 508 1060 554; x_wconf 90' lang='lat' dir='ltr'><strong>est</strong></span> <span class='ocrx_word' id='word_1_18' title='bbox 1077 507 1107 553; x_wconf 86' lang='lat' dir='ltr'><strong>et</strong></span> <span class='ocrx_word' id='word_1_19' title='bbox 1126 495 1317 559; x_wconf 77' lang='lat' dir='ltr'><strong>invictus?-</strong></span> 
     </span>
     <span class='ocr_line' id='line_1_4' title="bbox 77 585 1318 668; baseline 0 -21"><span class='ocrx_word' id='word_1_20' title='bbox 77 585 338 647; x_wconf 75' lang='lat' dir='ltr'><strong>Animadverti.—</strong></span> <span class='ocrx_word' id='word_1_21' title='bbox 367 587 448 645; x_wconf 88' lang='lat' dir='ltr'><strong>Patet</strong></span> <span class='ocrx_word' id='word_1_22' title='bbox 476 586 583 664; x_wconf 87' lang='lat' dir='ltr'><strong>igitur,</strong></span> <span class='ocrx_word' id='word_1_23' title='bbox 613 586 729 664; x_wconf 87' lang='lat' dir='ltr'><strong>qualem</strong></span> <span class='ocrx_word' id='word_1_24' title='bbox 762 608 882 668; x_wconf 84' lang='lat' dir='ltr'><strong>corpore</strong></span> <span class='ocrx_word' id='word_1_25' title='bbox 907 589 1055 655; x_wconf 80' lang='lat' dir='ltr'><strong>custodem</strong></span> <span class='ocrx_word' id='word_1_26' title='bbox 1073 612 1132 653; x_wconf 87' lang='lat' dir='ltr'><strong>esse</strong></span> <span class='ocrx_word' id='word_1_27' title='bbox 1149 593 1318 655; x_wconf 74' lang='lat' dir='ltr'><strong>docent..</strong></span> 
     </span>
     <span class='ocr_line' id='line_1_5' title="bbox 78 681 1317 766; baseline 0.004 -23"><span class='ocrx_word' id='word_1_28' title='bbox 78 684 216 744; x_wconf 77' lang='lat' dir='ltr'><strong>Patet-</strong></span> <span class='ocrx_word' id='word_1_29' title='bbox 234 685 436 760; x_wconf 87' lang='lat' dir='ltr'><strong>Quinetiam,</strong></span> <span class='ocrx_word' id='word_1_30' title='bbox 458 681 574 760; x_wconf 89' lang='lat' dir='ltr'><strong>qualem</strong></span> <span class='ocrx_word' id='word_1_31' title='bbox 592 684 707 760; x_wconf 87' lang='lat' dir='ltr'><strong>animo,</strong></span> <span class='ocrx_word' id='word_1_32' title='bbox 729 706 832 766; x_wconf 81' lang='lat' dir='ltr'>nempe</span> <span class='ocrx_word' id='word_1_33' title='bbox 856 687 1100 749; x_wconf 77' lang='lat' dir='ltr'><strong>iracunduml-</strong></span> <span class='ocrx_word' id='word_1_34' title='bbox 1121 692 1183 753; x_wconf 89' lang='lat' dir='ltr'><strong>Hoc</strong></span> <span class='ocrx_word' id='word_1_35' title='bbox 1203 693 1317 752; x_wconf 42' lang='lat' dir='ltr'><strong>itemst-</strong></span> 
     </span>
     <span class='ocr_line' id='line_1_6' title="bbox 77 780 1318 866; baseline 0.006 -24"><span class='ocrx_word' id='word_1_36' title='bbox 77 782 254 858; x_wconf 86' lang='lat' dir='ltr'><strong>Quomodo&#39;</strong></span> <span class='ocrx_word' id='word_1_37' title='bbox 246 783 335 863; x_wconf 84' lang='lat' dir='ltr'><strong>igitur</strong></span> <span class='ocrx_word' id='word_1_38' title='bbox 353 781 423 856; x_wconf 86' lang='lat' dir='ltr'><strong>fiet,</strong></span> <span class='ocrx_word' id='word_1_39' title='bbox 442 780 611 856; x_wconf 85' lang='lat' dir='ltr'><strong>oGlauco,</strong></span> <span class='ocrx_word' id='word_1_40' title='bbox 633 795 665 841; x_wconf 88' lang='lat' dir='ltr'><strong>ut</strong></span> <span class='ocrx_word' id='word_1_41' title='bbox 687 804 747 849; x_wconf 82' lang='lat' dir='ltr'><strong>nou</strong></span> <span class='ocrx_word' id='word_1_42' title='bbox 768 784 864 864; x_wconf 89' lang='lat' dir='ltr'><strong>asperi</strong></span> <span class='ocrx_word' id='word_1_43' title='bbox 894 785 954 844; x_wconf 90' lang='lat' dir='ltr'><strong>sint</strong></span> <span class='ocrx_word' id='word_1_44' title='bbox 974 799 1002 847; x_wconf 88' lang='lat' dir='ltr'><strong>et</strong></span> <span class='ocrx_word' id='word_1_45' title='bbox 1029 801 1152 866; x_wconf 79' lang='lat' dir='ltr'><strong>agrestes</strong></span> <span class='ocrx_word' id='word_1_46' title='bbox 1180 789 1318 851; x_wconf 83' lang='lat' dir='ltr'><strong>adversus</strong></span> 
     </span>
     <span class='ocr_line' id='line_1_7' title="bbox 77 881 1318 972; baseline 0.002 -29"><span class='ocrx_word' id='word_1_47' title='bbox 77 883 263 957; x_wconf 67' lang='lat' dir='ltr'><strong>seinvicem</strong></span> <span class='ocrx_word' id='word_1_48' title='bbox 291 882 425 959; x_wconf 79' lang='lat' dir='ltr'><strong>civesque</strong></span> <span class='ocrx_word' id='word_1_49' title='bbox 453 893 596 954; x_wconf 85' lang='lat' dir='ltr'><strong>caeter,es</strong></span> <span class='ocrx_word' id='word_1_50' title='bbox 627 901 692 943; x_wconf 89' lang='lat' dir='ltr'><strong>cum</strong></span> <span class='ocrx_word' id='word_1_51' title='bbox 720 881 773 943; x_wconf 87' lang='lat' dir='ltr'><strong>tali</strong></span> <span class='ocrx_word' id='word_1_52' title='bbox 806 882 865 943; x_wconf 88' lang='lat' dir='ltr'><strong>sint</strong></span> <span class='ocrx_word' id='word_1_53' title='bbox 895 895 999 945; x_wconf 89' lang='lat' dir='ltr'><strong>natura</strong></span> <span class='ocrx_word' id='word_1_54' title='bbox 1023 885 1210 964; x_wconf 68' lang='lat' dir='ltr'><strong>praeditil-</strong></span> <span class='ocrx_word' id='word_1_55' title='bbox 1229 886 1318 972; x_wconf 81' lang='lat' dir='ltr'><strong>Haud</strong></span> 
     </span>
     <span class='ocr_line' id='line_1_8' title="bbox 77 966 1386 1061; baseline 0.001 -20"><span class='ocrx_word' id='word_1_56' title='bbox 77 979 166 1047; x_wconf 70' lang='lat' dir='ltr'><strong>facile</strong></span> <span class='ocrx_word' id='word_1_57' title='bbox 183 977 263 1039; x_wconf 87' lang='lat' dir='ltr'><strong>istud</strong></span> <span class='ocrx_word' id='word_1_58' title='bbox 270 1000 352 1061; x_wconf 88' lang='lat' dir='ltr'><strong>,·pe1</strong></span> <span class='ocrx_word' id='word_1_59' title='bbox 371 979 482 1039; x_wconf 85' lang='lat' dir='ltr'><strong>Jovem.</strong></span> <span class='ocrx_word' id='word_1_60' title='bbox 492 1019 528 1033; x_wconf 85' lang='lat'><em>-</em></span> <span class='ocrx_word' id='word_1_61' title='bbox 548 977 748 1041; x_wconf 78' lang='lat' dir='ltr'><strong>Veruntamen</strong></span> <span class='ocrx_word' id='word_1_62' title='bbox 769 992 885 1059; x_wconf 85' lang='lat' dir='ltr'>oportet</span> <span class='ocrx_word' id='word_1_63' title='bbox 906 980 980 1042; x_wconf 89' lang='lat' dir='ltr'><strong>illos</strong></span> <span class='ocrx_word' id='word_1_64' title='bbox 1002 1002 1067 1061; x_wconf 87' lang='lat' dir='ltr'><strong>erga</strong></span> <span class='ocrx_word' id='word_1_65' title='bbox 1094 1004 1159 1045; x_wconf 92' lang='lat' dir='ltr'><strong>suos</strong></span> <span class='ocrx_word' id='word_1_66' title='bbox 1187 1005 1317 1045; x_wconf 88' lang='lat' dir='ltr'><strong>mansue·</strong></span> <span class='ocrx_word' id='word_1_67' title='bbox 1383 966 1386 972; x_wconf 19' lang='grc' dir='ltr'><strong>Δ</strong></span> 
     </span>
     <span class='ocr_line' id='line_1_9' title="bbox 76 1077 1316 1160; baseline 0.003 -22"><span class='ocrx_word' id='word_1_68' title='bbox 76 1091 138 1152; x_wconf 85' lang='lat' dir='ltr'><strong>tos,</strong></span> <span class='ocrx_word' id='word_1_69' title='bbox 158 1077 298 1138; x_wconf 86' lang='lat' dir='ltr'><strong>adversus</strong></span> <span class='ocrx_word' id='word_1_70' title='bbox 315 1077 410 1138; x_wconf 89' lang='lat' dir='ltr'><strong>hostes</strong></span> <span class='ocrx_word' id='word_1_71' title='bbox 427 1090 524 1136; x_wconf 87' lang='lat' dir='ltr'><strong>autam</strong></span> <span class='ocrx_word' id='word_1_72' title='bbox 541 1077 617 1135; x_wconf 85' lang='lat' dir='ltr'><strong>seros</strong></span> <span class='ocrx_word' id='word_1_73' title='bbox 631 1096 709 1137; x_wconf 83' lang='lat' dir='ltr'><strong>esse:</strong></span> <span class='ocrx_word' id='word_1_74' title='bbox 732 1078 917 1157; x_wconf 84' lang='lat' dir='ltr'><strong>caeteroquin</strong></span> <span class='ocrx_word' id='word_1_75' title='bbox 940 1099 1000 1139; x_wconf 89' lang='lat' dir='ltr'><strong>non</strong></span> <span class='ocrx_word' id='word_1_76' title='bbox 1017 1079 1245 1160; x_wconf 81' lang='lat' dir='ltr'><strong>exspectabunt,</strong></span> <span class='ocrx_word' id='word_1_77' title='bbox 1266 1081 1316 1142; x_wconf 90' lang='lat' dir='ltr'><strong>do·</strong></span> 
     </span>
     <span class='ocr_line' id='line_1_10' title="bbox 77 1173 1316 1259; baseline 0.003 -23"><span class='ocrx_word' id='word_1_78' title='bbox 77 1196 132 1236; x_wconf 85' lang='lat' dir='ltr'><strong>nec</strong></span> <span class='ocrx_word' id='word_1_79' title='bbox 151 1176 230 1256; x_wconf 85' lang='lat' dir='ltr'><strong>ipsos</strong></span> <span class='ocrx_word' id='word_1_80' title='bbox 246 1175 297 1236; x_wconf 87' lang='lat' dir='ltr'><strong>alii</strong></span> <span class='ocrx_word' id='word_1_81' title='bbox 316 1174 459 1255; x_wconf 89' lang='lat' dir='ltr'><strong>perdant,</strong></span> <span class='ocrx_word' id='word_1_82' title='bbox 490 1173 546 1254; x_wconf 87' lang='lat' dir='ltr'><strong>ipsi</strong></span> <span class='ocrx_word' id='word_1_83' title='bbox 577 1187 666 1235; x_wconf 87' lang='lat' dir='ltr'><strong>semet</strong></span> <span class='ocrx_word' id='word_1_84' title='bbox 693 1174 771 1255; x_wconf 90' lang='lat' dir='ltr'><strong>ipsos</strong></span> <span class='ocrx_word' id='word_1_85' title='bbox 789 1174 922 1254; x_wconf 86' lang='lat' dir='ltr'><strong>perdent.</strong></span> <span class='ocrx_word' id='word_1_86' title='bbox 936 1216 970 1229; x_wconf 90' lang='grc'><strong>-</strong></span> <span class='ocrx_word' id='word_1_87' title='bbox 986 1177 1067 1235; x_wconf 87' lang='lat' dir='ltr'><strong>.Vere</strong></span> <span class='ocrx_word' id='word_1_88' title='bbox 1086 1177 1217 1241; x_wconf 81' lang='lat' dir='ltr'><strong>dicis.-</strong></span> <span class='ocrx_word' id='word_1_89' title='bbox 1235 1179 1316 1259; x_wconf 91' lang='lat' dir='ltr'><strong>Quid</strong></span> 
     </span>
     <span class='ocr_line' id='line_1_11' title="bbox 76 1264 1333 1357; baseline 0.002 -25"><span class='ocrx_word' id='word_1_90' title='bbox 76 1274 168 1354; x_wconf 74' lang='lat' dir='ltr'><strong>igitur</strong></span> <span class='ocrx_word' id='word_1_91' title='bbox 185 1273 350 1335; x_wconf 76' lang='lat' dir='ltr'><strong>iaciemus?</strong></span> <span class='ocrx_word' id='word_1_92' title='bbox 372 1271 501 1333; x_wconf 79' lang='lat' dir='ltr'><strong>Ubinam</strong></span> <span class='ocrx_word' id='word_1_93' title='bbox 516 1284 699 1331; x_wconf 87' lang='lat' dir='ltr'><strong>mansuetum</strong></span> <span class='ocrx_word' id='word_1_94' title='bbox 717 1272 852 1333; x_wconf 89' lang='lat' dir='ltr'><strong>simulet</strong></span> <span class='ocrx_word' id='word_1_95' title='bbox 872 1264 1046 1334; x_wconf 86' lang='lat' dir='ltr'><strong>iracundum</strong></span> <span class='ocrx_word' id='word_1_96' title='bbox 1066 1275 1217 1354; x_wconf 84' lang='lat' dir='ltr'><strong>ingenium</strong></span> <span class='ocrx_word' id='word_1_97' title='bbox 1236 1297 1333 1357; x_wconf 77' lang='lat' dir='ltr'><strong>repe·¹</strong></span> 
     </span>
     <span class='ocr_line' id='line_1_12' title="bbox 76 1360 1333 1454; baseline 0.002 -23"><span class='ocrx_word' id='word_1_98' title='bbox 76 1372 210 1431; x_wconf 75' lang='lat' dir='ltr'><strong>ricinus?</strong></span> <span class='ocrx_word' id='word_1_99' title='bbox 250 1371 403 1433; x_wconf 77' lang='lat' dir='ltr'><strong>Contraria</strong></span> <span class='ocrx_word' id='word_1_100' title='bbox 423 1369 502 1431; x_wconf 87' lang='lat' dir='ltr'><strong>enirn</strong></span> <span class='ocrx_word' id='word_1_101' title='bbox 520 1369 678 1436; x_wconf 81' lang='lat' dir='ltr'><strong>iracundae</strong></span> <span class='ocrx_word' id='word_1_102' title='bbox 700 1360 820 1429; x_wconf 83' lang='lat' dir='ltr'><strong>naturae</strong></span> <span class='ocrx_word' id='word_1_103' title='bbox 839 1383 942 1431; x_wconf 86' lang='lat' dir='ltr'><strong>natura</strong></span> <span class='ocrx_word' id='word_1_104' title='bbox 965 1372 1045 1433; x_wconf 90' lang='lat' dir='ltr'><strong>mitis</strong></span> <span class='ocrx_word' id='word_1_105' title='bbox 1065 1385 1192 1453; x_wconf 84' lang='lat' dir='ltr'><strong>apparet.</strong></span> <span class='ocrx_word' id='word_1_106' title='bbox 1204 1421 1235 1431; x_wconf 89' lang='lat'><strong>..</strong></span> <span class='ocrx_word' id='word_1_107' title='bbox 1257 1377 1333 1454; x_wconf 79' lang='lat' dir='ltr'><strong>Ap·-</strong></span> 
     </span>
     <span class='ocr_line' id='line_1_13' title="bbox 75 1466 1315 1552; baseline 0.003 -24"><span class='ocrx_word' id='word_1_108' title='bbox 75 1483 216 1552; x_wconf 75' lang='lat' dir='ltr'><strong>paeet.·-</strong></span> <span class='ocrx_word' id='word_1_109' title='bbox 236 1469 345 1531; x_wconf 81' lang='lat' dir='ltr'><strong>Verum</strong></span> <span class='ocrx_word' id='word_1_110' title='bbox 362 1469 414 1547; x_wconf 87' lang='lat' dir='ltr'><strong>qui</strong></span> <span class='ocrx_word' id='word_1_111' title='bbox 435 1467 576 1529; x_wconf 87' lang='lat' dir='ltr'><strong>alterutro</strong></span> <span class='ocrx_word' id='word_1_112' title='bbox 596 1466 699 1527; x_wconf 91' lang='lat' dir='ltr'><strong>borum</strong></span> <span class='ocrx_word' id='word_1_113' title='bbox 718 1467 849 1543; x_wconf 81' lang='lat' dir='ltr'><strong>carebit,</strong></span> <span class='ocrx_word' id='word_1_114' title='bbox 880 1482 975 1529; x_wconf 90' lang='lat' dir='ltr'><strong>custos</strong></span> <span class='ocrx_word' id='word_1_115' title='bbox 995 1467 1090 1531; x_wconf 88' lang='lat' dir='ltr'><strong>bonus</strong></span> <span class='ocrx_word' id='word_1_116' title='bbox 1110 1491 1168 1531; x_wconf 88' lang='lat' dir='ltr'><strong>non</strong></span> <span class='ocrx_word' id='word_1_117' title='bbox 1188 1472 1261 1531; x_wconf 90' lang='lat' dir='ltr'><strong>erit:</strong></span> <span class='ocrx_word' id='word_1_118' title='bbox 1283 1487 1315 1537; x_wconf 88' lang='lat' dir='ltr'><strong>ut</strong></span> 
     </span>
     <span class='ocr_line' id='line_1_14' title="bbox 75 1563 1315 1649; baseline -0.001 -20"><span class='ocrx_word' id='word_1_119' title='bbox 75 1588 148 1629; x_wconf 80' lang='lat' dir='ltr'><strong>vem</strong></span> <span class='ocrx_word' id='word_1_120' title='bbox 167 1576 319 1645; x_wconf 73' lang='lat' dir='ltr'><strong>nitrumque</strong></span> <span class='ocrx_word' id='word_1_121' title='bbox 338 1564 444 1649; x_wconf 78' lang='lat' dir='ltr'><strong>babeat</strong></span> <span class='ocrx_word' id='word_1_122' title='bbox 460 1566 546 1643; x_wconf 91' lang='lat' dir='ltr'><strong>quis,</strong></span> <span class='ocrx_word' id='word_1_123' title='bbox 566 1563 631 1622; x_wconf 86' lang='lat' dir='ltr'><strong>fieri</strong></span> <span class='ocrx_word' id='word_1_124' title='bbox 651 1587 712 1624; x_wconf 90' lang='lat' dir='ltr'><strong>non</strong></span> <span class='ocrx_word' id='word_1_125' title='bbox 729 1586 810 1645; x_wconf 89' lang='lat' dir='ltr'><strong>posse</strong></span> <span class='ocrx_word' id='word_1_126' title='bbox 831 1564 968 1626; x_wconf 86' lang='lat' dir='ltr'><strong>videtur:</strong></span> <span class='ocrx_word' id='word_1_127' title='bbox 992 1564 1022 1646; x_wconf 92' lang='lat' dir='ltr'><strong>l)</strong></span> <span class='ocrx_word' id='word_1_128' title='bbox 1051 1588 1109 1647; x_wconf 90' lang='lat' dir='ltr'><strong>quo</strong></span> <span class='ocrx_word' id='word_1_129' title='bbox 1127 1566 1180 1642; x_wconf 82' lang='lat' dir='ltr'><strong>fia,</strong></span> <span class='ocrx_word' id='word_1_130' title='bbox 1211 1583 1242 1629; x_wconf 91' lang='lat' dir='ltr'><strong>ut</strong></span> <span class='ocrx_word' id='word_1_131' title='bbox 1260 1568 1315 1628; x_wconf 91' lang='lat' dir='ltr'><strong>bo-</strong></span> 
     </span>
     <span class='ocr_line' id='line_1_15' title="bbox 76 1661 1314 1743; baseline 0.001 -18"><span class='ocrx_word' id='word_1_132' title='bbox 76 1686 134 1725; x_wconf 73' lang='lat' dir='ltr'><strong>nas</strong></span> <span class='ocrx_word' id='word_1_133' title='bbox 153 1679 248 1727; x_wconf 85' lang='lat' dir='ltr'><strong>custos</strong></span> <span class='ocrx_word' id='word_1_134' title='bbox 267 1664 397 1728; x_wconf 77' lang='lat' dir='ltr'><strong>inveniri</strong></span> <span class='ocrx_word' id='word_1_135' title='bbox 416 1684 477 1724; x_wconf 89' lang='lat' dir='ltr'><strong>non</strong></span> <span class='ocrx_word' id='word_1_136' title='bbox 495 1662 638 1743; x_wconf 81' lang='lat' dir='ltr'><strong>possit-</strong></span> <span class='ocrx_word' id='word_1_137' title='bbox 659 1661 813 1723; x_wconf 79' lang='lat' dir='ltr'><strong>Videtur.»</strong></span> <span class='ocrx_word' id='word_1_138' title='bbox 839 1664 896 1723; x_wconf 85' lang='lat' dir='ltr'><strong>Hic</strong></span> <span class='ocrx_word' id='word_1_139' title='bbox 915 1685 984 1724; x_wconf 86' lang='lat' dir='ltr'><strong>vero</strong></span> <span class='ocrx_word' id='word_1_140' title='bbox 1011 1664 1140 1725; x_wconf 78' lang='lat' dir='ltr'><strong>Socrates</strong></span> <span class='ocrx_word' id='word_1_141' title='bbox 1169 1665 1314 1729; x_wconf 83' lang='lat' dir='ltr'><strong>haesitans</strong></span> 
     </span>
     <span class='ocr_line' id='line_1_16' title="bbox 73 1761 1311 1842; baseline -0.002 -18"><span class='ocrx_word' id='word_1_142' title='bbox 73 1783 229 1842; x_wconf 79' lang='lat' dir='ltr'><strong>secumque</strong></span> <span class='ocrx_word' id='word_1_143' title='bbox 246 1761 394 1842; x_wconf 83' lang='lat' dir='ltr'><strong>superiora</strong></span> <span class='ocrx_word' id='word_1_144' title='bbox 409 1762 507 1821; x_wconf 89' lang='lat' dir='ltr'><strong>animo</strong></span> <span class='ocrx_word' id='word_1_145' title='bbox 523 1774 661 1841; x_wconf 91' lang='lat' dir='ltr'><strong>reputans</strong></span> <span class='ocrx_word' id='word_1_146' title='bbox 685 1781 700 1814; x_wconf 89' lang='grc' dir='ltr'><strong>ιι</strong></span> <span class='ocrx_word' id='word_1_147' title='bbox 715 1762 836 1837; x_wconf 87' lang='lat' dir='ltr'><strong>merito,</strong></span> <span class='ocrx_word' id='word_1_148' title='bbox 857 1762 970 1839; x_wconf 89' lang='lat' dir='ltr'><strong>inquit,</strong></span> <span class='ocrx_word' id='word_1_149' title='bbox 994 1761 1180 1837; x_wconf 86' lang='lat' dir='ltr'><strong>dubitamus,</strong></span> <span class='ocrx_word' id='word_1_150' title='bbox 1202 1766 1311 1825; x_wconf 88' lang='lat' dir='ltr'><strong>amice:</strong></span> 
     </span>
     <span class='ocr_line' id='line_1_17' title="bbox 74 1857 1313 1939; baseline -0.001 -16"><span class='ocrx_word' id='word_1_151' title='bbox 74 1882 146 1923; x_wconf 75' lang='lat' dir='ltr'><strong>mm</strong></span> <span class='ocrx_word' id='word_1_152' title='bbox 165 1860 204 1921; x_wconf 83' lang='lat' dir='ltr'><strong>ab</strong></span> <span class='ocrx_word' id='word_1_153' title='bbox 220 1881 271 1934; x_wconf 85' lang='lat' dir='ltr'><strong>ea,</strong></span> <span class='ocrx_word' id='word_1_154' title='bbox 291 1880 378 1938; x_wconf 87' lang='lat' dir='ltr'><strong>quam</strong></span> <span class='ocrx_word' id='word_1_155' title='bbox 394 1880 482 1939; x_wconf 85' lang='lat' dir='ltr'><strong>supra</strong></span> <span class='ocrx_word' id='word_1_156' title='bbox 500 1857 686 1932; x_wconf 87' lang='lat' dir='ltr'><strong>induximus,</strong></span> <span class='ocrx_word' id='word_1_157' title='bbox 707 1859 921 1939; x_wconf 87' lang='lat' dir='ltr'><strong>comparatione</strong></span> <span class='ocrx_word' id='word_1_158' title='bbox 938 1859 1058 1939; x_wconf 86' lang='lat' dir='ltr'><strong>digressi</strong></span> <span class='ocrx_word' id='word_1_159' title='bbox 1079 1881 1186 1921; x_wconf 90' lang='lat' dir='ltr'><strong>sumus.</strong></span> <span class='ocrx_word' id='word_1_160' title='bbox 1197 1903 1232 1917; x_wconf 79' lang='grc'><strong>..-</strong></span> <span class='ocrx_word' id='word_1_161' title='bbox 1248 1864 1313 1937; x_wconf 88' lang='lat' dir='ltr'><strong>Quo</strong></span> 
     </span>
     <span class='ocr_line' id='line_1_18' title="bbox 75 1956 1313 2070; baseline 0.002 -52"><span class='ocrx_word' id='word_1_162' title='bbox 75 1973 161 2070; x_wconf 80' lang='lat' dir='ltr'><strong>pacto</strong></span> <span class='ocrx_word' id='word_1_163' title='bbox 189 1958 222 2018; x_wconf 90' lang='lat' dir='ltr'><strong>id</strong></span> <span class='ocrx_word' id='word_1_164' title='bbox 249 1959 352 2018; x_wconf 78' lang='lat' dir='ltr'><strong>aisl-</strong></span> <span class='ocrx_word' id='word_1_165' title='bbox 382 1957 521 2018; x_wconf 87' lang='lat' dir='ltr'><strong>Nonne</strong></span> <span class='ocrx_word' id='word_1_166' title='bbox 512 1957 700 2030; x_wconf 79' lang='lat' dir='ltr'><strong>invenimus,</strong></span> <span class='ocrx_word' id='word_1_167' title='bbox 726 1956 798 2015; x_wconf 89' lang='lat' dir='ltr'><strong>tales</strong></span> <span class='ocrx_word' id='word_1_168' title='bbox 818 1977 877 2017; x_wconf 89' lang='lat' dir='ltr'><strong>esse</strong></span> <span class='ocrx_word' id='word_1_169' title='bbox 896 1957 1035 2035; x_wconf 87' lang='lat' dir='ltr'><strong>quasdam</strong></span> <span class='ocrx_word' id='word_1_170' title='bbox 1056 1971 1173 2017; x_wconf 89' lang='lat' dir='ltr'><strong>naturas</strong></span> <span class='ocrx_word' id='word_1_171' title='bbox 1183 1961 1313 2039; x_wconf 88' lang='lat' dir='ltr'><strong>,quales</strong></span> 
     </span>
     <span class='ocr_line' id='line_1_19' title="bbox 76 2053 1311 2137; baseline -0.003 -20"><span class='ocrx_word' id='word_1_172' title='bbox 76 2058 196 2123; x_wconf 74' lang='grc' dir='ltr'>ιιιίιιιιιιι</span> <span class='ocrx_word' id='word_1_173' title='bbox 215 2071 437 2137; x_wconf 81' lang='lat' dir='ltr'><strong>putaveramus,</strong></span> <span class='ocrx_word' id='word_1_174' title='bbox 448 2054 589 2117; x_wconf 86' lang='lat' dir='ltr'><strong>habentes</strong></span> <span class='ocrx_word' id='word_1_175' title='bbox 607 2053 678 2112; x_wconf 89' lang='lat' dir='ltr'><strong>haec</strong></span> <span class='ocrx_word' id='word_1_176' title='bbox 701 2054 815 2113; x_wconf 91' lang='lat' dir='ltr'><strong>simul</strong></span> <span class='ocrx_word' id='word_1_177' title='bbox 807 2076 839 2115; x_wconf 90' lang='grc' dir='ltr'><strong>ιιι</strong></span> <span class='ocrx_word' id='word_1_178' title='bbox 857 2075 889 2113; x_wconf 89' lang='lat' dir='ltr'><strong>se</strong></span> <span class='ocrx_word' id='word_1_179' title='bbox 909 2055 1112 2117; x_wconf 79' lang='lat' dir='ltr'><strong>contrarial-</strong></span> <span class='ocrx_word' id='word_1_180' title='bbox 1121 2056 1311 2119; x_wconf 75' lang='lat' dir='ltr'><strong>Ubinam?-</strong></span> 
     </span>
    </p>

    <p class='ocr_par' dir='ltr' id='par_1_3' title="bbox 70 2149 1329 4089">
     <span class='ocr_line' id='line_1_20' title="bbox 77 2149 1312 2229; baseline -0.002 -14"><span class='ocrx_word' id='word_1_181' title='bbox 77 2155 112 2215; x_wconf 88' lang='lat' dir='ltr'><strong>ln</strong></span> <span class='ocrx_word' id='word_1_182' title='bbox 129 2153 199 2215; x_wconf 89' lang='lat' dir='ltr'><strong>aliis</strong></span> <span class='ocrx_word' id='word_1_183' title='bbox 225 2154 279 2215; x_wconf 89' lang='lat' dir='ltr'><strong>boc</strong></span> <span class='ocrx_word' id='word_1_184' title='bbox 305 2152 481 2217; x_wconf 80' lang='lat' dir='ltr'><strong>animalibus</strong></span> <span class='ocrx_word' id='word_1_185' title='bbox 510 2149 610 2215; x_wconf 83' lang='lat' dir='ltr'><strong>videre</strong></span> <span class='ocrx_word' id='word_1_186' title='bbox 638 2149 728 2226; x_wconf 89' lang='lat' dir='ltr'><strong>licet,</strong></span> <span class='ocrx_word' id='word_1_187' title='bbox 758 2173 819 2212; x_wconf 92' lang='lat' dir='ltr'><strong>non</strong></span> <span class='ocrx_word' id='word_1_188' title='bbox 847 2172 916 2212; x_wconf 82' lang='lat' dir='ltr'><strong>vero</strong></span> <span class='ocrx_word' id='word_1_189' title='bbox 936 2152 1056 2211; x_wconf 90' lang='lat' dir='ltr'><strong>minime</strong></span> <span class='ocrx_word' id='word_1_190' title='bbox 1071 2153 1104 2212; x_wconf 91' lang='lat' dir='ltr'><strong>in</strong></span> <span class='ocrx_word' id='word_1_191' title='bbox 1124 2174 1157 2212; x_wconf 90' lang='lat' dir='ltr'><strong>eo</strong></span> <span class='ocrx_word' id='word_1_192' title='bbox 1176 2153 1312 2229; x_wconf 89' lang='lat' dir='ltr'><strong>custode,</strong></span> 
     </span>
     <span class='ocr_line' id='line_1_21' title="bbox 76 2249 1310 2333; baseline 0 -22"><span class='ocrx_word' id='word_1_193' title='bbox 76 2272 202 2333; x_wconf 83' lang='lat' dir='ltr'><strong>quocum</strong></span> <span class='ocrx_word' id='word_1_194' title='bbox 222 2265 351 2313; x_wconf 86' lang='lat' dir='ltr'><strong>nostrum</strong></span> <span class='ocrx_word' id='word_1_195' title='bbox 371 2250 520 2315; x_wconf 81' lang='lat' dir='ltr'><strong>custodem</strong></span> <span class='ocrx_word' id='word_1_196' title='bbox 547 2249 793 2332; x_wconf 89' lang='lat' dir='ltr'><strong>comparabamns.</strong></span> <span class='ocrx_word' id='word_1_197' title='bbox 836 2250 916 2309; x_wconf 91' lang='lat' dir='ltr'><strong>Nosti</strong></span> <span class='ocrx_word' id='word_1_198' title='bbox 945 2251 1043 2324; x_wconf 82' lang='lat' dir='ltr'><strong>enim,</strong></span> <span class='ocrx_word' id='word_1_199' title='bbox 1069 2252 1199 2330; x_wconf 78' lang='lat' dir='ltr'><strong>&#39;generosi</strong></span> <span class='ocrx_word' id='word_1_200' title='bbox 1229 2253 1310 2311; x_wconf 91' lang='lat' dir='ltr'><strong>canis</strong></span> 
     </span>
     <span class='ocr_line' id='line_1_22' title="bbox 78 2346 1310 2427; baseline -0.002 -17"><span class='ocrx_word' id='word_1_201' title='bbox 78 2349 156 2410; x_wconf 87' lang='lat' dir='ltr'><strong>bunc</strong></span> <span class='ocrx_word' id='word_1_202' title='bbox 172 2350 276 2415; x_wconf 73' lang='lat' dir='ltr'><strong>natur-t</strong></span> <span class='ocrx_word' id='word_1_203' title='bbox 295 2366 401 2412; x_wconf 83' lang='lat' dir='ltr'><strong>merem</strong></span> <span class='ocrx_word' id='word_1_204' title='bbox 420 2369 480 2409; x_wconf 87' lang='lat' dir='ltr'><strong>esse</strong></span> <span class='ocrx_word' id='word_1_205' title='bbox 490 2394 498 2422; x_wconf 97' lang='lat'><strong>,</strong></span> <span class='ocrx_word' id='word_1_206' title='bbox 521 2362 553 2408; x_wconf 89' lang='lat' dir='ltr'><strong>ut</strong></span> <span class='ocrx_word' id='word_1_207' title='bbox 569 2368 634 2427; x_wconf 90' lang='lat' dir='ltr'><strong>erga</strong></span> <span class='ocrx_word' id='word_1_208' title='bbox 654 2346 812 2407; x_wconf 86' lang='lat' dir='ltr'><strong>familiares</strong></span> <span class='ocrx_word' id='word_1_209' title='bbox 833 2362 862 2407; x_wconf 92' lang='lat' dir='ltr'><strong>et</strong></span> <span class='ocrx_word' id='word_1_210' title='bbox 882 2361 965 2407; x_wconf 90' lang='lat' dir='ltr'><strong>notos</strong></span> <span class='ocrx_word' id='word_1_211' title='bbox 983 2349 1150 2409; x_wconf 88' lang='lat' dir='ltr'><strong>mitissimus</strong></span> <span class='ocrx_word' id='word_1_212' title='bbox 1169 2349 1224 2407; x_wconf 90' lang='lat' dir='ltr'><strong>sit:</strong></span> <span class='ocrx_word' id='word_1_213' title='bbox 1246 2371 1310 2408; x_wconf 90' lang='lat' dir='ltr'><strong>eon·</strong></span> 
     </span>
     <span class='ocr_line' id='line_1_23' title="bbox 77 2444 1312 2529; baseline -0.001 -21"><span class='ocrx_word' id='word_1_214' title='bbox 77 2462 121 2508; x_wconf 87' lang='lat' dir='ltr'><strong>tra</strong></span> <span class='ocrx_word' id='word_1_215' title='bbox 148 2469 218 2510; x_wconf 87' lang='lat' dir='ltr'><strong>vero</strong></span> <span class='ocrx_word' id='word_1_216' title='bbox 245 2469 312 2528; x_wconf 85' lang='lat' dir='ltr'><strong>erga</strong></span> <span class='ocrx_word' id='word_1_217' title='bbox 343 2448 463 2527; x_wconf 89' lang='lat' dir='ltr'><strong>ignotos.</strong></span> <span class='ocrx_word' id='word_1_218' title='bbox 483 2473 519 2485; x_wconf 94' lang='grc'><strong>·-·</strong></span> <span class='ocrx_word' id='word_1_219' title='bbox 538 2446 624 2505; x_wconf 86' lang='lat' dir='ltr'><strong>Novi.</strong></span> <span class='ocrx_word' id='word_1_220' title='bbox 645 2487 680 2498; x_wconf 84' lang='lat'>-</span> <span class='ocrx_word' id='word_1_221' title='bbox 700 2444 778 2508; x_wconf 88' lang='lat' dir='ltr'><strong>Fieri</strong></span> <span class='ocrx_word' id='word_1_222' title='bbox 798 2445 903 2509; x_wconf 86' lang='lat' dir='ltr'><strong>iccirco</strong></span> <span class='ocrx_word' id='word_1_223' title='bbox 919 2459 1032 2525; x_wconf 89' lang='lat' dir='ltr'><strong>potest,</strong></span> <span class='ocrx_word' id='word_1_224' title='bbox 1054 2469 1107 2507; x_wconf 89' lang='lat' dir='ltr'><strong>nec</strong></span> <span class='ocrx_word' id='word_1_225' title='bbox 1124 2460 1239 2529; x_wconf 83' lang='lat' dir='ltr'><strong>practer</strong></span> <span class='ocrx_word' id='word_1_226' title='bbox 1257 2469 1312 2507; x_wconf 90' lang='lat' dir='ltr'><strong>na-</strong></span> 
     </span>
     <span class='ocr_line' id='line_1_24' title="bbox 77 2541 1311 2623; baseline -0.003 -17"><span class='ocrx_word' id='word_1_227' title='bbox 77 2560 172 2607; x_wconf 88' lang='lat' dir='ltr'><strong>turam</strong></span> <span class='ocrx_word' id='word_1_228' title='bbox 191 2559 233 2607; x_wconf 89' lang='lat' dir='ltr'><strong>est</strong></span> <span class='ocrx_word' id='word_1_229' title='bbox 250 2544 330 2623; x_wconf 88' lang='lat' dir='ltr'><strong>quod</strong></span> <span class='ocrx_word' id='word_1_230' title='bbox 347 2545 531 2623; x_wconf 84' lang='lat' dir='ltr'><strong>quaerimus,</strong></span> <span class='ocrx_word' id='word_1_231' title='bbox 553 2555 585 2603; x_wconf 90' lang='lat' dir='ltr'><strong>ut</strong></span> <span class='ocrx_word' id='word_1_232' title='bbox 601 2541 669 2601; x_wconf 89' lang='lat' dir='ltr'><strong>talis</strong></span> <span class='ocrx_word' id='word_1_233' title='bbox 688 2543 725 2601; x_wconf 90' lang='lat' dir='ltr'><strong>sit</strong></span> <span class='ocrx_word' id='word_1_234' title='bbox 745 2555 849 2603; x_wconf 81' lang='lat' dir='ltr'><strong>custos.</strong></span> <span class='ocrx_word' id='word_1_235' title='bbox 870 2584 906 2595; x_wconf 88' lang='grc'><strong>-</strong></span> <span class='ocrx_word' id='word_1_236' title='bbox 925 2543 989 2601; x_wconf 85' lang='grc' dir='ltr'>Νοιι</span> <span class='ocrx_word' id='word_1_237' title='bbox 1009 2557 1051 2605; x_wconf 89' lang='lat' dir='ltr'><strong>cst</strong></span> <span class='ocrx_word' id='word_1_238' title='bbox 1071 2566 1195 2605; x_wconf 74' lang='lat' dir='ltr'><strong>sanc...</strong></span> <span class='ocrx_word' id='word_1_239' title='bbox 1208 2546 1311 2607; x_wconf 90' lang='lat' dir='ltr'><strong>Nonne</strong></span> 
     </span>
     <span class='ocr_line' id='line_1_25' title="bbox 77 2638 1314 2723; baseline -0.002 -17"><span class='ocrx_word' id='word_1_240' title='bbox 77 2665 146 2706; x_wconf 79' lang='lat' dir='ltr'><strong>vcro</strong></span> <span class='ocrx_word' id='word_1_241' title='bbox 173 2657 318 2723; x_wconf 87' lang='lat' dir='ltr'><strong>praeterea</strong></span> <span class='ocrx_word' id='word_1_242' title='bbox 346 2663 418 2722; x_wconf 88' lang='lat' dir='ltr'><strong>opus</strong></span> <span class='ocrx_word' id='word_1_243' title='bbox 445 2640 501 2703; x_wconf 89' lang='lat' dir='ltr'><strong>tibi</strong></span> <span class='ocrx_word' id='word_1_244' title='bbox 532 2660 592 2700; x_wconf 88' lang='lat' dir='ltr'><strong>esse</strong></span> <span class='ocrx_word' id='word_1_245' title='bbox 619 2638 751 2715; x_wconf 86' lang='lat' dir='ltr'><strong>videtur,</strong></span> <span class='ocrx_word' id='word_1_246' title='bbox 774 2653 805 2698; x_wconf 91' lang='lat' dir='ltr'><strong>ut</strong></span> <span class='ocrx_word' id='word_1_247' title='bbox 825 2641 875 2718; x_wconf 89' lang='lat' dir='ltr'><strong>qui</strong></span> <span class='ocrx_word' id='word_1_248' title='bbox 892 2638 986 2701; x_wconf 91' lang='lat' dir='ltr'><strong>bonus</strong></span> <span class='ocrx_word' id='word_1_249' title='bbox 1008 2642 1125 2701; x_wconf 83' lang='lat' dir='ltr'><strong>futurus</strong></span> <span class='ocrx_word' id='word_1_250' title='bbox 1145 2644 1182 2702; x_wconf 93' lang='lat' dir='ltr'><strong>sit</strong></span> <span class='ocrx_word' id='word_1_251' title='bbox 1199 2657 1314 2716; x_wconf 90' lang='lat' dir='ltr'><strong>custos,</strong></span> 
     </span>
     <span class='ocr_line' id='line_1_26' title="bbox 75 2729 1310 2818; baseline -0.001 -17"><span class='ocrx_word' id='word_1_252' title='bbox 75 2741 115 2801; x_wconf 87' lang='lat' dir='ltr'><strong>ad</strong></span> <span class='ocrx_word' id='word_1_253' title='bbox 143 2739 326 2804; x_wconf 83' lang='lat' dir='ltr'><strong>iracundiam</strong></span> <span class='ocrx_word' id='word_1_254' title='bbox 355 2740 436 2799; x_wconf 90' lang='lat' dir='ltr'><strong>illam</strong></span> <span class='ocrx_word' id='word_1_255' title='bbox 463 2737 622 2816; x_wconf 82' lang='lat' dir='ltr'><strong>adjungat,</strong></span> <span class='ocrx_word' id='word_1_256' title='bbox 652 2751 684 2796; x_wconf 87' lang='lat' dir='ltr'><strong>ut</strong></span> <span class='ocrx_word' id='word_1_257' title='bbox 714 2739 819 2799; x_wconf 69' lang='lat' dir='ltr'><strong>natura</strong></span> <span class='ocrx_word' id='word_1_258' title='bbox 837 2729 1004 2818; x_wconf 78' lang='grc' dir='ltr'>φιλόσοφος</span> <span class='ocrx_word' id='word_1_259' title='bbox 1021 2741 1084 2799; x_wconf 75' lang='lat' dir='ltr'><strong>sit?</strong></span> <span class='ocrx_word' id='word_1_260' title='bbox 1105 2766 1140 2776; x_wconf 92' lang='lat'><em>-</em></span> <span class='ocrx_word' id='word_1_261' title='bbox 1160 2739 1310 2812; x_wconf 90' lang='lat' dir='ltr'><strong>Quomodo</strong></span> 
     </span>
     <span class='ocr_line' id='line_1_27' title="bbox 76 2834 1309 2915; baseline -0.004 -17"><span class='ocrx_word' id='word_1_262' title='bbox 76 2838 157 2898; x_wconf 86' lang='lat' dir='ltr'><strong>istud</strong></span> <span class='ocrx_word' id='word_1_263' title='bbox 180 2840 247 2898; x_wconf 74' lang='lat' dir='ltr'><strong>ais?</strong></span> <span class='ocrx_word' id='word_1_264' title='bbox 278 2860 337 2896; x_wconf 92' lang='lat' dir='ltr'><strong>non</strong></span> <span class='ocrx_word' id='word_1_265' title='bbox 365 2838 443 2895; x_wconf 90' lang='lat' dir='ltr'><strong>enim</strong></span> <span class='ocrx_word' id='word_1_266' title='bbox 469 2835 613 2915; x_wconf 88' lang='lat' dir='ltr'><strong>intelligo.</strong></span> <span class='ocrx_word' id='word_1_267' title='bbox 633 2876 667 2886; x_wconf 94' lang='lat'><em>-</em></span> <span class='ocrx_word' id='word_1_268' title='bbox 686 2838 774 2915; x_wconf 83' lang='lat' dir='ltr'><strong>Atqui</strong></span> <span class='ocrx_word' id='word_1_269' title='bbox 803 2851 831 2897; x_wconf 89' lang='lat' dir='ltr'><strong>et</strong></span> <span class='ocrx_word' id='word_1_270' title='bbox 854 2837 909 2897; x_wconf 90' lang='lat' dir='ltr'><strong>boc</strong></span> <span class='ocrx_word' id='word_1_271' title='bbox 930 2839 961 2898; x_wconf 92' lang='lat' dir='ltr'><strong>in</strong></span> <span class='ocrx_word' id='word_1_272' title='bbox 983 2835 1105 2897; x_wconf 88' lang='lat' dir='ltr'><strong>canibus</strong></span> <span class='ocrx_word' id='word_1_273' title='bbox 1122 2834 1309 2895; x_wconf 87' lang='lat' dir='ltr'><strong>animadver-</strong></span> 
     </span>
     <span class='ocr_line' id='line_1_28' title="bbox 75 2931 1307 3015; baseline -0.003 -19"><span class='ocrx_word' id='word_1_274' title='bbox 75 2939 164 3012; x_wconf 83' lang='lat' dir='ltr'><strong>teris,</strong></span> <span class='ocrx_word' id='word_1_275' title='bbox 185 2936 264 3015; x_wconf 92' lang='lat' dir='ltr'><strong>quod</strong></span> <span class='ocrx_word' id='word_1_276' title='bbox 283 2934 401 3014; x_wconf 91' lang='lat' dir='ltr'><strong>quidem</strong></span> <span class='ocrx_word' id='word_1_277' title='bbox 420 2936 451 2993; x_wconf 92' lang='lat' dir='ltr'><strong>in</strong></span> <span class='ocrx_word' id='word_1_278' title='bbox 471 2933 563 2993; x_wconf 86' lang='lat' dir='ltr'><strong>bestia</strong></span> <span class='ocrx_word' id='word_1_279' title='bbox 581 2933 703 3014; x_wconf 87' lang='lat' dir='ltr'><strong>dignum</strong></span> <span class='ocrx_word' id='word_1_280' title='bbox 721 2932 910 2995; x_wconf 86' lang='lat' dir='ltr'><strong>admiratione</strong></span> <span class='ocrx_word' id='word_1_281' title='bbox 931 2949 981 2995; x_wconf 91' lang='lat' dir='ltr'><strong>est.</strong></span> <span class='ocrx_word' id='word_1_282' title='bbox 999 2960 1035 2969; x_wconf 94' lang='lat'><em>-</em></span> <span class='ocrx_word' id='word_1_283' title='bbox 1052 2932 1144 3008; x_wconf 89' lang='lat' dir='ltr'><strong>Quale</strong></span> <span class='ocrx_word' id='word_1_284' title='bbox 1158 2931 1307 2993; x_wconf 81' lang='lat' dir='ltr'><strong>istud?-</strong></span> 
     </span>
     <span class='ocr_line' id='line_1_29' title="bbox 74 3030 1308 3112; baseline -0.006 -19"><span class='ocrx_word' id='word_1_285' title='bbox 74 3036 171 3109; x_wconf 89' lang='lat' dir='ltr'><strong>Quem</strong></span> <span class='ocrx_word' id='word_1_286' title='bbox 199 3035 278 3095; x_wconf 88' lang='lat' dir='ltr'><strong>euim</strong></span> <span class='ocrx_word' id='word_1_287' title='bbox 306 3035 436 3112; x_wconf 85' lang='lat' dir='ltr'><strong>ignotum</strong></span> <span class='ocrx_word' id='word_1_288' title='bbox 464 3030 591 3104; x_wconf 85' lang='lat' dir='ltr'><strong>viderit,</strong></span> <span class='ocrx_word' id='word_1_289' title='bbox 622 3033 748 3110; x_wconf 86' lang='lat' dir='ltr'><strong>graviter</strong></span> <span class='ocrx_word' id='word_1_290' title='bbox 775 3032 859 3108; x_wconf 77' lang='lat' dir='ltr'><strong>fert,</strong></span> <span class='ocrx_word' id='word_1_291' title='bbox 881 3033 934 3093; x_wconf 85' lang='lat' dir='ltr'><strong>etsi</strong></span> <span class='ocrx_word' id='word_1_292' title='bbox 961 3032 1040 3092; x_wconf 91' lang='lat' dir='ltr'><strong>nihil</strong></span> <span class='ocrx_word' id='word_1_293' title='bbox 1068 3030 1137 3092; x_wconf 93' lang='lat' dir='ltr'><strong>mali</strong></span> <span class='ocrx_word' id='word_1_294' title='bbox 1158 3030 1195 3091; x_wconf 88' lang='lat' dir='ltr'><strong>ab</strong></span> <span class='ocrx_word' id='word_1_295' title='bbox 1219 3051 1252 3093; x_wconf 87' lang='lat' dir='ltr'><strong>eo</strong></span> <span class='ocrx_word' id='word_1_296' title='bbox 1271 3030 1308 3087; x_wconf 93' lang='lat' dir='ltr'><strong>sit</strong></span> 
     </span>
     <span class='ocr_line' id='line_1_30' title="bbox 74 3127 1309 3214; baseline -0.003 -23"><span class='ocrx_word' id='word_1_297' title='bbox 74 3153 245 3214; x_wconf 84' lang='lat' dir='ltr'><strong>perpessus:</strong></span> <span class='ocrx_word' id='word_1_298' title='bbox 268 3146 336 3195; x_wconf 86' lang='lat' dir='ltr'><strong>noto</strong></span> <span class='ocrx_word' id='word_1_299' title='bbox 363 3151 431 3214; x_wconf 82' lang='lat' dir='ltr'><strong>vero</strong></span> <span class='ocrx_word' id='word_1_300' title='bbox 458 3127 632 3199; x_wconf 82' lang='lat' dir='ltr'><strong>blanditur,</strong></span> <span class='ocrx_word' id='word_1_301' title='bbox 652 3130 784 3206; x_wconf 87' lang='lat' dir='ltr'><strong>quamvis</strong></span> <span class='ocrx_word' id='word_1_302' title='bbox 811 3129 888 3189; x_wconf 91' lang='lat' dir='ltr'><strong>nibil</strong></span> <span class='ocrx_word' id='word_1_303' title='bbox 917 3129 955 3189; x_wconf 89' lang='lat' dir='ltr'><strong>ab</strong></span> <span class='ocrx_word' id='word_1_304' title='bbox 974 3151 1009 3189; x_wconf 87' lang='lat' dir='ltr'><strong>eo</strong></span> <span class='ocrx_word' id='word_1_305' title='bbox 1032 3129 1196 3210; x_wconf 83' lang='lat' dir='ltr'><strong>acceperit.¹</strong></span> <span class='ocrx_word' id='word_1_306' title='bbox 1226 3129 1309 3188; x_wconf 88' lang='lat' dir='ltr'><strong>Nou-</strong></span> 
     </span>
     <span class='ocr_line' id='line_1_31' title="bbox 72 3224 1307 3308; baseline -0.01 -18"><span class='ocrx_word' id='word_1_307' title='bbox 72 3230 188 3290; x_wconf 84' lang='lat' dir='ltr'><strong>dumne</strong></span> <span class='ocrx_word' id='word_1_308' title='bbox 213 3229 268 3291; x_wconf 89' lang='lat' dir='ltr'><strong>hoc</strong></span> <span class='ocrx_word' id='word_1_309' title='bbox 294 3228 451 3289; x_wconf 88' lang='lat' dir='ltr'><strong>admiratus</strong></span> <span class='ocrx_word' id='word_1_310' title='bbox 479 3227 533 3285; x_wconf 74' lang='lat' dir='ltr'><strong>es?</strong></span> <span class='ocrx_word' id='word_1_311' title='bbox 554 3257 589 3271; x_wconf 89' lang='lat'><strong>··-</strong></span> <span class='ocrx_word' id='word_1_312' title='bbox 609 3225 697 3285; x_wconf 84' lang='lat' dir='ltr'><strong>Haud</strong></span> <span class='ocrx_word' id='word_1_313' title='bbox 724 3247 895 3308; x_wconf 86' lang='lat' dir='ltr'><strong>magnopere</strong></span> <span class='ocrx_word' id='word_1_314' title='bbox 918 3226 951 3288; x_wconf 90' lang='lat' dir='ltr'><strong>id</strong></span> <span class='ocrx_word' id='word_1_315' title='bbox 977 3227 1073 3289; x_wconf 87' lang='lat' dir='ltr'><strong>adbuc</strong></span> <span class='ocrx_word' id='word_1_316' title='bbox 1093 3224 1307 3290; x_wconf 85' lang='lat' dir='ltr'><strong>animadverti:</strong></span> 
     </span>
     <span class='ocr_line' id='line_1_32' title="bbox 74 3323 1309 3403; baseline -0.007 -16"><span class='ocrx_word' id='word_1_317' title='bbox 74 3329 173 3389; x_wconf 77' lang='lat' dir='ltr'><strong>facere</strong></span> <span class='ocrx_word' id='word_1_318' title='bbox 193 3326 225 3389; x_wconf 92' lang='lat' dir='ltr'><strong>id</strong></span> <span class='ocrx_word' id='word_1_319' title='bbox 254 3341 348 3389; x_wconf 86' lang='lat' dir='ltr'><strong>eutem</strong></span> <span class='ocrx_word' id='word_1_320' title='bbox 374 3326 479 3399; x_wconf 90' lang='lat' dir='ltr'><strong>illum,</strong></span> <span class='ocrx_word' id='word_1_321' title='bbox 499 3323 694 3386; x_wconf 88' lang='lat' dir='ltr'><strong>manifestum.</strong></span> <span class='ocrx_word' id='word_1_322' title='bbox 715 3366 750 3379; x_wconf 88' lang='grc'><strong>-.</strong></span> <span class='ocrx_word' id='word_1_323' title='bbox 770 3325 831 3387; x_wconf 87' lang='grc' dir='ltr'><strong>Ηοο</strong></span> <span class='ocrx_word' id='word_1_324' title='bbox 852 3339 948 3387; x_wconf 88' lang='lat' dir='ltr'><strong>autem</strong></span> <span class='ocrx_word' id='word_1_325' title='bbox 966 3327 999 3386; x_wconf 93' lang='lat' dir='ltr'><strong>in</strong></span> <span class='ocrx_word' id='word_1_326' title='bbox 1019 3327 1079 3403; x_wconf 89' lang='lat' dir='ltr'><strong>ejus</strong></span> <span class='ocrx_word' id='word_1_327' title='bbox 1099 3336 1203 3385; x_wconf 88' lang='lat' dir='ltr'><strong>natura</strong></span> <span class='ocrx_word' id='word_1_328' title='bbox 1223 3343 1309 3403; x_wconf 86' lang='lat' dir='ltr'><strong>prae-</strong></span> 
     </span>
     <span class='ocr_line' id='line_1_33' title="bbox 70 3413 1330 3521; baseline -0.007 -36"><span class='ocrx_word' id='word_1_329' title='bbox 70 3425 190 3485; x_wconf 85' lang='lat' dir='ltr'><strong>clarum</strong></span> <span class='ocrx_word' id='word_1_330' title='bbox 208 3423 326 3486; x_wconf 79' lang='lat' dir='ltr'><strong>ridetur</strong></span> <span class='ocrx_word' id='word_1_331' title='bbox 351 3438 381 3484; x_wconf 91' lang='lat' dir='ltr'><strong>et</strong></span> <span class='ocrx_word' id='word_1_332' title='bbox 406 3446 472 3485; x_wconf 83' lang='lat' dir='ltr'><strong>vere</strong></span> <span class='ocrx_word' id='word_1_333' title='bbox 492 3413 668 3502; x_wconf 81' lang='grc' dir='ltr'>φιλόσοφον</span> <span class='ocrx_word' id='word_1_334' title='bbox 686 3459 721 3471; x_wconf 87' lang='grc'>-</span> <span class='ocrx_word' id='word_1_335' title='bbox 740 3424 803 3497; x_wconf 87' lang='lat' dir='ltr'><strong>Qua</strong></span> <span class='ocrx_word' id='word_1_336' title='bbox 822 3423 958 3483; x_wconf 78' lang='lat' dir='ltr'><strong>ratione?</strong></span> <span class='ocrx_word' id='word_1_337' title='bbox 978 3421 1175 3495; x_wconf 85' lang='lat' dir='ltr'><strong>-Quoniam</strong></span> <span class='ocrx_word' id='word_1_338' title='bbox 1189 3414 1330 3521; x_wconf 28' lang='grc' dir='ltr'><strong>ἓιιίειιοιιῖ,ς</strong></span> 
     </span>
     <span class='ocr_line' id='line_1_34' title="bbox 74 3484 1330 3605; baseline -0.01 -21"><span class='ocrx_word' id='word_1_339' title='bbox 74 3536 140 3584; x_wconf 85' lang='lat' dir='ltr'><strong>tum</strong></span> <span class='ocrx_word' id='word_1_340' title='bbox 171 3522 256 3583; x_wconf 89' lang='lat' dir='ltr'><strong>nulla</strong></span> <span class='ocrx_word' id='word_1_341' title='bbox 281 3543 312 3583; x_wconf 87' lang='lat' dir='ltr'><strong>re</strong></span> <span class='ocrx_word' id='word_1_342' title='bbox 347 3522 404 3586; x_wconf 87' lang='lat' dir='ltr'><strong>alia</strong></span> <span class='ocrx_word' id='word_1_343' title='bbox 431 3523 555 3582; x_wconf 89' lang='lat' dir='ltr'><strong>amicum</strong></span> <span class='ocrx_word' id='word_1_344' title='bbox 582 3535 612 3580; x_wconf 91' lang='lat' dir='ltr'><strong>et</strong></span> <span class='ocrx_word' id='word_1_345' title='bbox 640 3519 789 3579; x_wconf 88' lang='lat' dir='ltr'><strong>inimicum</strong></span> <span class='ocrx_word' id='word_1_346' title='bbox 816 3518 977 3594; x_wconf 87' lang='lat' dir='ltr'><strong>discernit,</strong></span> <span class='ocrx_word' id='word_1_347' title='bbox 1007 3536 1093 3605; x_wconf 89' lang='lat' dir='ltr'><strong>quarn</strong></span> <span class='ocrx_word' id='word_1_348' title='bbox 1122 3513 1201 3595; x_wconf 90' lang='lat' dir='ltr'><strong>quod</strong></span> <span class='ocrx_word' id='word_1_349' title='bbox 1230 3484 1330 3575; x_wconf 88' lang='lat' dir='ltr'><strong>hunc</strong></span> 
     </span>
     <span class='ocr_line' id='line_1_35' title="bbox 74 3612 1310 3700; baseline -0.005 -18"><span class='ocrx_word' id='word_1_350' title='bbox 74 3621 180 3695; x_wconf 87' lang='lat' dir='ltr'><strong>novit,</strong></span> <span class='ocrx_word' id='word_1_351' title='bbox 210 3619 296 3682; x_wconf 85' lang='lat' dir='ltr'><strong>illum</strong></span> <span class='ocrx_word' id='word_1_352' title='bbox 330 3621 454 3700; x_wconf 85' lang='lat' dir='ltr'><strong>ignorat.</strong></span> <span class='ocrx_word' id='word_1_353' title='bbox 504 3618 617 3694; x_wconf 91' lang='lat' dir='ltr'><strong>Quidni</strong></span> <span class='ocrx_word' id='word_1_354' title='bbox 655 3628 750 3676; x_wconf 87' lang='lat' dir='ltr'><strong>autem</strong></span> <span class='ocrx_word' id='word_1_355' title='bbox 788 3614 923 3674; x_wconf 88' lang='lat' dir='ltr'><strong>discendi</strong></span> <span class='ocrx_word' id='word_1_356' title='bbox 964 3612 1091 3675; x_wconf 90' lang='lat' dir='ltr'><strong>studium</strong></span> <span class='ocrx_word' id='word_1_357' title='bbox 1117 3612 1235 3694; x_wconf 88' lang='lat' dir='ltr'><strong>probet,</strong></span> <span class='ocrx_word' id='word_1_358' title='bbox 1266 3633 1310 3677; x_wconf 85' lang='lat' dir='ltr'><strong>co·</strong></span> 
     </span>
     <span class='ocr_line' id='line_1_36' title="bbox 72 3711 1312 3798; baseline -0.006 -20"><span class='ocrx_word' id='word_1_359' title='bbox 72 3718 210 3798; x_wconf 76' lang='lat' dir='ltr'><strong>gnicione</strong></span> <span class='ocrx_word' id='word_1_360' title='bbox 249 3730 278 3778; x_wconf 86' lang='lat' dir='ltr'><strong>et</strong></span> <span class='ocrx_word' id='word_1_361' title='bbox 316 3716 481 3798; x_wconf 69' lang='lat' dir='ltr'><strong>ignorantia</strong></span> <span class='ocrx_word' id='word_1_362' title='bbox 524 3715 674 3798; x_wconf 82' lang='lat' dir='ltr'><strong>proprium</strong></span> <span class='ocrx_word' id='word_1_363' title='bbox 714 3726 743 3771; x_wconf 88' lang='lat' dir='ltr'><strong>ct</strong></span> <span class='ocrx_word' id='word_1_364' title='bbox 782 3712 911 3773; x_wconf 88' lang='lat' dir='ltr'><strong>alienum</strong></span> <span class='ocrx_word' id='word_1_365' title='bbox 952 3711 1150 3776; x_wconf 73' lang='lat' dir='ltr'><strong>discernere?</strong></span> <span class='ocrx_word' id='word_1_366' title='bbox 1182 3753 1216 3763; x_wconf 88' lang='grc'><strong>-</strong></span> <span class='ocrx_word' id='word_1_367' title='bbox 1246 3711 1312 3773; x_wconf 88' lang='lat' dir='ltr'><strong>Pro·</strong></span> 
     </span>
     <span class='ocr_line' id='line_1_37' title="bbox 76 3801 1310 3894; baseline -0.01 -16"><span class='ocrx_word' id='word_1_368' title='bbox 76 3815 140 3879; x_wconf 81' lang='lat' dir='ltr'><strong>bat.</strong></span> <span class='ocrx_word' id='word_1_369' title='bbox 171 3842 207 3855; x_wconf 83' lang='lat'><strong>·-</strong></span> <span class='ocrx_word' id='word_1_370' title='bbox 226 3815 316 3894; x_wconf 84' lang='lat' dir='ltr'><strong>Atqui</strong></span> <span class='ocrx_word' id='word_1_371' title='bbox 345 3813 480 3877; x_wconf 83' lang='lat' dir='ltr'><strong>discendi</strong></span> <span class='ocrx_word' id='word_1_372' title='bbox 509 3812 669 3875; x_wconf 91' lang='lat' dir='ltr'><strong>studiosum</strong></span> <span class='ocrx_word' id='word_1_373' title='bbox 701 3830 759 3871; x_wconf 89' lang='lat' dir='ltr'><strong>esse</strong></span> <span class='ocrx_word' id='word_1_374' title='bbox 787 3823 815 3868; x_wconf 90' lang='lat' dir='ltr'><strong>et</strong></span> <span class='ocrx_word' id='word_1_375' title='bbox 842 3801 1029 3891; x_wconf 73' lang='grc' dir='ltr'>φιλόσοφον,</span> <span class='ocrx_word' id='word_1_376' title='bbox 1072 3808 1149 3874; x_wconf 87' lang='lat' dir='ltr'><strong>idem</strong></span> <span class='ocrx_word' id='word_1_377' title='bbox 1186 3822 1236 3868; x_wconf 88' lang='lat' dir='ltr'><strong>cst.</strong></span> <span class='ocrx_word' id='word_1_378' title='bbox 1275 3847 1310 3856; x_wconf 88' lang='lat'><em>-</em></span> 
     </span>
     <span class='ocr_line' id='line_1_38' title="bbox 77 3904 1311 3985; baseline -0.01 -12"><span class='ocrx_word' id='word_1_379' title='bbox 77 3912 172 3976; x_wconf 81' lang='lat' dir='ltr'><strong>ldcm.</strong></span> <span class='ocrx_word' id='word_1_380' title='bbox 203 3935 236 3949; x_wconf 71' lang='lat'><strong>⁸·</strong></span> <span class='ocrx_word' id='word_1_381' title='bbox 264 3911 411 3976; x_wconf 75' lang='lat' dir='ltr'><strong>Audacter</strong></span> <span class='ocrx_word' id='word_1_382' title='bbox 437 3913 540 3974; x_wconf 85' lang='lat' dir='ltr'><strong>iccirco</strong></span> <span class='ocrx_word' id='word_1_383' title='bbox 567 3909 604 3970; x_wconf 90' lang='lat' dir='ltr'><strong>de</strong></span> <span class='ocrx_word' id='word_1_384' title='bbox 631 3909 747 3969; x_wconf 87' lang='lat' dir='ltr'><strong>bomine</strong></span> <span class='ocrx_word' id='word_1_385' title='bbox 773 3907 842 3968; x_wconf 89' lang='lat' dir='ltr'><strong>item</strong></span> <span class='ocrx_word' id='word_1_386' title='bbox 875 3923 1051 3985; x_wconf 89' lang='lat' dir='ltr'><strong>statuamus,</strong></span> <span class='ocrx_word' id='word_1_387' title='bbox 1080 3908 1105 3967; x_wconf 90' lang='lat' dir='ltr'><strong>si</strong></span> <span class='ocrx_word' id='word_1_388' title='bbox 1135 3927 1199 3984; x_wconf 86' lang='lat' dir='ltr'><strong>erga</strong></span> <span class='ocrx_word' id='word_1_389' title='bbox 1230 3904 1311 3963; x_wconf 86' lang='lat' dir='ltr'><strong>fami·</strong></span> 
     </span>
     <span class='ocr_line' id='line_1_39' title="bbox 70 4005 1329 4089; baseline -0.014 -14"><span class='ocrx_word' id='word_1_390' title='bbox 70 4011 170 4075; x_wconf 70' lang='lat' dir='ltr'><strong>&#39;barca</strong></span> <span class='ocrx_word' id='word_1_391' title='bbox 198 4025 227 4073; x_wconf 89' lang='lat' dir='ltr'><strong>et</strong></span> <span class='ocrx_word' id='word_1_392' title='bbox 257 4023 338 4075; x_wconf 85' lang='lat' dir='ltr'><strong>notos</strong></span> <span class='ocrx_word' id='word_1_393' title='bbox 367 4011 445 4071; x_wconf 89' lang='lat' dir='ltr'><strong>mitis</strong></span> <span class='ocrx_word' id='word_1_394' title='bbox 474 4011 591 4073; x_wconf 86' lang='lat' dir='ltr'><strong>futurus</strong></span> <span class='ocrx_word' id='word_1_395' title='bbox 617 4021 677 4083; x_wconf 91' lang='lat' dir='ltr'><strong>est,</strong></span> <span class='ocrx_word' id='word_1_396' title='bbox 709 4005 812 4065; x_wconf 70' lang='lat' dir='ltr'><strong>natura</strong></span> <span class='ocrx_word' id='word_1_397' title='bbox 838 4009 932 4087; x_wconf 88' lang='lat' dir='ltr'><strong>ipsum</strong></span> <span class='ocrx_word' id='word_1_398' title='bbox 959 4005 1164 4089; x_wconf 86' lang='lat' dir='ltr'><strong>philosophum</strong></span> <span class='ocrx_word' id='word_1_399' title='bbox 1193 4022 1252 4067; x_wconf 85' lang='lat' dir='ltr'><strong>esse</strong></span> <span class='ocrx_word' id='word_1_400' title='bbox 1283 4012 1329 4061; x_wconf 74' lang='lat' dir='ltr'><strong>et‘</strong></span> 
     </span>
    </p>
   </div>
   <div class='ocr_carea' id='block_1_3' title="bbox 83 4250 1333 4441">
    <p class='ocr_par' dir='ltr' id='par_1_4' title="bbox 83 4250 1333 4441">
     <span class='ocr_line' id='line_1_40' title="bbox 123 4250 1333 4341; baseline -0.011 -17"><span class='ocrx_word' id='word_1_401' title='bbox 123 4275 155 4340; x_wconf 87' lang='lat'><strong>1)</strong></span> <span class='ocrx_word' id='word_1_402' title='bbox 174 4272 289 4326; x_wconf 86' lang='lat' dir='ltr'><strong>Graece:</strong></span> <span class='ocrx_word' id='word_1_403' title='bbox 307 4259 402 4320; x_wconf 76' lang='grc' dir='ltr'><strong><em>ταῦτα</em></strong></span> <span class='ocrx_word' id='word_1_404' title='bbox 420 4255 456 4319; x_wconf 76' lang='grc' dir='ltr'><strong>δὲ</strong></span> <span class='ocrx_word' id='word_1_405' title='bbox 475 4250 631 4331; x_wconf 69' lang='grc' dir='ltr'>ἀδυνάτοις</span> <span class='ocrx_word' id='word_1_406' title='bbox 646 4250 728 4323; x_wconf 70' lang='lat' dir='ltr'><strong>doure.</strong></span> <span class='ocrx_word' id='word_1_407' title='bbox 749 4263 815 4314; x_wconf 86' lang='lat' dir='ltr'><strong>llaec</strong></span> <span class='ocrx_word' id='word_1_408' title='bbox 833 4270 918 4316; x_wconf 86' lang='lat' dir='ltr'><strong>autern</strong></span> <span class='ocrx_word' id='word_1_409' title='bbox 934 4270 1064 4330; x_wconf 84' lang='lat' dir='ltr'><strong>corrupta.</strong></span> <span class='ocrx_word' id='word_1_410' title='bbox 1083 4260 1223 4329; x_wconf 86' lang='lat' dir='ltr'><strong>Supplevi:</strong></span> <span class='ocrx_word' id='word_1_411' title='bbox 1242 4251 1333 4341; x_wconf 35' lang='lat' dir='ltr'><strong>ruii-⁸</strong></span> 
     </span>
     <span class='ocr_line' id='line_1_41' title="bbox 83 4347 759 4441; baseline -0.012 -19"><span class='ocrx_word' id='word_1_412' title='bbox 83 4384 124 4422; x_wconf 82' lang='grc' dir='ltr'><strong>τα</strong></span> <span class='ocrx_word' id='word_1_413' title='bbox 142 4357 179 4422; x_wconf 74' lang='grc' dir='ltr'><strong>δὲ</strong></span> <span class='ocrx_word' id='word_1_414' title='bbox 201 4352 364 4441; x_wconf 70' lang='grc' dir='ltr'>ἀμφότεροι</span> <span class='ocrx_word' id='word_1_415' title='bbox 387 4352 480 4437; x_wconf 70' lang='grc' dir='ltr'>ἔχειν,</span> <span class='ocrx_word' id='word_1_416' title='bbox 501 4347 658 4429; x_wconf 75' lang='grc' dir='ltr'>α’διινοῖτοις</span> <span class='ocrx_word' id='word_1_417' title='bbox 679 4348 759 4414; x_wconf 74' lang='grc' dir='ltr'>ἔοικε.</span> 
     </span>
    </p>
   </div>
   <div class='ocr_carea' id='block_1_4' title="bbox 0 0 1392 5048">
    <p class='ocr_par' dir='ltr' id='par_1_5' title="bbox 0 0 1392 5048">
     <span class='ocr_line' id='line_1_42' title="bbox 0 0 1392 5048; baseline 0 1"><span class='ocrx_word' id='word_1_418' title='bbox 0 0 1392 5048; x_wconf 95' lang='lat' dir='ltr'><strong> </strong></span> 
     </span>
    </p>
   </div>
  </div>
 </body>
</html>
