2774 5048
687 261 747 322 560

102 429 175 531 innoc
192 452 224 491 σι
249 423 320 492 driu
338 421 413 510 πρὸς
432 421 468 489 τό
490 419 685 508 §immor
663 450 726 510 cyri
744 427 846 508 τιμᾶν
858 429 908 491 atui
934 427 1062 508 νομίζειν
1082 423 1171 492 εἶναι·
1200 439 1334 490 virorum

102 516 228 614 optime,
257 532 424 608 dnonas,
439 541 556 590 nutura
592 535 739 618 quaedum
766 535 926 592 diuinitati
960 544 1088 615 soprato
1116 533 1168 594 ud
1185 559 1253 596 rem
1282 540 1335 596 itti

101 642 296 712 conjunctam
322 628 537 713 offimndum
556 634 773 711 colendumque
803 633 907 706 ducit,
925 654 1017 730 quum
1036 632 1116 697 Daca
1135 658 1200 695 ersa
1214 644 1332 696 curma

102 733 161 794 Sed
189 729 410 814 improborum
400 751 432 790 ιιι
430 732 630 811 j·ustorumque
648 731 798 790 homiuum
820 730 937 812 publice
956 722 1152 815 privatimque
1170 724 1331 810 successus,

39 847 43 854 '
102 833 172 913 qui,
194 830 264 890 licet
281 850 313 890 re
338 849 407 890 vera
433 828 534 889 felices
563 851 623 890 uun
650 831 727 905 siut,
754 831 842 911 vulgo
868 844 965 891 tamen
993 831 1094 891 felices
1118 832 1289 909 habentur,
1307 847 1332 892 et

101 929 281 1007 carminibus
299 929 465 1008 frequenter
484 949 516 987 ac
537 927 716 990 sermonibus
736 927 939 1004 extolluntur,
960 941 1065 988 temere
1090 929 1129 991 ad
1158 932 1351 1014 impietatem,

103 1044 132 1091 te
158 1028 345 1111 praecipitem
370 1039 479 1108 agunt:
504 1026 674 1102 ueletiam,
695 1048 760 1086 cum
789 1026 922 1086 scelestos
948 1027 1080 1089 homines
1106 1028 1210 1090 rideas
1239 1031 1279 1091 sic
1299 1029 1331 1090 ad

103 1134 277 1189 senectutem
302 1127 474 1209 pervenire,
497 1141 529 1186 ut
553 1125 629 1186 filios
654 1139 739 1206 atque
763 1138 880 1207 nepotes
905 1127 1037 1186 maximis
1055 1125 1265 1190 condecoratus
1282 1130 1331 1190 ho-

103 1226 224 1288 nuribus
249 1225 435 1306 relinquant,
464 1245 601 1307 perquam
628 1223 763 1286 turbaris.
804 1226 955 1305 Propterea
984 1246 1050 1286 cum
1069 1227 1144 1288 Deus
1164 1227 1273 1286 harum
1290 1249 1331 1286 re-

30 1390 34 1399 ,
103 1346 167 1386 rum
185 1310 314 1386 auctores
332 1345 412 1400 esse,
430 1332 548 1407 propter
563 1325 654 1407 ipsam
672 1345 738 1383 cum
757 1322 820 1383 illis
836 1325 1052 1405 cognationem,
1074 1327 1231 1400 incusare,
1251 1327 1329 1406 inque

104 1444 152 1486 eos
179 1444 298 1506 peccare
327 1424 422 1499 nolis,
448 1423 506 1483 huc
535 1423 653 1483 taudem
678 1421 813 1503 delapsus
838 1442 886 1499 es,
917 1437 967 1499 ut,
997 1423 1067 1484 licet
1085 1425 1161 1484 Deos
1180 1444 1244 1484 esse
1260 1425 1329 1484 arbi-

104 1537 199 1598 trere,
220 1521 360 1583 humanas
379 1537 475 1582 tamen
496 1543 540 1582 res
558 1522 595 1581 ab
614 1523 675 1582 illis
694 1521 804 1604 negligi
825 1520 934 1584 credas.
975 1524 1018 1583 Ne
1036 1523 1126 1604 igitur
1146 1521 1222 1582 haec
1241 1525 1329 1605 opinio

105 1619 143 1680 ad
167 1620 326 1700 graviorem
354 1634 381 1680 te
409 1620 497 1681 ducat
521 1621 678 1702 impietatis
697 1620 847 1697 morbum,
868 1622 1040 1697 remedium,
1061 1642 1114 1702 pro
1134 1620 1253 1682 viribus
1276 1622 1330 1703 opi·
1354 1606 1357 1615 Δ

106 1719 222 1778 nionem
241 1717 317 1780 lianc
340 1720 499 1779 refutantes
508 1705 527 1795 ,⁸
537 1718 735 1780 adhibeamus.
745 1745 759 1776 n
781 1718 810 1802 l)

98 1810 102 1817 ’
145 1816 302 1879 Proficcre'
320 1839 356 1878 ex
388 1819 435 1880 his
466 1819 595 1880 Plltouis
633 1820 704 1880 locis
739 1819 827 1880 Stoici
866 1818 1046 1892 debuerant,
1078 1838 1170 1897 quum
1203 1816 1330 1878 adversus

104 1917 261 1998 Epicureos
288 1921 460 1980 sententiam
484 1939 564 1979 suam
588 1914 625 1980 de
644 1920 709 1980 Diis
728 1938 883 1998 eurumque
901 1914 1086 1998 providentia
1107 1928 1329 1997 propugnarent

105 2013 268 2082 Humanius
288 2035 356 2074 sane
382 2029 410 2075 et
435 2018 564 2098 profecto
582 2019 686 2096 majore
706 2039 770 2078 cum
790 2016 973 2099 persuasione
992 2013 1147 2075 dixissent.
1195 2016 1257 2074 Nec
1273 2035 1328 2075 tero

104 2112 205 2189 Plato,
226 2114 340 2193 quod*
331 2135 422 2195 ipsam
449 2116 553 2176 attinet
570 2117 611 2175 rei
630 2116 919 2192 demonstrationem,
939 2115 1063 2188 minure,
1084 2134 1175 2192 quam
1192 2114 1259 2190 illi,
1274 2113 1322 2172 dis·

105 2214 230 2294 putandi
258 2211 412 2308 diligentia
440 2235 508 2273 usus
535 2217 587 2274 eit.
636 2215 810 2276 Praeivit'’
790 2237 826 2274 us
853 2214 1008 2296 optimam,
1037 2233 1122 2292 quam
1149 2224 1321 2320 sequerentur

105 2332 137 2372 ac
165 2325 318 2386 tenerent,
347 2313 434 2372 viam.
475 2312 522 2371 Sic
552 2311 631 2394 apud
658 2333 723 2372 eum
749 2334 834 2396 porro
863 2313 981 2394 hospes
991 2310 1061 2386 ille,
1083 2311 1171 2405 vel
1162 2306 1230 2394 rps'e
1248 2310 1329 2394 potius

105 2431 205 2470 senex.
251 2410 336 2468 «Non
369 2411 424 2470 erit
449 2411 546 2471 forsan
575 2409 698 2471 difficile
722 2412 936 2487 demonstrare,
956 2412 1031 2472 Deos
1056 2397 1116 2469 nori
1137 2413 1242 2470 minus
1258 2409 1332 2468 mini·

109 2529 218 2567 marum
242 2528 357 2584 rerum,
376 2528 461 2588 quam
487 2510 695 2587 maximarum,
716 2531 814 2570 curam
840 2509 956 2570 habere.
999 2515 1075 2591 Age,
1098 2529 1203 2568 nonne
1232 2523 1335 2589 tempe-

107 2621 216 2667 rantem
242 2628 301 2668 esse
326 2628 357 2667 ac
383 2608 559 2689 sapientem,
580 2610 682 2668 virtuti
708 2610 865 2684 tribuitur,
886 2609 1063 2668 contrarium
1089 2627 1161 2667 vero
1190 2607 1291 2667 vitio?
1307 2631 1335 2641 -

107 2709 199 2785 (iqrte.
226 2749 245 2759 -.
289 2706 392 2783 Quid?
422 2727 520 2767 nonne
550 2707 690 2768 fortitudo
713 2709 798 2767 etiam
826 2706 965 2767 tribuitur
993 2707 1115 2780 virtuti,
1147 2706 1269 2786 ignavia
1295 2706 1334 2764 vi-

107 2788 172 2867 tiisl
190 2835 206 2845 -
243 2806 379 2882 Quidni?
400 2850 435 2859 -
453 2805 499 2866 Ex
518 2807 554 2865 iis
574 2806 644 2865 haec
665 2807 778 2888 turpia,
808 2806 859 2875 illa
885 2805 1100 2866 verohonestn
1126 2803 1294 2864 dicuntur?
1307 2843 1333 2852 -

108 2906 261 2967 Dicuntur.
281 2945 317 2957 -
334 2903 401 2965 Kat-
419 2904 480 2965 τῶν
499 2900 555 2983 μὲν
576 2900 732 2986 προσήκειν
752 2899 838 2987 ήμῒν,
859 2901 951 2984 εἴπερ,
974 2897 1073 2965 ὁπόσα
1094 2904 1236 2985 φλαῦροι·
1260 2902 1335 2974 θεοῖς

109 2999 145 3064 δὲ
176 2999 241 3066 οὔτε
266 3001 349 3088 Ιμέγα
380 3001 446 3068 οὔτε
468 3001 591 3093 σμικρὸν
611 3002 833 3070 τῶντοιούτων
858 2999 950 3086 μετόν
969 3005 1113 3090 ἐροῦμινς
1147 3021 1178 3068 et
1204 3029 1282 3087 quae
1306 3014 1332 3064 in

109 3108 158 3166 hir
184 3115 261 3168 vitiu
290 3120 380 3185 sunt,
409 3113 491 3170 nodis
519 3119 614 3170 ιἰιιιιι
635 3131 718 3189 posse
729 3134 742 3182 ,¹
763 3109 842 3171 Deos
863 3134 930 3170 vcro
948 3134 1049 3170 aarum
1065 3122 1241 3191 participes
1260 3113 1333 3171 nullo

109 3209 191 3266 modo
210 3209 365 3268 dicemur?
385 3240 420 3252 -
437 3209 475 3268 Et
491 3209 560 3269 haec
578 3210 675 3289 quivis
692 3210 874 3270 concesserit.
892 3243 927 3253 -
945 3211 1091 3291 Numquid
1112 3213 1331 3293 negligentiam,

109 3305 250 3367 desidiam
261 3354 270 3382 ,
291 3306 429 3382 delicias,
451 3308 540 3367 animi
561 3310 697 3369 virtutem
722 3308 906 3389 putabimus,
927 3331 964 3369 an
988 3311 1191 3371 contrarium?
1209 3351 1248 3361 -
1265 3312 1331 3371 Con-

110 3407 239 3466 trarium.
266 3449 299 3459 -
319 3392 383 3482 ,Qui
414 3407 546 3482 deliciis,
581 3406 772 3490 negligentiae
807 3407 990 3488 desidiaeque
1021 3407 1137 3468 deditus
1165 3423 1229 3483 cst,
1259 3427 1329 3490 quem

110 3511 191 3587 poita
221 3507 334 3586 ignavis
362 3507 484 3566 maxime
513 3506 587 3566 fucis
617 3504 740 3565 similem
774 3507 930 3567 rectissime
960 3507 1051 3582 dicit,
1087 3505 1119 3587 2)
1147 3528 1251 3567 nonne
1276 3499 1331 3567 odii

111 3601 195 3663 nohis
212 3604 388 3669 habendus?
419 3634 453 3645 -
482 3597 618 3671 O'mnino.
645 3635 679 3645 -
701 3599 815 3666 Οὕιιοῦν
838 3598 893 3666 τόν
918 3628 949 3687 γε
978 3598 1053 3668 uario
1079 3601 1114 3668 uri
1135 3602 1245 3690 ῥητέον
1266 3602 1333 3688 ἔχειν

111 3701 191 3788 ἦθος
217 3694 398 3771 τοιοῦτονὸ
423 3705 459 3791 γέ
482 3733 527 3771 τοι
554 3699 646 3784 οὗτος
675 3711 768 3789 μισεῖ·
798 3706 843 3795 τῷ
870 3704 905 3770 τὲ
933 3733 961 3772 τι
987 3708 1119 3771 τοιοῦτον
1147 3705 1334 3794 φθέγγεσθαι

110 3805 282 3896 πειρωμένῳ
306 3807 358 3874 οὐκ
379 3807 577 3895 ἐπιτρεπτέον·
601 3837 658 3873 non
685 3837 754 3896 argo
781 3815 923 3872 dicandus
951 3811 1036 3872 Deus
1063 3815 1141 3892 talea
1168 3837 1266 3874 morea
1289 3815 1333 3870 Ιιο·

111 3917 196 3990 bere,
225 3937 296 3995 quus
312 3916 389 3993 ipre.
413 3918 494 3975 odit:
524 3939 576 3975 nec
603 3914 816 3975 concedendum
844 3914 903 3970 ulto·
928 3922 972 3971 ert
997 3919 1044 3970 itu
1073 3913 1183 3972 dicero.
1201 3946 1239 3957 -
1255 3909 1335 3972 Nullo

113 4013 207 4075 modu.
225 4047 260 4058 -
276 4015 381 4095 Porro,
402 4013 480 4094 quod
505 4037 601 4074 rerum
620 4015 805 4073 minimarum
823 4031 921 4071 curam
949 4010 1072 4086 attinet,
1093 4011 1115 4068 si
1136 4012 1186 4070 cui
1206 4029 1336 4092 maguum

112 4111 258 4192 negotium
291 4111 500 4194 perficiendum
529 4125 586 4187 cst,
617 4113 642 4171 is
680 4132 749 4172 veru
773 4110 898 4170 maxima
933 4127 1062 4188 quaeque
1089 4123 1191 4185 curat,
1223 4110 1335 4170 minima

150 4378 1067 4452 1)οο1ιιρρ..Χ8991).-9000.·

149 4463 176 4528 2)
195 4466 300 4520 llesiod.
315 4469 360 4536 Op.
375 4471 472 4520 ιιιιιιι.
487 4486 526 4522 rs.
542 4466 659 4520 300.οῐ
675 4465 776 4519 Ruhnk.
788 4465 823 4518 ud
840 4465 899 4518 Tim.
913 4481 939 4534 p.
952 4463 1009 4518 157.
