2796 5048
674 239 734 299 308
811 286 815 291 .

87 402 258 466 excursibus
284 402 450 482 perficiunt.
500 391 743 480 Ὁμηρικώτατος
774 402 861 481 vulgo
888 399 1052 461 Herodotus
1085 403 1235 483 dicitur,
1270 430 1324 486 non

85 504 240 566 verborum
267 502 365 559 caussa
382 498 563 579 quorundam
583 515 633 561 aut
661 500 842 573 dictionum,
863 519 936 579 quae
965 501 1076 579 pariter
1104 502 1193 584 apud
1220 507 1325 587 princi-

85 622 150 683 pem
175 600 253 658 hunc
277 599 458 678 reperiantur
485 605 633 678 poitarum
644 643 652 673 ‚
675 619 727 657 nec
749 619 818 660 vero
837 610 955 679 propter
974 597 1182 679 episodiorum
1200 606 1325 663 unieret

83 699 311 776 colloquiorum,
332 716 404 774 quae
424 694 503 777 apud
521 710 674 776 utrumque
697 708 811 755 exstent
822 741 830 770 ,
851 695 1043 773 frequentiam
1054 720 1063 772 ;
1093 698 1149 757 sed
1182 714 1325 780 propterea

83 796 256 876 p'raecipue,
277 793 354 873 quod
374 806 432 852 tam
453 794 608 869 historiae,
629 815 713 873 quam
736 801 856 874 poeseos¹
877 814 981 875 parens
1007 795 1199 874 analyticam
1220 812 1326 857 secutus

83 894 243 966 rationem,
264 891 411 949 inmedias
426 912 479 950 nos
498 911 543 949 res
561 894 639 972 rapit
660 893 802 951 continuo
812 937 820 965 ,
841 905 903 949 tum
922 904 1062 950 monstrat
1079 893 1173 959 nobis
1193 908 1224 953 et
1241 896 1322 976 expli·

84 1004 130 1048 cat
158 990 271 1068 singula
299 988 470 1048 identidem.
522 991 650 1069 Uterque
667 989 705 1048 ab
731 988 854 1049 exordio
873 988 944 1048 inde
964 991 1074 1048 excitat
1104 991 1140 1049 in
1171 992 1262 1053 nobis
1287 994 1324 1051 in·

18 1072 23 1091 ³
82 1087 218 1164 quirendi
238 1085 383 1145 studium:
405 1088 517 1163 quaerit
533 1088 675 1147 continuo
700 1108 812 1146 caussas
830 1106 926 1144 rerum
936 1132 945 1161 ,
967 1100 999 1145 ut
1017 1087 1108 1148 initio
1129 1090 1296 1149 Homerus:
1347 1096 1353 1105 '

277 1181 333 1256 Τίς
352 1178 379 1243 τ’
400 1177 438 1264 dp
461 1184 544 1263 σφῶε
565 1184 650 1245 θεῶν
671 1178 747 1266 ἔριδι
770 1178 887 1264 ξυνέηκε
909 1177 1084 1263 adlaudat,
1104 1188 1137 1269 l)

82 1288 147 1346 Pari
174 1286 341 1365 quaestione
370 1286 533 1345 Herodotus
553 1286 677 1346 Graecos
693 1286 777 1344 nohis
796 1285 990 1363 barbarosque
1007 1285 1248 1350 considerandos
1266 1310 1323 1371 pro·

78 1385 179 1465 ponit,
199 1397 231 1440 ut
248 1382 376 1463 explicet
390 1384 474 1441 nobis
493 1383 648 1464 deinceps,
668 1383 748 1463 quod
766 1384 889 1443 maxime
909 1384 1037 1443 facturus
1055 1399 1102 1444 est
1112 1431 1121 1459 ,
1140 1384 1326 1448 bellaPersi-

82 1503 125 1541 ca,
147 1478 179 1560 2)
209 1481 366 1559 Paedagogi
388 1492 507 1558 uterque
527 1481 618 1540 instar
637 1482 716 1562 apud
743 1481 934 1562 Euripidem,
956 1494 989 1539 ut
1016 1480 1171 1558 vidimus,
1194 1506 1263 1545 eum
1280 1506 1326 1545 noa

82 1580 115 1637 in
134 1579 229 1637 locum
249 1577 368 1652 educit,
390 1576 469 1636 unde
489 1592 648 1659 spectemus
665 1579 722 1659 ipsi
749 1579 845 1638 omnia
858 1578 953 1653 :‘'vel,
975 1591 1007 1637 ut
1028 1581 1110 1660 apud
1139 1583 1244 1662 ipsum
1269 1585 1325 1643 llo-

80 1696 191 1734 merum
209 1675 340 1749 Helena,
359 1677 471 1734 Priamo
488 1676 663 1754 senibusque
684 1677 819 1755 Trojanis
848 1677 880 1734 in
902 1676 1053 1735 moenibus
1083 1677 1245 1755 assidens,
1271 1702 1324 1762 spe

82 1772 229 1832 ctantihus
250 1773 310 1832 illis
335 1773 447 1832 indicat
475 1773 590 1853 singula
616 1787 645 1832 et
676 1786 809 1832 enarrat:
838 1774 879 1831 sic
910 1773 997 1853 plane
1028 1774 1204 1835 Herodotus
1234 1777 1323 1837 orben

82 1871 167 1930 nobis
193 1886 334 1930 terrarum
363 1872 474 1952 aperit,
504 1886 535 1930 ut
566 1894 581 1931 e
610 1871 732 1931 Graecia
765 1890 816 1929 nos
848 1871 880 1929 in
910 1891 1010 1929 omnes
1035 1884 1154 1950 partes,
1178 1875 1216 1934 in
1233 1895 1323 1936 omnes

80 1968 203 2049 populos
229 1969 435 2049 dispicientes,
457 1969 632 2029 Graecorum
651 1968 731 2028 bella
761 1988 827 2026 cum
844 1966 976 2026 barbaris
986 2012 996 2042 ,
1016 1970 1199 2048 praesertim
1218 1973 1322 2032 Persica

81 2067 318 2146 contemplemur.

121 2165 245 2222 Naturae
266 2162 337 2221 haec
357 2164 429 2222 ratio
445 2177 637 2223 consentanea
656 2177 717 2237 cst,
738 2166 897 2243 analytica
923 2177 965 2222 est
993 2162 1065 2239 illa,
1085 2184 1182 2243 qnam
1202 2187 1219 2226 e
1239 2167 1320 2227 diale-

82 2262 172 2319 cticae
191 2261 357 2319 Platonicae
378 2261 533 2340 principiis
554 2260 701 2320 declarare
722 2262 913 2321 instituimus,
955 2261 1026 2318 Nam
1045 2273 1079 2319 ut
1098 2261 1160 2321 huc
1185 2286 1243 2324 nos
1260 2264 1320 2325 edu·

82 2358 127 2415 xit
146 2357 182 2414 ab
203 2358 290 2415 initio
308 2357 490 2432 Herodotus,
511 2358 550 2416 ad
568 2358 698 2438 gentium
723 2380 775 2418 nos
798 2357 936 2439 deinceps
954 2357 1127 2437 singulatim
1146 2381 1214 2437 res,
1236 2361 1320 2443 Lydo·

83 2475 162 2528 rum,
183 2456 352 2529 Persarum,
374 2456 601 2535 Aegyptiorum,
627 2457 751 2515 maxime
770 2456 965 2530 Graecorum,
985 2458 1109 2534 quorum
1129 2460 1240 2519 caussa
1259 2461 1319 2519 haec

80 2552 280 2631 exquirimus,
302 2551 339 2611 ad
360 2551 462 2611 horum
483 2553 612 2612 omnium
632 2553 721 2633 igitur
739 2574 783 2612 rcs
807 2554 975 2633 singulatim
994 2553 1197 2634 universeque
1221 2580 1318 2638 cogno-

42 2720 50 2733 ἱ
82 2648 202 2710 scendas
228 2663 351 2709 attentos
380 2651 467 2727 facit3
491 2672 543 2710 nos
561 2664 657 2710 autem
683 2651 819 2710 lubenter
838 2651 910 2711 haec
939 2672 997 2709 una
1024 2672 1090 2709 cum
1118 2651 1202 2712 duce
1232 2670 1319 2715 nostro

81 2750 251 2808 suavissimo
280 2750 456 2827 inquirimus
485 2762 514 2807 et
527 2750 776 2841 „pprvestigamus
828 2748 982 2808 Abhorret.
1003 2748 1074 2807 haec
1104 2750 1226 2831 epica,
1255 2772 1318 2833 quae

82 2858 218 2920 vocatur,
247 2845 385 2905 historiae
408 2847 498 2905 forma
513 2842 537 2929 ‘p'
552 2842 732 2905 caeterorum
755 2845 957 2905 historicorum
984 2846 1114 2904 ratione:
1145 2870 1315 2929 quamquam

81 2944 183 3021 optimi
202 2944 309 3022 quique
329 2944 472 3024 permulta
490 2942 579 3018 inde,
600 2945 697 3024 prouti
723 2945 907 3018 monuimus,
928 2957 961 3002 ut
983 2943 1133 3025 episodia,
1157 2968 1315 3019 sermones,

80 3041 243 3114 orationes,
264 3039 483 3120 disquisitiones
511 3055 716 3121 susceperunt;
739 3041 790 3101 sed
808 3042 899 3099 forma
924 3054 1020 3100 tamen
1038 3054 1177 3122 tqtusque
1207 3044 1314 3104 habitat

81 3135 118 3194 ab
139 3135 282 3196 hodierno
301 3159 354 3197 usu
375 3138 526 3198 abhorret:
547 3160 605 3217 quo
622 3138 742 3212 accidit,
765 3151 797 3196 ut
816 3140 959 3197 mirentur
978 3139 1037 3235 ¹fere
1055 3138 1214 3216 homines,
1235 3162 1313 3223 quun

18 3253 20 3257 ·
81 3235 208 3313 primum
226 3235 263 3293 ad
284 3235 437 3314 legendum
467 3234 646 3296 Herodotum
667 3249 857 3296 accesserunt.
881 3245 884 3250 '
907 3236 1065 3310 Nesciunt,
1092 3237 1165 3316 quo}
1187 3250 1311 3320 spectent

80 3352 153 3409 quae
174 3332 211 3391 de
232 3333 334 3392 Croeso
353 3333 556 3413 Lydorumque
575 3333 710 3412 regibus,
732 3332 769 3392 de
789 3335 864 3414 Cyro
886 3348 914 3393 et
935 3335 1073 3414 cambyse
1093 3336 1215 3417 copiose
1232 3358 1308 3397 enar·

82 3444 193 3490 rantur.
236 3431 316 3490 Idem
336 3433 434 3491 evenit
455 3433 508 3506 iis,
529 3431 579 3511 qui
603 3431 696 3511 legere
726 3431 875 3490 Platonem
900 3432 1067 3512 incipiunt:
1098 3435 1215 3513 pariter
1239 3436 1270 3496 hi
1288 3446 1311 3492 et

82 3530 171 3606 magis
189 3529 275 3587 etiam
293 3530 445 3605 mirantur.
464 3531 536 3589 Nam
545 3576 554 3605 ,
575 3530 617 3588 uti
637 3529 691 3588 hoc
717 3530 777 3587 fere
795 3530 916 3609 exigunt
941 3550 957 3587 a
978 3530 1176 3611 philosopho,
1205 3548 1241 3593 ut
1259 3532 1310 3614 pla·

82 3625 139 3683 cita
159 3626 311 3704 probando
331 3624 611 3706 demonstrandoque
639 3628 692 3685 sibi
724 3640 851 3707 exponat
880 3640 908 3684 ct
937 3627 1131 3707 persuadeat,
1153 3642 1310 3709 quaerunt,

83 3721 156 3798 quid
184 3722 319 3803 platanus
341 3725 392 3782 illa
409 3725 441 3783 in
457 3724 605 3800 Phaedro,
624 3724 697 3803 quid
714 3726 834 3798 llissus,
856 3725 929 3803 quid
947 3725 1108 3804 Agathonis
1129 3730 1310 3800 convivium,

83 3818 155 3895 quid
178 3839 319 3880 sermones
341 3821 387 3880 illi
408 3822 532 3881 Phaedri
548 3844 613 3883 cum
628 3823 744 3882 Socrate
762 3821 799 3880 dc
815 3823 919 3902 Lysia,
938 3821 975 3881 de
997 3823 1158 3897 amore,de
1178 3827 1311 3904 eloquen-

81 3918 141 3975 tia:
163 3916 235 3996 quid
253 3939 297 3977 res
316 3920 435 3980 omnino
453 3934 571 3995 tenues,
594 3936 670 3980 certe
694 3942 754 3979 non
774 3921 907 3999 proxime
929 3919 965 3978 ad
993 3919 1216 4001 philosophiam
1235 3923 1311 4006 perti·

81 4030 201 4091 nentes,
223 4037 287 4075 cum
308 4017 509 4099 philosophiae
528 4022 668 4098 gravitate
688 4038 838 4076 commune
857 4017 1002 4077 habeant:
1034 4017 1084 4076 sed
1094 4016 1203 4078 'iidem
1214 4067 1223 4096 ,
1243 4034 1313 4102 post-

81 4134 166 4192 quam
187 4115 248 4175 sive
268 4115 447 4175 Herodotum
466 4117 528 4179 sive
549 4116 699 4177 Platonem
721 4128 831 4192 totum,
853 4138 907 4176 nec
927 4137 994 4177 vero
1013 4116 1121 4192 semel,
1143 4117 1200 4179 sed
1219 4120 1314 4180 iterun

116 4315 387 4393 1wmdms

114 4422 140 4486 2)
160 4424 255 4475 Herod,
277 4426 387 4478 Proctm.
