2796 5048
703 233 759 295 391

96 387 184 469 quid
201 410 261 455 uon
279 391 336 464 sit,
356 385 482 464 vider,
509 392 608 468 inqui
629 389 714 459 nobis
733 393 772 452 ad
798 394 947 459 scientiam
977 394 1184 475 assequendam
1211 399 1349 463 momenti

96 489 184 569 erit,
208 502 239 551 ot
261 507 442 553 secernamus
470 485 509 555 eh
530 508 563 549 ea
596 489 755 566 continuo,
786 513 858 570 quoe
886 492 964 559 soleo¹
980 494 1034 561 hoo
1065 494 1213 574 praeclaro
1233 498 1350 561 nomine

98 585 264 646 dicuntur.
295 583 353 643 Sed
373 584 427 643 hac
447 582 485 644 de
506 605 536 643 re
556 599 672 666 postea:
703 611 801 663 nunc,
832 590 912 668 quod
933 592 1018 652 nobis
1038 593 1203 674 proximum
1223 607 1285 670 est,
1304 597 1347 675 ip·

96 705 155 751 sae
182 682 378 764 sophistarum
406 703 439 741 ao
469 683 630 759 priscorum
656 684 895 769 pbilosophorum
924 691 962 757 de
990 691 1128 772 opinione
1157 693 1348 757 onnnnase

97 782 242 849 Platonis
260 780 414 848 Theaeteto
434 782 620 862 proferamus.

488 976 756 1059 Protagorae
782 985 988 1058 effatum:

336 1084 504 1152 ἁπάντων
528 1087 732 1175 χρημάτων
756 1090 896 1179 μέτρον
922 1091 1134 1183 ἅνθρωπος.

147 1309 415 1377 aletratisoinun
444 1311 559 1378 inillis
587 1313 741 1378 sententiis
762 1313 816 1382 hoo
846 1317 1013 1397 Protagorae
1044 1319 1159 1381 etatum
1184 1329 1246 1391 est,
1266 1315 1345 1394 quod

97 1409 324 1477 nocentissimo
342 1408 475 1488 exposuit
493 1409 584 1477 Plato.
627 1412 699 1477 Nan
719 1411 770 1478 ubi
791 1413 983 1496 interrogatus
1001 1415 1082 1498 opud
1103 1413 1347 1479 eumdesoientio

100 1506 303 1582 Theaetetus,
323 1500 481 1593 αἶ’ςῖθησιν,
506 1528 644 1584 coneum,
665 1529 727 1575 eem
746 1531 807 1577 esse
827 1511 926 1589 dixit,
952 1513 1083 1579 Socrates
1107 1512 1352 1595 «viderimus,

99 1605 227 1686 inquit,
246 1608 420 1672 sententiam
438 1606 475 1672 de
492 1606 613 1671 scientie
631 1606 711 1666 haud
733 1608 874 1687 abjectant
892 1613 1052 1690 excitasse,
1073 1611 1349 1690 tedoettdentquem

101 1707 276 1784 Protagoras
292 1703 390 1771 dixin
411 1726 584 1785 quemquem
605 1704 657 1769 ille
683 1705 743 1767 alit
759 1706 883 1785 quadarn
904 1711 1014 1773 ratione
1024 1711 1243 1792 pronunciavit.
1265 1709 1349 1774 Dixit

98 1806 208 1881 enim,
229 1796 349 1871 uniretur
379 1796 548 1890 χρημάτων
571 1797 682 1886 μέτρον
708 1797 872 1886 ἄνθρωπον
898 1801 984 1869 εἶναι·
1010 1808 1072 1871 τῶν
1099 1803 1156 1887 μὲν
1178 1800 1287 1882 ὄντων,
1309 1799 1353 1879 αἶς

103 1898 181 1969 ἔστι·
201 1900 262 1969 reio
283 1902 320 1973 δὲ
339 1899 386 1989 μή
407 1897 516 1981 lotor,
538 1899 581 1979 (ἇς
600 1900 656 1974 ode
676 1901 770 1973 ἔστιν·
793 1893 927 1975 omnium
947 1933 1054 1977 rerum
1072 1932 1248 1975 mouturam
1256 1911 1349 1971 lomi-

104 2029 178 2067 nom
197 2028 278 2085 ecee,
306 2030 431 2084 tornat,
457 2030 536 2087 qnae
563 2018 656 2084 tonat,
684 2020 719 2074 ot
740 2016 821 2084 tint,
847 2030 924 2087 queo
944 2019 1112 2086 nunaunt,
1133 2019 1244 2069 utnon
1264 2015 1348 2067 sint:

66 2141 69 2148 ·
105 2104 244 2186 legistine
272 2105 458 2186 eliquamini
478 2138 510 2149 -·
533 2106 571 2167 Et
589 2107 705 2187 saepius
735 2105 855 2186 quidem
876 2090 943 2186 legi.
965 2141 999 2157 -ν-
1019 2108 1124 2167 Nonne
1148 2108 1190 2169 sir
1211 2106 1271 2165 iere
1290 2106 1350 2166 ait:

103 2194 152 2281 uie
171 2193 221 2265 οἶα
240 2199 298 2283 μὲν
324 2200 433 2265 ἕκαστα
459 2201 530 2283 ,ἐμοὶ
554 2200 702 2285 φαίνεται,
729 2205 852 2269 τοιαῦτα
877 2199 933 2284 μέν
952 2203 1031 2267 ἐστιν
1056 2202 1138 2284 ἐμοὶ·
1161 2195 1211 2265 οἶα
1233 2197 1270 2263 δὲ
1291 2201 1354 2276 oui,

108 2301 237 2365 τοιαῦτα
257 2297 299 2366 nei
318 2303 378 2367 σοὶ·
396 2300 704 2388 indenuntiata
717 2297 818 2393 eqiyii;
840 2311 945 2388 qualia
964 2310 1088 2390 singulo
1103 2309 1180 2369 mibi
1189 2305 1352 2393 uidentur,

110 2407 193 2466 talin
206 2394 291 2466 'mile‘
309 2419 404 2468 eunt:
434 2411 539 2485 qualia
560 2432 628 2469 vero
649 2413 706 2468 tete
717 2454 726 2485 ,
756 2411 836 2469 tolia
859 2413 915 2469 tili
934 2429 1067 2469 rursus:
1094 2411 1228 2466 tamenn
1249 2412 1352 2462 eutem

84 2507 194 2587 'ambo
214 2508 344 2566 eumue?
361 2550 393 2561 -.
412 2508 506 2568 Venor
528 2508 569 2566 sie
587 2508 636 2571 eit.
658 2533 693 2542 -
712 2507 865 2569 Probabile
886 2520 981 2566 eutem
1000 2519 1061 2581 est,
1076 2506 1236 2586 sapientem
1257 2503 1353 2563 virum

106 2624 170 2662 non
192 2606 314 2684 nugaris
332 2606 472 2686 quoeirea
492 2626 643 2684 sequemur
663 2604 760 2665 illum.
791 2606 896 2664 Nonne
913 2585 1137 2684 saepenumero,
1154 2616 1242 2664 vento
1263 2599 1351 2657 flante

106 2699 210 2761 ωάοω
219 2748 230 2779 ,
248 2704 326 2764 alius
347 2719 477 2765 nostrum
498 2704 590 2784 riget,
611 2703 687 2763 alius
707 2703 852 2762 minime?
873 2701 949 2759 elius
970 2701 1041 2758 item
1053 2699 1177 2772 leniter,
1190 2696 1351 2759 vehemen-

106 2813 153 2859 ter
172 2821 241 2861 vero
271 2803 370 2865 alius?
391 2839 427 2853 η-
446 2801 550 2862 Procul
572 2801 673 2862 dubio.
694 2826 737 2859 -.
750 2803 855 2862 Utrum
875 2800 965 2880 igitur
982 2811 1113 2858 'ventum
1133 2798 1229 2878 ipsum
1249 2817 1302 2877 per
1322 2821 1351 2858 se

106 2911 137 2958 et
155 2898 296 2979 frigidum
315 2921 376 2963 esse
395 2914 423 2960 et
451 2922 511 2962 non
540 2899 681 2980 frigidum
701 2900 849 2973 dicemus,
869 2921 906 2957 an
929 2899 1098 2976 Protagorae
1115 2894 1203 2955 fidem
1223 2893 1349 2955 habebi-

106 3017 172 3056 nut
194 2996 323 3074 dicenti,
344 3000 450 3079 rigenti
471 3018 536 3057 eum
557 2996 697 3078 frigidum
719 3019 796 3072 esse,
827 3019 887 3056 non
913 2995 1019 3076 rigenti
1041 3015 1102 3053 non
1131 2991 1296 3073 frigidum?
1314 3036 1348 3045 .-

105 3093 157 3153 sic
179 3095 305 3159 videtur.
327 3096 531 3177 ...Numquid
565 3099 605 3156 ita
626 3098 741 3175 utrique
769 3092 903 3177 φαίνεται
910 3117 920 3169 ;
941 3141 974 3151 -
995 3095 1039 3153 Ita
1060 3092 1190 3152 omnino.
1211 3121 1247 3131 -
1267 3088 1347 3151 Φαί-
1391 3123 1394 3128 -

106 3213 187 3253 vetos
204 3209 299 3255 eutem
319 3195 397 3254 illud
408 3188 612 3259 αἰσθάνεσθαι
629 3198 695 3256 esti
716 3227 751 3239 -··
771 3199 832 3260 Est.
855 3230 887 3241 -
910 3189 1064 3257 (beornuino
1082 3192 1171 3273 igitur
1188 3205 1217 3250 et
1234 3187 1349 3275 αἴσθη-

105 3312 154 3368 σις
173 3299 208 3356 in
228 3294 332 3355 calidis
355 3297 547 3379 omnibusque
577 3296 779 3376 hujuscemodi
812 3301 935 3380 negotiis
966 3296 1044 3356 idem
1064 3304 1124 3355 est:
1151 3290 1249 3368 qualia
1270 3295 1347 3353 enirn

68 3426 71 3431 ·
105 3396 199 3459 sentit
215 3395 338 3474 quisque
349 3440 358 3470 ,
380 3397 452 3455 talia
472 3399 577 3478 cuique
598 3396 739 3458 videntur
764 3417 833 3459 esse.
857 3429 887 3439 -
909 3397 1045 3458 Omnino.
1066 3434 1102 3446 -
1122 3384 1281 3470 Αἴσθησις
1295 3395 1346 3473 igi·

104 3507 157 3554 tur
177 3512 290 3574 seneper
307 3495 372 3572 ejus
392 3509 452 3572 est,
473 3495 551 3574 quod
570 3504 630 3568 eet,
652 3513 706 3551 neo
727 3494 800 3553 laisa
820 3508 880 3569 est,
902 3496 1232 3575 quippequeeeotantio
1249 3504 1345 3550 est.-

106 3593 246 3673 Apparet.
266 3621 302 3633 -
321 3594 443 3668 Nonne,
465 3615 517 3675 per
536 3593 671 3667 Gratias,
694 3590 823 3652 virorum
839 3591 1066 3674 sapientissimus
1085 3589 1251 3668 Protagoras
1267 3605 1328 3650 erat
1338 3636 1348 3667 ,

106 3703 136 3750 et
156 3689 229 3748 leaeo
250 3691 353 3766 nobie,
371 3689 411 3750 de
432 3690 518 3772 plebe
539 3691 743 3767 homunculis,
763 3691 885 3750 obscure
906 3685 1346 3770 significavit,diseipulisvero

104 3790 142 3848 in
161 3807 268 3848 ameno
289 3791 438 3850 veritatem
463 3791 601 3871 aperuit?
619 3835 653 3847 -
674 3791 739 3864 Quo
759 3788 791 3848 id
812 3803 916 3870 paeto,
936 3811 954 3848 o
973 3787 1122 3861 Socrates,
1145 3786 1211 3848 ais?
1232 3813 1266 3823 ·-
1287 3789 1342 3846 Di-

105 3906 191 3962 cam,
212 3907 266 3946 nec
296 3887 510 3947 contemnenda
538 3909 607 3948 sane
638 3887 783 3947 sententia
812 3901 872 3946 est:
904 3886 981 3947 nihil
1011 3887 1105 3968 ipsum
1126 3909 1178 3970 per
1199 3907 1227 3946 se
1248 3906 1344 3943 unum

106 4004 169 4045 esse
187 4005 241 4044 nee
261 4000 337 4045 reete
356 3986 499 4067 appellaui
520 3989 594 4065 quid
603 4032 612 4062 ,
632 4000 681 4044 ant
699 3988 787 4064 quale
797 4007 813 4056 ;
840 3985 910 4062 sed,
932 3986 956 4044 si
977 4006 1112 4066 magnum
1132 3983 1346 4065 appellaveris,

105 4103 232 4163 parvum
251 4084 338 4159 item,
360 4085 384 4143 si
403 4105 491 4164 grave
501 4131 510 4160 ‚
532 4085 596 4145 leve
622 4082 690 4141 item
715 4085 934 4167 appariturum,
965 4098 1050 4163 atque
1070 4084 1110 4143 ite
1129 4083 1243 4141 omnia:
1264 4080 1342 4140 nibil

105 4180 187 4238 enim
207 4182 326 4241 omnino
346 4182 394 4242 vel
414 4205 506 4241 unum
525 4205 585 4242 esse
606 4184 653 4245 vel
673 4184 745 4263 quid
765 4183 812 4244 vel
833 4182 936 4263 quale3
960 4179 992 4241 ἐκ
1015 4178 1050 4243 δὲ
1067 4176 1109 4265 dq'
1127 4180 1223 4263 φορᾶς
1243 4164 1346 4241 τε’καὶ

103 4271 246 4359 κινήσεως
261 4277 309 4341 καὶ
328 4273 456 4361 κράσεως
477 4272 553 4362 πρός
574 4273 686 4364 ἄλληλα
708 4280 868 4363 γίγνεται
882 4275 995 4359 πάντα,
1016 4279 1037 4346 ii
1059 4278 1099 4366 oq*
1122 4279 1221 4365 φαμὲν
1242 4275 1344 4358 εἶναι,

103 4375 160 4441 οὐκ
183 4374 290 4464 ὀρθῶς
317 4378 593 4467 προςαγορεύοντες·
624 4377 700 4445 ἔστι
722 4381 779 4463 μὲν
800 4380 858 4464 γάρ
881 4380 1016 4447 οὐδέποτ’
1029 4378 1131 4461 bridio,
1154 4384 1210 4448 aiei
1231 4382 1266 4448 de*
1287 4409 1337 4468 yt-
