2796 5048
724 218 760 278 lt

129 390 234 440 torrem.
275 379 325 438 Est
347 379 487 438 scilicet
480 380 660 458 ingeniorum
681 382 767 439 etiam
792 382 923 459 cognatio
946 382 1104 458 quaedam,
1124 405 1197 462 quae
1217 406 1352 447 sensnum

129 493 344 605 studiorumque
367 491 559 553 similitudine
580 493 761 553 continetur:
789 514 834 552 res
844 515 923 563 ‚sane
946 495 1108 572 mirabilis,
1128 520 1184 578 qua
1203 498 1238 559 fit
1257 520 1353 629 saepe·

129 627 267 682 numero,
288 623 320 667 ut
343 607 422 667 alii
414 630 447 667 ιιι
469 608 590 666 aliorum
615 608 733 687 vestigia
758 607 908 667 incurrant
927 623 1045 690 sponte,
1065 613 1197 689 quamvis
1213 627 1242 672 et
1257 580 1353 696 ‘legio-

82 799 85 806 '
129 742 199 781 num
216 735 246 780 et
268 735 427 802 temporum
449 721 603 782 intervallo
627 741 712 800 quam
736 720 898 801 longissime
917 723 975 783 sint
994 722 1143 802 disjuncti.
1183 725 1232 803 Sic
1250 744 1360 811 sponte¹

129 836 351 917 Xenophontem
366 836 535 915 sequebatur
550 834 744 896 Ruhnkenius
757 850 785 894 et
800 849 939 915 quotquot
954 810 1071 916 ingenio
1083 860 1152 899 cum
1172 839 1353 925 Xenophon·

129 965 156 1011 te
181 965 274 1011 essent
292 950 415 1030 cognati.
438 948 706 1030 ¹Philosopbabatur
725 950 794 1008 item
813 950 957 1030 eleganter
976 964 1004 1010 et
1018 965 1079 1019 turn
1098 956 1238 1032 maxime,
1261 978 1353 1038 quum

128 1067 247 1127 minime
273 1063 444 1138 videbatur,
470 1066 502 1123 in
529 1063 682 1123 scribendo
709 1085 738 1123 v.
768 1085 792 1124 c.
820 1059 1028 1125 Henisterhusii
1055 1068 1155 1150 Elogio
1163 1114 1179 1146 ,1
1201 1069 1292 1152 plane
1320 1087 1353 1133 ut

128 1179 292 1262 Xenophon
320 1180 352 1236 in
375 1177 532 1238 scribenda
560 1177 747 1261 Cyropaedia.
786 1177 844 1265 Sed
870 1179 1089 1260 Wyttenbaebii
1118 1184 1289 1264 ingenium,
1318 1188 1352 1249 in

126 1295 189 1374 pari
207 1293 255 1356 vel
268 1291 357 1352 simili
370 1292 563 1373 simplicitatis
581 1293 794 1371 venustatisque
809 1293 922 1367 studio,
941 1295 1132 1356 contendebat
1148 1297 1243 1359 altius.
1266 1303 1353 1363 Ama..

125 1408 175 1469 bat
197 1408 248 1468 ille
271 1407 440 1466 suavitatem
459 1406 714 1488 Xenophonteam3
734 1407 784 1466 sed
801 1407 971 1487 sequebatur
987 1407 1152 1471 Platonem:
1177 1405 1242 1489 μετ’
1268 1408 1351 1495 ipram

124 1525 204 1602 βαῖνε
232 1521 326 1582 θεοῖο.
362 1522 455 1594 Quam
473 1522 601 1583 nativam
621 1522 677 1581 viri
696 1521 825 1581 indolem
841 1542 938 1582 omnes
957 1540 1132 1602 agnoscunt,
1153 1529 1205 1607 qui
1229 1544 1259 1590 et
1280 1534 1348 1593 scri·

123 1655 173 1724 pta
189 1642 250 1720 ejus
269 1636 369 1717 legunt
386 1649 414 1695 ct
431 1637 525 1717 ipsum
542 1635 727 1696 audiverunt.
751 1636 871 1718 Spirant
890 1636 942 1695 illa
961 1637 1142 1699 Platonicum
1159 1641 1249 1720 quid,
1255 1645 1350 1725 qnod

127 1744 239 1843 nfflin
257 1751 353 1815 verbis
366 1763 393 1809 et
408 1749 587 1810 dictionibus
604 1751 732 1821 cernitur
740 1771 863 1830 ,neque
877 1751 910 1811 in
924 1751 1117 1832 imaginibus,
1136 1770 1166 1815 et
1178 1760 1351 1839 comparati

125 1838 246 1944 ouibus,
266 1888 357 1947 neque
375 1867 461 1926 etiam
471 1867 504 1925 in
518 1867 607 1925 forma
617 1864 744 1946 dialogi,
760 1887 846 1946 quam
855 1867 1005 1947 usurpavit
1014 1867 1181 1948 aliquotres
1202 1871 1293 1933 baec
1284 1896 1347 1935 ime

124 1983 214 2046 tando
234 1982 299 2063 quis
315 1980 603 2061 assequitu1·;sedtn
618 1993 676 2039 toto
686 1993 824 2041 orationis
831 1979 953 2053 habitu,
969 1982 1019 2058 qui
1029 1995 1090 2063 turn
1100 1987 1223 2045 maxime
1234 1988 1347 2049 Cicero·

126 2098 308 2172 nem'refert,
322 2100 412 2176 quum
426 2095 526 2155 Cicero
542 2095 664 2153 maxime
674 2093 820 2153 Platonem
830 2094 976 2173 expressit.
998 2097 1055 2155 Nec
1065 2118 1134 2157 vero
1144 2119 1174 2157 se
1184 2097 1251 2159 data
1260 2122 1347 2183 opera

123 2214 313 2275 conformasse
328 2210 445 2272 videtur
464 2208 502 2280 ad
517 2207 643 2266 Platonis
657 2205 830 2288 exemplum.
857 2208 929 2266 Nam
943 2222 1080 2289 quotquot
1095 2213 1196 2273 audivi
1214 2210 1349 2278 homines

123 2328 161 2388 de
171 2322 393 2407 Wpttenbacbii
403 2320 699 2403 scriptisjudicantes:
715 2341 747 2379 ac
766 2321 870 2381 multos
888 2322 1003 2397 audivi,
1018 2340 1123 2401 aetate,
1139 2294 1272 2407 ingenio,
1288 2345 1346 2390 stu·

122 2430 181 2503 diis
200 2438 425 2524 dissimillimos:
452 2436 506 2494 bac
520 2435 553 2493 in
567 2455 597 2494 re
617 2436 739 2494 maxime
755 2437 916 2496 consentire
935 2439 1082 2498 universos
1101 2441 1183 2517 vidi,
1203 2443 1347 2526 Wytten-

122 2557 220 2617 bachii
239 2555 395 2615 orationem
418 2572 478 2609 non
501 2571 559 2609 esse
580 2551 815 2624 Ciceronianam,
835 2550 883 2612 vel
903 2551 1110 2633 Nepotianum,
1132 2556 1198 2632 vel,
1212 2559 1237 2617 si
1256 2560 1345 2637 velis,

122 2670 312 2743 Platonicam,
328 2667 378 2727 sed
392 2663 699 2746 Wyttenbacbianam,
714 2664 734 2724 i.
754 2685 778 2725 e.
799 2665 893 2747 ipsum
912 2665 1017 2725 referre
1034 2682 1197 2744 auctorem,
1218 2685 1252 2731 ut
1264 2673 1346 2736 bunc

121 2807 158 2847 ex
176 2784 313 2857 dicendi,
332 2778 664 2856 sentiendi‚judicandi
683 2780 793 2839 ratione
812 2781 853 2839 sic
873 2801 1072 2860 agnoscamus,
1086 2785 1184 2863 prouti
1203 2806 1240 2844 cx
1258 2789 1345 2851 vultu

120 2917 149 2961 et
166 2896 348 2961 lineamentis
368 2895 480 2953 amicos.
512 2893 619 2973 Nempe
643 2915 702 2952 non
728 2893 855 2952 alienum
873 2907 934 2952 erat
952 2891 1130 2956 Platonicum
1148 2897 1245 2977 illud,
1265 2903 1346 2982 quod

120 3015 216 3075 studio
241 3010 425 3083 adscivisset,
446 3006 496 3067 sed
515 3020 574 3065 erat
593 3007 648 3088 ipsi
668 3006 770 3067 natura
789 3008 945 3089 proprium.
982 3009 1073 3083 Quod
1085 3013 1201 3093 patebat
1219 3019 1344 3078 maxime

120 3132 153 3190 in
172 3130 247 3193 vitae
267 3121 493 3197 consuetudine,
514 3122 548 3183 in
566 3123 721 3183 amicorum
740 3121 953 3203 congressibus,
973 3124 1005 3182 in
1019 3128 1270 3206 rusticationibus,
1285 3122 1344 3193 am-

119 3240 338 3315 bulationibus,
355 3240 396 3298 -in
414 3236 519 3317 quibus
539 3234 681 3316 deponere
708 3236 799 3297 solent
822 3236 951 3296 homines
961 3281 970 3311 ,
994 3240 1018 3297 si
1036 3240 1108 3326 quid
1126 3241 1254 3304 babeant
1270 3246 1347 3307 alie-

119 3381 209 3433 num,
229 3356 409 3436 quaesitum,
430 3353 609 3425 affectatum,
635 3364 680 3424 et,
700 3351 724 3410 si
749 3351 879 3431 quando,
897 3349 1041 3432 prodeunt
1065 3369 1096 3414 ut
1119 3370 1206 3432 sunt,
1226 3381 1288 3421 non
1313 3376 1347 3422 nt

119 3473 213 3536 videri
235 3470 348 3532 volunt.
387 3469 423 3527 ln
442 3467 487 3526 bis
515 3485 580 3522 eum
603 3465 724 3545 cognovi
743 3460 887 3523 bomiiiem
901 3466 1083 3543 jucundum,
1105 3471 1248 3548 facetum,
1277 3498 1345 3537 acu·

118 3603 197 3662 tum,
226 3585 396 3644 referentem
426 3580 509 3641 nobis
537 3579 623 3660 plane
648 3580 772 3639 Atticam
800 3579 1007 3656 urbanitatem,
1035 3584 1085 3643 scd
1112 3588 1286 3650 acerrimum
1310 3594 1345 3653 in

118 3699 297 3782 explorando
317 3719 385 3759 vcro
404 3711 432 3756 et
446 3698 543 3774 justo,
562 3693 612 3753 sed
629 3695 748 3775 plenum
767 3715 902 3753 sensuum
916 3694 1108 3772 sublimium,
1128 3716 1156 3761 et
1174 3702 1220 3762 his
1236 3704 1344 3767 luben.

116 3832 160 3877 ter
178 3813 309 3875 sensibus
327 3809 526 3890 indulgentem
545 3823 572 3868 et
590 3808 892 3888 obsequentem3quid
906 3812 1042 3889 quaeris?
1063 3812 1241 3883 Platonicum
1260 3840 1345 3900 pror:

117 3952 173 3990 sus.
204 3929 297 4003 Quam
316 3926 437 3986 insitam¹
445 3923 573 3983 indolem
589 3937 711 3997 mature,
727 3945 744 3980 a
760 3944 848 4004 puero
863 3921 947 3998 inde,
968 3924 1089 4005 legendo
1105 3927 1222 3992 Platone
1235 3932 1345 3995 elicuit

117 4048 179 4127 ipse
199 4057 227 4103 et
246 4039 381 4100 excoluit.
420 4039 543 4119 Legisti,
563 4041 719 4111 Creuzere,
748 4036 896 4117 epistolam
915 4037 1016 4114 illam,
1046 4063 1130 4120 quam
1150 4043 1188 4103 ad
1206 4067 1249 4105 me
1268 4050 1342 4109 scri·

114 4159 190 4240 psit,
210 4178 267 4235 qua
286 4174 382 4215 omnes
401 4152 503 4212 dicunt
521 4152 566 4213 nil
585 4173 614 4210 se
630 4150 737 4211 vidisse
755 4151 929 4231 elegantius:
952 4174 1002 4233 ego
1022 4154 1131 4232 fateor,
1152 4157 1196 4217 nil
1214 4161 1288 4223 mibi
1305 4164 1344 4226 in

116 4273 176 4332 vita
203 4273 310 4352 gratius
327 4267 543 4348 jucundiusque
564 4264 710 4327 accidisse.
741 4261 812 4324 Nam
830 4280 1009 4348 peramanter
1026 4272 1132 4352 scripta
1152 4285 1210 4347 est,
1232 4287 1264 4334 ut
1283 4275 1345 4339 do-

115 4388 200 4447 ctoris
219 4378 359 4463 amidlque
379 4385 411 4443 in
430 4404 474 4442 me
492 4382 623 4441 animum
641 4379 874 4462 voluntatemque
892 4382 1121 4464 aperiretplane.
1152 4387 1188 4447 In
1206 4387 1260 4447 hac
1280 4393 1344 4473 igi.
