2796 5048
665 217 726 279 ill

81 381 249 458 Protagorae
268 379 402 452 effatum,
424 378 558 437 omniunt
578 400 684 438 rerum
705 379 853 435 hominem
873 397 1050 436 mensurum
1069 398 1132 437 esee
1141 397 1155 445 ‚·
1185 377 1297 439 Platoni-

80 500 143 538 cam
163 491 257 536 autem
275 476 468 550 sententiam,
489 497 525 535 ex
547 477 684 536 interiore
706 488 824 534 naturae
842 473 985 533 humanae
1000 473 1171 555 cognitione
1183 473 1300 552 ducum,

80 575 181 634 Deum
205 596 266 633 esee
290 576 469 634 mortalibus
496 582 631 633 muium
651 595 758 633 rerum
777 592 972 646 mensurum,
1001 593 1064 632 non
1085 574 1260 653 respicerent
1274 594 1301 634 te

65 676 234 769 ⁴rejicerent
264 671 346 731 adeo.
382 674 446 731 'Nec
476 694 545 733 vero
574 673 605 732 hi
635 693 747 753 quoque
778 669 955 752 repudiandi
976 671 1064 731 nohis
1093 672 1214 750 prorsus
1239 686 1301 732 sunt

80 770 180 830 Aenus
200 790 298 828 eorum
318 771 514 848 accuratisque
534 770 571 829 de
586 771 726 850 physica,
748 789 835 848 quam
855 780 978 840 vocant,
997 766 1129 827 hominis
1151 769 1303 830 conditione

81 866 353 946 disquisitionibus,
371 867 410 926 ad
419 868 565 927 hominem
576 867 807 948 cognoscendum
816 867 941 925 multum
950 862 1107 940 debemus;
1129 880 1304 927 veruntamen

82 963 279 1044 usurpandum
300 965 408 1044 pariter
437 966 474 1025 de
504 966 607 1026 iisdem
634 963 817 1025 Platonicum
841 978 903 1037 est,
933 955 1124 1042 δοξοοόφους
1149 985 1200 1025 eos
1214 966 1305 1045 mag's,

79 1084 166 1143 quam
184 1055 373 1142 φιλοσόφους,
394 1066 415 1124 i.
431 1087 455 1124 e
475 1062 530 1144 τῆς
543 1059 699 1149 ἀληθείας,
718 1056 810 1122 αὐτοῦ
826 1060 881 1123 τοῦ
897 1049 995 1140 ὄντος,
1012 1057 1305 1144 sensuimus.

81 1162 116 1220 Et
138 1183 229 1241 sane,·
244 1162 323 1241 quod
343 1162 429 1222 modo
450 1165 721 1238 animadvertimus,
743 1185 800 1243 quo
817 1166 884 1241 jure
905 1165 1016 1224 censeri
1031 1167 1067 1224 in
1076 1164 1305 1246 philosophorum

81 1261 168 1322 choro
200 1266 223 1323 ii
251 1275 386 1344 possunt,
415 1264 466 1340 qui
496 1278 607 1344 partem
627 1263 829 1346 philosophiae
850 1262 936 1342 longe
956 1264 1161 1342 gravissimam
1181 1259 1306 1321 difficilli-

80 1381 228 1440 mamque,
257 1383 331 1440 quae
360 1362 497 1420 interiore
518 1361 685 1441 indaganda
702 1361 830 1422 hominis
850 1374 954 1419 natura
971 1361 1165 1437 continetur,
1187 1359 1305 1441 neglexe

80 1462 172 1519 runtl
215 1457 273 1518 Sed
292 1472 325 1519 ut
342 1458 380 1518 de
400 1459 545 1535 antiquis,
567 1459 607 1518 ita
627 1457 664 1517 de
685 1460 732 1519 his
753 1459 839 1518 etiam
856 1457 1016 1538 sophistis,
1035 1473 1141 1518 utrum
1159 1458 1308 1519 assentien-

81 1554 152 1614 dum
181 1556 237 1629 sit,
268 1577 305 1614 an
326 1557 456 1615 Platonis
475 1557 661 1638 philosophia
682 1554 891 1639 praeferenda,
922 1575 1012 1635 penes
1033 1555 1161 1616 lectores
1177 1554 1307 1634 judicium

81 1666 149 1712 esto.
192 1655 267 1728 Nos,
297 1656 411 1714 cunctis
432 1656 493 1715 illis
513 1657 546 1715 in
566 1656 679 1716 mundo
698 1653 830 1726 visibili,
850 1673 979 1712 errorum
999 1651 1085 1729 sede,
1115 1653 1247 1729 relictis,
1263 1653 1307 1712 iter

81 1752 252 1811 nostrumin
262 1773 350 1832 regno
370 1755 500 1814 veritatis
520 1775 741 1834 persequamur,
764 1767 810 1826 ut,
833 1747 907 1830 quid
922 1746 1041 1809 tandem
1059 1751 1210 1829 amentia,
1227 1738 1307 1812 uisui

82 1848 138 1909 τοῦ
160 1841 244 1921 ὄντος
264 1852 384 1910 scicntia
405 1853 461 1928 sit,
488 1853 637 1933 percipere
658 1851 744 1911 nobis
765 1851 861 1910 liceat.
953 1934 958 1943 Ι

132 2115 137 2121 .
187 2047 338 2127 Qualis
365 2058 430 2106 est
455 2048 679 2121 Plutonis,
711 2068 814 2125 quoe
839 2046 965 2124 uulgo
988 2047 1223 2123 appellari

311 2148 380 2204 hoe
410 2152 577 2203 nomine
606 2146 735 2220 solet,
766 2143 1095 2221 metaphysica?

36 2329 38 2332 ¹
124 2343 162 2401 Et
182 2341 343 2421 superiores
360 2326 570 2416 disputationes
591 2353 705 2398 nostrae
722 2340 759 2400 de
777 2340 888 2400 mundo
906 2336 1018 2422 νοητῷ,
1040 2340 1079 2400 de
1099 2339 1196 2416 ideis,
1216 2340 1252 2401 de
1264 2339 1307 2398 he·

84 2441 173 2499 minis
201 2439 239 2498 ad
262 2439 412 2499 veritatem
439 2437 627 2496 conversione
638 2483 647 2511 ,
678 2452 706 2496 et
724 2439 795 2497 haec
814 2440 893 2520 ipsa,
914 2461 1000 2518 quam
1021 2437 1109 2498 modo
1125 2437 1166 2496 de
1185 2439 1306 2520 opinione

82 2551 112 2597 et
130 2537 250 2597 scientia
268 2537 466 2610 instituimus,
488 2533 679 2615 disceptatio,
700 2558 733 2595 eo
753 2537 940 2596 tetenderunt
957 2539 1035 2612 fere,
1064 2550 1099 2595 ut
1118 2539 1306 2616 gravissimu

83 2637 163 2695 hunc
182 2636 213 2694 in
230 2635 378 2711 Platonica
398 2632 584 2714 philosophia
604 2632 718 2706 locum,
747 2634 798 2712 qui
818 2648 860 2693 est
881 2635 1080 2707 descientia,
1108 2634 1307 2716 explicaremus

81 2733 239 2812 aliqnando
260 2734 356 2813 plene.
394 2731 528 2790 Idearum
547 2744 642 2789 autem
659 2729 843 2809 disquisitio,
864 2733 897 2790 in
915 2754 972 2812 qna
990 2731 1160 2792 Aristotelis
1175 2731 1306 2814 metaphy-

81 2832 170 2889 sicam
197 2852 262 2890 cum
290 2831 440 2890 Platonica
466 2831 577 2888 ratione
607 2828 803 2902 contulimus,
835 2833 967 2910 proxime
995 2852 1047 2890 nos
1067 2830 1143 2889 illuc
1165 2830 1306 2890 adduxisse

83 2927 209 2987 videtur.
251 2929 323 2987 Nam
343 2929 464 2987 assecuti
483 2927 678 3007 comparando
697 2928 751 2986 hoc
772 2948 888 3002 sumuS,
919 2950 979 2987 non
996 2928 1100 2986 eadere
1120 2928 1157 2986 in
1177 2927 1306 2987 hmnineut

82 3027 308 3106 metaphysicam
327 3028 388 3087 sive
407 3047 571 3085 caussarum
590 3028 740 3085 scientiam
761 3010 942 3102 Aristotelis,
974 3026 1125 3084 Platonem
1147 3047 1221 3086 vero
1238 3043 1307 3107 pm·

81 3124 191 3202 cepisse
219 3123 405 3198 hominibus,
435 3136 467 3181 nt
486 3117 525 3182 τοὶ
546 3117 653 3202 νοητοὶ,
675 3114 714 3182 sci
737 3116 821 3198 ὄντα,
845 3140 877 3185 nt
895 3127 994 3198 ideas,
1013 3122 1172 3203 pulcrum,
1195 3125 1305 3194 limum,

77 3221 208 3296 justum,
229 3236 354 3280 caeteras
372 3223 527 3302 cogitando
541 3224 708 3303 agendoque
728 3238 911 3306 spectarent:
932 3223 1035 3282 harum
1054 3235 1155 3280 autern
1176 3223 1232 3281 rite
1248 3218 1307 3281 dili·

81 3332 237 3398 genterque
255 3319 499 3400 explorandarum
519 3321 648 3380 studium
670 3337 698 3381 ct
718 3323 819 3382 cadere
839 3324 872 3382 in
890 3323 1034 3381 humanae
1050 3331 1178 3378 naturae
1199 3318 1306 3379 faculta-

82 3428 125 3474 tes
154 3430 182 3474 ct
209 3438 267 3476 esse
294 3418 367 3478 adeo
392 3420 504 3478 homini
534 3419 572 3478 ad
591 3435 667 3480 recte
689 3419 876 3500 cogitandum
894 3416 1095 3498 agendumque
1116 3419 1305 3478 necessarium.

81 3512 141 3571 Sed
160 3517 323 3592 quaerimus
342 3517 391 3575 hic
402 3563 410 3590 ‚
432 3517 527 3595 qualis
548 3517 634 3577 nobis
653 3520 771 3580 tandem
800 3518 929 3578 Platonis
949 3517 1011 3575 sive
1031 3516 1305 3597 metaphysica

81 3611 121 3669 sit
140 3632 212 3689 quae
230 3614 319 3693 vulgo
338 3615 519 3696 appellatur,
546 3617 608 3676 sive
627 3616 761 3676 doctrina
782 3619 844 3678 veri
861 3633 1036 3695 quocunque
1058 3611 1185 3673 tundent
1206 3612 1305 3673 nomint

82 3710 300 3789 nuncupanda,
330 3734 386 3791 qua
404 3713 442 3772 ad
462 3714 638 3793 assequenda
662 3714 732 3790 illa,
753 3714 873 3775 adveri
884 3760 893 3789 ,
923 3712 978 3773 τοῦ
1006 3704 1109 3788 ὄντος,
1141 3701 1241 3772 adro&
1263 3702 1306 3768 toi

81 3797 167 3880 ὄντος
197 3808 346 3869 seientiam
375 3813 586 3891 perveniamus.
629 3813 671 3871 Ut
698 3812 753 3872 hoc
782 3814 985 3889 inveniamus,
1023 3808 1209 3893 dialogorum
1237 3808 1304 3870 nobit

81 3908 314 3984 Platonicorum,
335 3910 385 3987 qui
402 3911 591 3992 metaphysici
611 3911 754 3993 appellari
774 3895 888 3989 solent,
917 3915 949 3972 in
970 3914 1071 3994 primis
1091 3910 1270 3971 Parmenidis
1283 3916 1304 3962 tl

25 4048 29 4055 -
81 4006 208 4081 Philebi,
233 4010 306 4067 ratio
327 4009 381 4066 erit
398 4008 543 4070 habenda.
586 4009 642 4069 Sed
663 4011 788 4090 primum
808 4011 1023 4071 consideremus
1040 4010 1141 4070 denuo
1167 4005 1303 4088 metaphy-

80 4106 167 4164 sicam
186 4105 356 4165 Aristotelis.

122 4201 244 4283 Superat
270 4204 341 4263 haec
368 4206 487 4264 omnino
518 4220 637 4264 naturae
670 4220 782 4276 nostrae
800 4208 986 4267 facultatem:
1009 4207 1049 4265 sic
1072 4226 1161 4288 supra
1179 4226 1240 4264 ean
1256 4213 1300 4270 est,

82 4313 115 4357 ut
134 4301 301 4379 Protagorae
332 4301 467 4363 doctrina
495 4304 573 4362 infra
603 4294 661 4362 esic
681 4302 851 4382 dignitatem
872 4318 998 4366 nostram
1017 4303 1145 4364 videtur.
1190 4305 1300 4363 Names
