2796 5048
575 194 579 203 ’
671 233 731 293 sss

85 387 231 480 λιοτῆογγ,
268 394 309 469 είς
337 389 375 457 ro'
404 394 536 478 ξυγγενὲς
560 396 612 459 καὶ
632 398 674 475 sle
701 394 737 462 sd
756 398 890 462 τοιοῦτον
917 394 1097 483 α’φοιομίνη,
1118 396 1315 483 ἀπηλλάχθαι

85 497 148 557 ταῖν
169 484 500 580 descenderemus·
521 510 670 562 rationem
698 513 801 562 secuto
827 512 857 562 et
875 514 990 582 semper
1003 511 1039 583 e'n
1052 526 1085 564 eo
1102 515 1241 577 ocreotu,
1261 527 1313 564 ne·

87 620 197 674 rum,
215 603 430 677 divinum,
456 612 614 661 certum
631 604 872 680 contemplatur:
897 625 917 661 u
934 623 990 680 quo
1007 610 1131 662 nutrito
1149 610 1196 663 itu
1216 610 1314 662 οιόονι·

85 699 158 757 dum
175 710 291 774 conset,
308 703 453 778 quamdiu
472 709 575 759 οιόαίι
593 721 629 758 oe
646 710 803 779 postquam
817 701 1094 776 hs'rrc'ds'seessen't,
1111 709 1145 760 iss
1155 710 1315 783 cognatum

85 818 115 857 ss
134 801 350 874 sperationum
368 809 529 859 uenturum
546 808 636 877 utque
652 806 700 856 s'to
714 800 807 858 mulis
823 807 972 858 summum
989 805 1034 857 e‘rs'
1052 796 1276 878 humectari)

475 993 533 1056 De
562 998 713 1056 de'os‘esc
740 964 911 1056 nutura.

122 1191 187 1251 Hac
205 1192 294 1273 igitur
315 1194 363 1253 uia
380 1213 413 1253 ac
432 1192 543 1253 ratione
571 1192 756 1274 philosophia
781 1214 834 1253 nos
852 1192 933 1274 apud
951 1193 1100 1253 Platonem
1123 1191 1162 1253 ad
1184 1204 1315 1251 sanctum

83 1288 277 1383 divinumque
305 1291 413 1354 educit.
465 1289 553 1366 Quod
576 1305 673 1353 autem
700 1291 848 1366 diximus,
879 1291 1036 1351 immunem
1064 1291 1125 1367 ejus
1152 1287 1315 1349 doctrinam

82 1407 150 1447 eum
169 1390 382 1469 superstitionis
401 1410 479 1464 esse,
499 1404 560 1450 tum
579 1388 844 1471 praejudicatarum
858 1384 1049 1471 opinionum,
1069 1385 1122 1464 id,
1144 1399 1208 1459 ute
1227 1384 1315 1447 dictis

82 1485 277 1567 intelligitur,
307 1488 347 1549 ita
375 1502 436 1548 tum
466 1488 550 1551 nohis
576 1492 700 1549 maxime
725 1488 852 1570 patebit,
882 1486 934 1547 uhi
952 1486 1127 1567 praeclaram
1146 1484 1314 1567 philosophi

81 1583 118 1647 de
139 1584 245 1645 diuina
272 1600 376 1647 natura
403 1588 574 1649 sententiam
587 1661 591 1666 ¹
602 1588 828 1671 exposuerimus.
851 1583 1003 1647 -Prodidit
1028 1605 1089 1647 eam
1108 1584 1189 1645 Plato
1208 1578 1249 1645 in'
1265 1583 1312 1642 Τι’·

81 1704 163 1742 mueo
170 1705 186 1754 ,·
207 1683 257 1747 sed
276 1707 337 1746 non
356 1685 530 1766 negligenda
547 1685 630 1746 nobis
646 1699 717 1749 suut
736 1685 805 1745 haec
825 1685 931 1768 ipsein
941 1683 1097 1745 Phaedone
1105 1681 1312 1764 ,quaeattuli-
1331 1755 1333 1760 Ι

82 1803 167 1858 mus,
198 1782 234 1842 de
263 1797 360 1845 saneto
387 1783 546 1864 divinoque
575 1784 657 1845 loca:
688 1805 742 1845 nec
771 1805 840 1846 vero
868 1764 986 1845 silentio
1005 1779 1295 1865 praetermittendum
1301 1794 1317 1856 ,”

80 1880 159 1960 quod
188 1880 225 1941 de
250 1881 354 1943 divina
374 1897 477 1945 natura
497 1883 634 1945 inlibris
652 1885 687 1943 de
706 1883 872 1961 Republica
890 1881 1107 1965 pronunciavit,
1147 1879 1314 1941 Memoratis

81 1979 145 2039 illic
177 1985 326 2059 poetarum
353 1981 390 2041 de
408 1982 472 2041 Diis
491 1995 575 2062 atque
594 1981 731 2042 heroibus
755 1982 884 2058 fabulis,
905 1980 994 2041 efficit
1014 1978 1084 2040 inde
1101 1978 1248 2052 Socrates,
1269 1977 1313 2036 uti

81 2077 210 2138 vidimus
238 2099 343 2159 supra,
364 2093 540 2162 quantopere
559 2080 627 2141 illae
644 2080 786 2159 abjectam
805 2080 882 2140 alere
908 2080 1063 2140 hominum
1081 2077 1313 2158 superstitionem

81 2176 218 2236 debeant.
264 2179 431 2255 «Peccare,
462 2179 521 2254 ait,
552 2201 613 2239 non
640 2193 798 2254 verentur,
827 2176 1082 2258 quandoquidem,
1103 2191 1136 2236 ut
1163 2197 1179 2234 a
1206 2174 1315 2234 teneris

84 2271 268 2350 didicerunt,
299 2270 400 2350 λύσεις·
421 2297 452 2336 τι
476 2274 525 2337 καὶ
548 2276 704 2360 καθαρμοὶ
729 2271 921 2360 ἀδικημάτων
932 2324 941 2352 ,
971 2269 1022 2337 διαὶ
1039 2273 1164 2360 θνσιῶν,
1177 2271 1226 2334 καί
1243 2292 1315 2332 παι-

84 2371 155 2449 διιῖς
179 2370 307 2458 ἡδονῶν,
327 2377 384 2440 εἰσί
407 2375 464 2461 μὲν
488 2373 531 2441 ἔτι
558 2377 662 2455 ζῶσιν,
693 2379 748 2441 εἰσὶ
773 2377 880 2441 δὲκαὶ
904 2371 1129 2460 τελευτήσασιν·
1155 2378 1316 2437 solutiones

77 2462 332 2563 purgationesque
361 2493 434 2542 eunt
465 2484 612 2542 scelerum
634 2503 693 2561 per
722 2483 877 2559 sacrificiu
907 2492 997 2561 utque
1025 2482 1165 2540 ludorum
1192 2476 1315 2558 oblecto·

77 2587 199 2656 mento,
229 2603 298 2640 cum
322 2589 364 2641 s's'e
392 2589 447 2661 qus·
473 2580 599 2656 os'ouut,
629 2589 695 2638 tum
724 2586 816 2638 stium
844 2587 1008 2640 mortuis.»
1031 2575 1064 2658 2)
1105 2576 1217 2635 Falsum
1236 2572 1314 2633 hanc

77 2672 161 2736 Plato
186 2688 216 2736 et
238 2699 306 2741 vero
335 2694 450 2764 turpem
478 2680 514 2741 de
545 2678 650 2739 divina
675 2690 778 2738 natura
808 2677 975 2758 opinionem
1003 2695 1092 2736 senex
1112 2672 1150 2734 de
1168 2671 1315 2733 industria

76 2774 237 2853 refutavit,
258 2799 328 2853 cum,
342 2779 437 2862 Leges
454 2778 610 2841 scriberet:
632 2777 666 2836 in
681 2777 737 2838 hoc
756 2788 850 2836 autem
870 2776 906 2835 ds
921 2775 1087 2856 Republica
1104 2791 1189 2855 opere
1207 2771 1315 2830 refutet

77 2875 139 2951 sie,
159 2888 194 2935 ut
222 2898 320 2939 veram
346 2880 373 2939 ei
397 2880 539 2959 uniceque
567 2876 722 2936 sublimem
744 2875 906 2936 doctrinam
925 2887 1070 2956 opponat,
1090 2873 1201 2950 Deique
1219 2866 1313 2930 veluti

77 2963 191 3048 πίπους
219 2977 378 3057 exprimat,
400 2999 471 3058 quos
500 2977 531 3036 in
562 2996 612 3036 sua
640 2976 757 3037 civitate
786 2974 895 3034 imitari
913 2980 1010 3056 poetas
1029 2971 1121 3053 lubet.
1162 2966 1221 3029 Sed
1238 2967 1315 3049 ipsos

77 3074 129 3134 hle
148 3074 330 3137 attendamus
345 3074 471 3137 Socratis
488 3097 554 3136 curn
573 3072 731 3136 Adimanto
751 3092 904 3135 sermones.

409 3318 414 3329 ,
492 3208 590 3315 Ttnor
611 3249 680 3331 smol
698 3247 875 3332 θεολογίας·

417 3364 544 3434 qus'uom
563 3366 637 3416 suut
656 3357 798 3416 seruandi
816 3351 971 3415 mommo?

119 3522 209 3598 Nam,
232 3537 264 3583 ut
284 3537 431 3606 rogaverat
451 3522 643 3596 Adimantus,
664 3523 783 3603 quinam
810 3500 904 3581 esseni
927 3515 1051 3576 maxime
1072 3509 1140 3592 περὶ
1158 3506 1314 3593 θεολογίας

76 3611 164 3682 seinos
176 3665 186 3694 ,
218 3623 258 3680 sic
288 3620 426 3684 Socrates.
490 3641 504 3673 u
517 3609 632 3681 Odudriv
660 3614 778 3700 ἁγαθός
810 3610 831 3680 d
860 3641 892 3700 ys
920 3611 993 3693 θεας
1022 3615 1068 3703 aqi
1106 3607 1169 3677 dure
1196 3638 1227 3677 rs
1262 3614 1313 3678 καὶ

76 3715 192 3784 λεκτέον
221 3714 315 3794 odom,
342 3736 438 3779 noune
467 3744 500 3782 rc
529 3729 600 3783 cord
637 3725 763 3781 donus
797 3720 881 3781 Deus
916 3733 977 3797 cst,
1005 3730 1095 3800 utque
1129 3727 1177 3777 itu
1210 3720 1312 3777 dicen-

77 3824 175 3884 dum?
197 3822 356 3882 -Procul
379 3820 480 3881 dubio.
502 3850 533 3859 -
560 3823 647 3902 Atqui
675 3820 791 3880 nullum
815 3821 924 3880 bonum
953 3821 1072 3880 noxium
1097 3822 1164 3880 est?
1183 3853 1218 3862 -
1243 3817 1313 3875 Nul-

78 3923 157 3998 lum,
191 3936 222 3981 ut
256 3921 389 3981 arbitror.
418 3957 452 3965 -
482 3918 566 3995 Quod
605 3921 761 3979 innoxium
790 3934 850 3994 est,
880 3918 1024 3999 numquid
1058 3920 1166 3981 nocet?
1195 3952 1228 3965 -
1253 3915 1313 3974 Ne-

77 4040 232 4103 quaquam.
259 4040 294 4069 -·-
317 4019 403 4094 Quod
431 4040 490 4078 non
519 4032 623 4092 nocet,
653 4017 797 4098 numquid
825 4017 894 4078 rnali
925 4018 1020 4078 facit?
1049 4017 1204 4095 -Neque
1234 4011 1313 4074 istud

113 4229 138 4293 rr
158 4227 498 4284 enuere-cerr.
726 4273 730 4287 ,

112 4320 140 4386 o)
157 4323 196 4375 oo
216 4322 278 4390 οφ.
300 4322 332 4373 rr.
354 4319 413 4373 eso.
432 4319 464 4373 rr.
501 4319 622 4373 srmrrrer
639 4321 669 4371 α
689 4319 759 4387 tuq.
772 4317 805 4372 x.
819 4316 880 4371 ess.
896 4317 927 4369 o.
945 4305 1215 4395 εὐπαραμυθήτους
1235 4302 1309 4370 εἶναι

79 4407 184 4491 θεοὺς,
208 4413 327 4492 θυσίαις
343 4439 373 4480 ss
390 4417 439 4480 καὶ
452 4413 554 4499 εὐχαῖς
569 4410 800 4499 παραγομένους.
836 4426 882 4482 ctt.
902 4428 980 4481 seusa
997 4443 1022 4494 p.
1041 4427 1100 4481 td&
