2774 5048
648 257 705 316 277

94 412 160 498 λόγον
173 413 260 501 ἀάξιγς
279 412 378 479 iniri
395 413 495 501 ὀρθόν
515 412 659 499 ὁρμώσης
678 414 852 501 κρατήσασα
871 412 1018 498 ἕπιθομία
1033 442 1058 480 ιι.
1074 442 1100 480 τ.
1116 421 1143 480 l„
1160 422 1189 503 1)
1208 424 1285 496 Quae

92 541 182 600 prunus
198 524 369 601 ayutletice
387 520 521 581 definitio
540 536 582 581 est
591 568 600 597 ,
630 542 666 580 car
685 542 773 600 caque
792 521 899 602 plane,
922 537 952 582 ut
972 544 1007 581 ex
1028 522 1194 583 dialecticae
1213 518 1287 579 desi-

92 619 179 679 nitioue
204 620 388 694 Aristoteles,
416 621 576 700 proximam
604 640 717 680 omnem
744 620 967 701 disputationem
995 621 1086 680 ducit.
1127 622 1289 679 Occurrunt

91 730 162 776 arum
187 720 219 777 in
233 718 346 789 ‚eodem
374 716 489 798 dialogo
511 727 714 796 partitiones,
735 740 804 798 quas
832 719 919 798 plane
947 718 1058 778 dixeris
1084 716 1288 783 Aristotelicas.

33 874 37 883 ,
73 815 156 890 llam,
178 830 210 876 ut
227 815 365 876 audaciae
382 817 564 897 poenituerat
583 816 745 892 Socratem,
762 818 812 895 qui
831 815 927 875 dicere
947 817 979 874 in
997 836 1121 877 amorem
1140 815 1289 875 sustinuis·
1355 880 1359 891 Ι

88 925 131 988 eet,
145 914 326 995 palinodiam·
349 915 449 989 canit,
476 915 719 994 reprehenditque
747 935 776 973 se
804 915 918 994 ipsum,
945 914 1023 993 quod
1053 935 1113 973 non
1140 928 1215 973 recte
1241 911 1289 971 di·

88 1010 214 1073 tinxerat.
265 1010 401 1071 Furorem
427 1012 505 1071 enim
530 1032 653 1072 amorem
679 1034 757 1088 esse,
787 1026 817 1071 at
847 1033 907 1071 non
932 1032 1023 1072 unum
1047 1025 1158 1071 exstare
1184 1010 1289 1070 furoris

86 1122 172 1187 prus:
201 1130 260 1169 esse
288 1110 347 1170 duo
366 1130 469 1191 genera
496 1110 619 1190 μανίας,
645 1106 700 1194 τάν
724 1087 781 1190 μὲν
802 1103 862 1171 ἀπό
881 1105 1057 1193 νοσημάτων
1078 1105 1289 1192 ἀνθρωπίνων·

33 1228 41 1297 3
88 1200 240 1287 ἀνδὲάπά
254 1204 519 1292 θείας-ἔξαλλαγῆς
533 1214 594 1275 τῶν
608 1208 764 1276 εἰωθότων
778 1211 913 1292 νομίμων
927 1209 1107 1295 γιγνομένην.
1142 1213 1217 1271 Tum
1236 1211 1289 1269 hoc

88 1326 156 1387 gerru
184 1311 216 1369 in
243 1298 520 1392 species'disotbuit
540 1331 680 1396 quatuor,
701 1319 733 1377 in
761 1311 902 1398 μαντικήν
928 1310 1089 1397 ἐπίπνοιαν,
1115 1303 1289 1388 triturantia,

87 1401 228 1489 οοογταὴν,
245 1424 331 1490 atque
348 1402 498 1492 iporiensis,
519 1415 555 1475 de
573 1417 679 1494 quihus
696 1418 834 1500 deinceps
850 1419 1016 1498 singulatim
1034 1417 1158 1477 disserit.
1168 1410 1200 1492 2)
1216 1412 1289 1470 Con.

86 1506 142 1569 tinet
158 1512 196 1570 ita
222 1509 355 1590 dialogus
377 1512 458 1571 hicce
487 1515 605 1574 omnino
629 1514 834 1597 disputationis
853 1517 1050 1576 Aristotelicae
1069 1532 1215 1586 normam,
1238 1506 1288 1566 sed

86 1624 165 1686 sperae
182 1611 307 1690 pretium
325 1623 367 1669 cst
386 1611 632 1687 animadvertere,
650 1634 709 1673 non
723 1616 864 1674 continuo
883 1614 1030 1674 Platonem
1039 1661 1047 1689 ,
1058 1611 1135 1693 quod
1154 1606 1289 1699 moslert

87 1706 224 1767 Aristotelis
242 1720 270 1766 et
287 1706 525 1786 dialecticorum,
554 1710 753 1771 definitionem
772 1733 897 1793 ponere:
919 1714 1077 1791 analytica
1095 1730 1147 1769 nos
1170 1706 1221 1766 ille
1240 1725 1288 1763 ra-

86 1802 146 1864 tione
161 1805 197 1865 ad
224 1804 425 1866 deliniendum
452 1808 582 1869 adducit.
624 1810 685 1868 Hoc
714 1809 825 1869 scilicet
849 1812 943 1870 fuerat
970 1807 1175 1892 disputationis
1203 1823 1287 1862 error·
1363 1808 1366 1815 '

86 1897 155 1964 diurn
193 1907 258 1964 Duo
287 1904 373 1965 nohis
401 1907 521 1984 insunt,
549 1908 663 1987 inquit,
693 1908 798 1986 quibus
824 1905 973 1990 paremus:
1005 1908 1127 1967 alterum
1158 1898 1288 1983 ἔμφυτος

85 1990 142 2062 tulto
158 1996 303 2080 ἐπιθυμία
322 1997 453 2084 ἡδονῶν,
475 2008 596 2066 alterum
617 1999 767 2090 ἐπίκτητος
786 2001 872 2086 δόξα,
889 2000 1025 2088 ε’φιεμένιγ
1041 2005 1096 2066 τοῦ
1110 2001 1246 2087 ἀρίστου,
1257 2001 1289 2082 3)

33 2152 35 2161 .
85 2118 182 2178 qmmm
200 2106 254 2166 hoc
275 2105 423 2186 neglecto,
452 2106 529 2166 illud
548 2109 704 2189 respiciens
725 2109 834 2185 solum,
865 2107 1066 2168 definitionem
1086 2104 1175 2182 inde,
1203 2122 1287 2183 quam

33 2234 36 2263 :
84 2194 282 2285 descripsimus,
309 2203 408 2265 efficit.
450 2203 508 2264 Sed
527 2204 598 2264 inde
616 2208 721 2283 etiam,
742 2229 778 2267 ex
799 2207 898 2268 eadem
924 2208 977 2267 illa
995 2207 1141 2287 analytica
1167 2205 1284 2282 discep-

80 2298 171 2360 tatione
190 2306 341 2383 postremo'
357 2317 465 2363 rectum
486 2303 569 2363 ducit
598 2302 634 2363 de
663 2326 756 2366 amore
776 2308 931 2386 judicium.
983 2305 1071 2366 Unde
1097 2302 1286 2383 intelligimus

81 2391 203 2459 facillime
222 2421 289 2461 cum
316 2401 457 2481 originem
477 2416 505 2461 et
532 2415 663 2462 naturam
689 2405 869 2485 syntheticae
898 2405 1096 2478 definitionis,
1127 2416 1188 2461 tum
1219 2419 1286 2461 vero

80 2491 151 2554 etiam
172 2498 333 2579 analyticae
362 2501 483 2560 rationis
503 2499 540 2558 ad
560 2512 636 2559 recte
653 2503 861 2563 instituendam
888 2505 1059 2583 synthesin,
1087 2501 1230 2559 imovero
1248 2494 1285 2555 ad

79 2606 164 2653 turim
180 2597 388 2676 assequendum
408 2600 469 2658 vim
489 2611 518 2658 et
535 2600 786 2678 opportunitatem.
1052 2600 1056 2613 '

110 2690 347 2764 Quemadmodum
367 2697 494 2756 Platonis
513 2696 641 2776 analysis
661 2697 736 2757 viam
760 2700 917 2761 muniverit
943 2695 1109 2771 Aristoteli,
1139 2706 1170 2751 ut
1196 2690 1282 2772 syllo-

78 2783 191 2861 gisticam
219 2794 390 2869 instrueret,
412 2815 448 2854 ex
472 2795 517 2853 his
547 2794 653 2872 conjici
672 2796 815 2877 exemplis
833 2811 934 2878 potest.
986 2796 1094 2855 Verum
1115 2790 1281 2873 praesertim

78 2882 256 2958 qtaemndum
285 2892 370 2951 nohis
396 2893 612 2973 proposuimus,
632 2906 774 2972 quatenus
804 2894 990 2976 disciplinam
1008 2890 1177 2975 perduxerit
1194 2889 1278 2967 magi-

76 2988 140 3060 Μ,
158 2989 229 3068 quid
246 2989 393 3071 discipulo
410 2990 605 3072 peragendum
624 2991 782 3070 reliquerit.
824 2995 876 3053 Est
887 2992 980 3057 ..illud
1009 2990 1188 3073 potissimum
1215 3006 1282 3043 mu-

75 3076 256 3163 idumaeae,
277 3110 349 3167 quae
373 3103 509 3165 vocatur,
538 3091 801 3151 demonstrationis
829 3093 920 3167 ratio,
948 3112 1032 3171 quam
1052 3078 1203 3158 ἀπόδειξιν
1220 3077 1283 3144 κατ’

75 3164 169 3264 ἷξθχήν
191 3200 220 3246 et
236 3177 455 3268 μαθηματοιάν
474 3181 676 3271 ἀκριβολογίαν
695 3204 778 3250 vocat
806 3190 980 3250 Aristoteles.
1002 3188 1034 3272 4)
1073 3192 1139 3250 Non
1167 3188 1281 3248 diversa

74 3281 177 3352 ‘itidem
196 3288 249 3347 illa
269 3302 310 3348 est
327 3311 343 3348 a
362 3289 538 3369 syllogistica
557 3303 585 3348 et
608 3289 758 3371 synthesi,
772 3300 775 3307 '
789 3288 859 3364 sed,
887 3303 920 3348 ut
947 3310 1053 3350 nomen
1083 3287 1213 3361 indicat,
1244 3282 1280 3343 ad

73 3382 348 3463 mathematicorum,
378 3388 416 3447 ad
444 3382 582 3448 Euclidis'
605 3403 702 3469 postea
728 3387 947 3468 argumentandi
974 3388 1154 3449 severitatem
1183 3397 1280 3442 exacta

73 3487 115 3537 “t
152 3486 246 3564 Hujus
274 3478 312 3545 ut
335 3507 463 3546 normam
495 3487 625 3568 legesque
655 3487 808 3567 descripsit
838 3485 1020 3559 Aristoteles,
1043 3482 1074 3564 5)
1110 3485 1150 3542 ita
1178 3481 1226 3542 via
1253 3493 1281 3540 et

73 3578 170 3643 atione
192 3585 242 3643 ¹usi
269 3598 337 3644 sunt
355 3584 599 3666 philosophorum
621 3585 812 3643 recentiorum
839 3581 941 3656 multi,
962 3581 1129 3660 in'quibus
1155 3577 1280 3637 Wolfius

73 3664 116 3736 lac
131 3682 266 3742 methodo
283 3682 434 3742 contendit
453 3682 624 3762 disciplinas
648 3704 745 3743 omnes
773 3678 936 3741 tractandas
965 3700 1032 3740 esse.
1083 3677 1119 3738 Id
1145 3678 1226 3738 Plato
1248 3677 1280 3735 in

72 3777 172 3859 criptis
189 3780 249 3839 suis
266 3800 304 3840 ne
324 3781 474 3842 inchoavit
492 3780 618 3859 quidem.

68 3962 314 3993 &-...-—-.-

96 4110 119 4179 ι)
140 4094 250 4168 νοω.
269 4114 330 4169 aaa.
350 4114 380 4169 c.
513 4160 516 4173 .

94 4197 117 4265 u
136 4203 198 4254 ma.
219 4200 281 4253 aaa.
303 4202 378 4254 n-
398 4199 455 4252 aaa.
474 4202 505 4255 a,
522 4210 547 4254 u
566 4202 624 4255 aas.
643 4202 672 4254 a.
691 4203 737 4256 cr.
757 4205 832 4256 μοι
850 4221 874 4271 ρ.
895 4204 934 4254 ιο,

93 4284 118 4351 ο
136 4289 198 4340 οι.
218 4286 278 4341 aar.
298 4288 329 4340 ο.
357 4306 362 4315 -

92 4371 117 4437 l)
139 4376 246 4444 Metrpli.
265 4374 296 4425 ll.¹
317 4373 343 4425 3.

91 4457 117 4525 s)
135 4459 239 4514 amau
257 4462 347 4531 αμα.
366 4461 430 4512 rui.
449 4478 474 4528 p.
494 4459 551 4512 raa.
