2796 5048
672 237 733 296 412

33 411 38 420 ·
81 396 201 454 numero
219 415 316 454 eorum
334 415 454 456 acumen
476 410 504 454 et
520 398 701 475 sagacitatem
722 417 837 466 sunaus,
857 413 909 452 nec
930 407 1036 452 temere
1058 393 1145 453 nobis
1164 393 1296 456 affirmasse

83 492 234 566 videmur,
263 494 418 573 profecisse
438 512 474 549 ex
498 513 595 563 eorum
616 493 749 552 doctrina
768 491 890 551 multum
911 491 1074 550 Platonem.
1118 494 1242 554 Tantum
1258 515 1299 552 au·

81 605 138 648 tem
157 590 255 664 abest,
277 603 309 648 ut
330 590 497 648 Platonicae
517 590 717 670 philosophiae
739 587 1024 670 philosophandique
1045 590 1157 649 rationi
1177 593 1300 650 contraria

80 707 177 745 eorum
196 688 269 746 ratio
289 688 391 760 fuerit,
412 699 444 744 ut
463 687 597 745 similiter
616 688 762 746 hominem
780 686 931 766 explorare
948 683 1176 764 diligentissime
1196 691 1301 748 niterer·

81 797 142 856 tur,
162 804 194 842 ac
216 805 253 843 ne
271 786 403 861 rejecerit
423 783 542 862 quidem
561 784 657 858 Plato,
676 806 749 862 quae
759 828 767 857 ,
782 769 946 863 ’priscorum
963 783 1055 841 instar
1065 784 1303 866 philosophorum,

80 879 117 938 de
145 881 298 954 sensibus,
328 880 365 939 de
392 882 547 961 opinione,
576 880 614 939 de
641 902 737 940 rerum
766 894 846 940 motu
865 894 894 938 et
912 880 1105 939 fluctuatione
1125 880 1304 963 philosophati

79 977 208 1038 fuerunt.
238 979 313 1058 Ergo
325 1000 385 1037 non
396 978 614 1055 contemnendi}
623 978 708 1037 nobis
719 979 862 1059 sophistae
883 992 966 1052 sunt,
983 999 1037 1037 nec
1058 998 1132 1038 vero
1148 980 1199 1039 isti
1212 1002 1305 1060 quoque

79 1075 256 1153 repudiandi
276 1097 409 1156 prorsus,
428 1097 500 1155 quos
520 1075 625 1135 imitati
644 1097 777 1155 magnam
795 1089 905 1156 partem
923 1077 1060 1150 fuerunt,
1080 1074 1234 1137 fluitantes
1251 1100 1307 1157 quoe

80 1173 246 1232 vocavimus
275 1173 473 1253 philosophos.
517 1174 649 1248 Horum,
679 1175 790 1248 fateor,
817 1174 848 1231 in
876 1172 1115 1253 philosophando
1134 1175 1307 1249 {consuetudo

79 1270 177 1349 inepta
207 1291 240 1329 ac
270 1270 397 1329 ridicula
429 1272 495 1330 suit.
543 1271 703 1349 «Colloqui
734 1292 801 1329 cum
829 1271 867 1329 iis
894 1291 954 1329 non
973 1270 1082 1350 magis,
1112 1271 1159 1330 ait
1177 1271 1308 1333 secrato,

78 1388 164 1443 quam
185 1388 257 1425 cum
277 1367 444 1426 furentibus
472 1365 549 1426 licet.
592 1363 735 1427 Reffirunt
753 1367 825 1427 adeo
843 1357 900 1447 ipsi
920 1366 1092 1428 disserendo
1109 1369 1308 1448 scribendoque

78 1478 187 1522 motum
207 1464 292 1522 illum
311 1485 408 1522 rerum
428 1465 577 1538 omnium,
598 1485 683 1543 quem
699 1466 879 1544 loquuntur,
898 1465 1156 1544 etagitationem:
1178 1466 1263 1548 plane
1277 1467 1308 1524 sie

80 1561 223 1619 fluctuant
241 1575 269 1619 et
286 1563 432 1640 agitantur
450 1583 547 1621 eorum
562 1564 678 1642 scripta.
709 1564 862 1623 Persistere
879 1576 974 1621 autern
994 1564 1027 1621 in
1042 1584 1180 1623 sermone
1190 1578 1220 1623 et
1227 1584 1309 1643 quaes-

80 1657 212 1716 tionibus
229 1680 261 1717 ac
279 1658 397 1739 placide
417 1661 545 1720 vicissim
564 1660 738 1739 respondere
759 1673 788 1719 et
807 1680 959 1738 quaerere,
978 1659 1078 1719 minus
1098 1660 1139 1719 iis
1159 1673 1222 1736 est,
1239 1681 1309 1740 quam

81 1753 175 1813 nihil:
205 1769 320 1835 superat
343 1758 429 1815 ctiam
458 1756 537 1815 nihil
566 1756 664 1832 illud,
692 1756 771 1835 quod
801 1758 837 1815 iis
865 1769 923 1815 est:
954 1756 1025 1815 adeo
1043 1776 1154 1836 parum
1176 1758 1246 1816 viris
1261 1757 1310 1817 istis

80 1852 302 1930 tranquillitatis
331 1868 392 1929 est3
423 1852 475 1912 sed
503 1856 527 1912 si
555 1875 641 1932 quem
669 1875 768 1913 eorum
795 1854 1035 1934 interrogaveris,
1066 1855 1169 1914 statim
1200 1856 1309 1917 velutie

80 1949 215 2028 pharetra
241 1951 361 2010 obscura
393 1951 482 2011 verba
514 1951 720 2032 depromentes
750 1965 887 2031 tanquam
916 1936 1081 2030 sagittando
1110 1954 1264 2013 emittunt:
1288 1966 1309 2011 et

82 2044 185 2105 horum
205 2049 228 2106 si
249 2050 390 2107 rationem
409 2069 543 2126 quaeras,
563 2048 654 2108 altero
673 2050 785 2108 ferieris
802 2049 896 2124 dieto,
916 2069 991 2111 nove
1008 2047 1157 2111 conficto:
1178 2071 1309 2130 nunquan

82 2158 183 2226 autem¹
192 2146 352 2225 quidquam
370 2145 450 2226 apud
467 2146 519 2206 hos
539 2146 672 2227 perficies
692 2168 785 2226 neque
808 2148 864 2227 ipsi
883 2148 969 2206 etiam
988 2167 1086 2206 seeum
1104 2147 1253 2223 invicem,
1270 2146 1309 2207 sed

80 2243 150 2301 scite
177 2241 331 2302 admodum
352 2243 383 2302 id
404 2257 527 2317 cavent,
557 2244 768 2322 nequidquam
788 2258 903 2303 maneat
923 2246 984 2305 sive
1004 2245 1036 2302 in
1055 2264 1194 2306 sermone
1213 2247 1309 2308 sivein

84 2340 212 2417 ipsorum
242 2339 348 2398 animis
374 2340 496 2398 stabile:
528 2341 744 2416 existimantes,
773 2355 805 2400 ut
824 2342 966 2418 arbitror,
986 2341 1019 2400 id
1036 2344 1137 2423 ipsum
1158 2365 1248 2402 unum
1264 2361 1308 2401 eset

83 2434 188 2492 stabile
201 2433 262 2513 l).⁷⁷
1145 2442 1149 2447 ⁴

120 2530 179 2590 Sed
196 2547 270 2592 esto:
294 2535 406 2593 fuerint
426 2535 474 2593 isti
494 2533 626 2593 homines
644 2535 774 2593 omnium
794 2536 960 2595 mortalium
979 2537 1162 2617 ineptissimi
1182 2537 1308 2597 molestis-

79 2630 219 2708 simique;
251 2631 274 2689 si
295 2631 438 2691 mundum
460 2632 625 2706 visibilem,
653 2633 704 2709 qui
724 2633 856 2692 sensibus
876 2647 973 2714 patet,
987 2654 1170 2713 cognoscere
1190 2635 1307 2705 velimus,

80 2750 139 2786 uon
157 2728 252 2795 ,solum
273 2713 331 2788 non
347 2729 525 2810 repudiandi
546 2730 631 2789 nobis
652 2743 738 2805 sunt,
758 2729 808 2789 sed
828 2732 861 2789 in
874 2731 1035 2799 ,eonsilium
1054 2730 1130 2791 adeo
1150 2729 1305 2797 adhibendi.

81 2825 220 2885 Debuisse
248 2827 309 2886 illis
329 2828 472 2902 Diotime,
497 2828 653 2886 mulierum
674 2827 904 2907 sapientissima,
926 2828 1061 2907 videtur,
1088 2851 1166 2908 quae
1184 2829 1305 2889 Socraten

80 2923 142 3001 ipsa
161 2923 263 2983 docuit
282 2939 452 3007 perpetuam
469 2948 566 2985 rerum
587 2926 737 3001 omnium,
763 2946 837 3004 quae
858 2927 990 2986 sensibus
1010 2928 1232 3008 percipiuntur,
1249 2944 1305 2984 eon·

80 3041 108 3076 m
132 3023 270 3080 tationem
281 3023 321 3091 2).
364 3025 542 3101 Quamquam
564 3023 651 3081 latuit
670 3024 790 3105 fortasse
808 3045 869 3098 eos,
888 3022 967 3101 quod
985 3025 1054 3082 item
1073 3023 1185 3085 divina
1206 3023 1304 3090 mulier,

79 3119 111 3175 in
131 3117 233 3176 iisdem
246 3140 312 3177 cum
326 3120 442 3178 Socrate
463 3120 657 3194 sermonibus,
678 3119 715 3178 de
725 3120 815 3180 altero
826 3121 879 3180 illo
890 3120 1014 3196 mundo,
1034 3120 1163 3200 qui{non
1175 3136 1252 3204 patet
1260 3140 1307 3179 sen·

83 3214 180 3292 sibus,
196 3214 239 3287 de⁴
254 3216 340 3276 rebus
357 3219 475 3296 νοηταῖς
483 3264 493 3303 ,
508 3217 545 3276 de
565 3202 652 3291 ideis,
678 3239 750 3295 quae
768 3223 971 3279 immutabiles
989 3234 1058 3278 sunt
1101 3217 1303 3300 pronunciarit

80 3315 159 3376 lllud
183 3337 251 3377 vero
271 3319 364 3376 omnis
381 3320 444 3379 aevi
465 3298 652 3399 philosophos
670 3339 703 3376 ac
724 3317 865 3398 sophistas
887 3332 914 3376 et
937 3318 1022 3377 latuit
1038 3315 1071 3375 'et
1093 3317 1202 3377 debuit
1220 3317 1304 3386 latere,

79 3430 220 3494 quotquot
238 3416 356 3495 quidem
375 3419 407 3476 in
427 3417 545 3476 homine
564 3433 677 3499 praeter
692 3433 826 3478 externos
836 3438 936 3476 sensus
948 3414 1024 3475 nihil
1036 3414 1243 3493 explorarunt.
1260 3414 1304 3471 Hac

82 3536 149 3573 vero
169 3516 202 3573 in
223 3535 254 3573 re
275 3537 335 3574 non
356 3515 497 3575 laudandi
515 3516 563 3575 illi
583 3518 668 3577 nobis
686 3516 948 3597 magnoper·e,2imo
964 3511 1205 3592 reprehendendi
1226 3511 1305 3572 viden·

80 3623 137 3669 tur.
180 3613 252 3671 Nam
271 3627 382 3693 partem
400 3627 521 3672 tractare
537 3614 757 3695 philosophiae,
776 3614 895 3672 alteram
911 3633 982 3672 uero
1001 3622 1129 3689 partem,
1147 3631 1223 3688 quae
1241 3611 1305 3685 longe

80 3707 259 3768 difficillima
279 3712 502 3790 gravissimaque
522 3725 582 3785 est,
604 3712 753 3791 ignorare,
785 3712 886 3770 saltem
913 3708 1074 3788 negligere,
1106 3709 1207 3785 eequis
1225 3707 1304 3766 decere

80 3805 288 3887 philosophum
317 3808 448 3868 dixerit?
492 3811 634 3883 Quocirca
661 3834 722 3870 non
751 3811 848 3889 inepte
867 3807 953 3867 nobis
971 3825 1057 3883 supra
1076 3805 1218 3884 suspicati
1238 3803 1304 3865 vide·

80 3925 159 3979 mur,
189 3926 247 3964 esse
268 3905 563 3984 illosquodammodo
584 3906 684 3987 specius
703 3908 847 3968 Platonici
867 3904 972 3964 incolis
990 3901 1120 3976 similes,
1146 3905 1200 3981 qui
1218 3901 1304 3983 pariter

81 4001 200 4061 alterius
219 4003 369 4081 eujusdam
388 4003 511 4077 mundi,
541 4024 624 4082 quern
646 4006 706 4064 noir
727 4005 887 4080 videbant,
909 4000 1022 4083 ignari,
1043 4021 1075 4058 ea
1096 4014 1230 4074 tantum,
1248 4014 1302 4077 quae

89 4191 344 4199 --—.—.-——-—-

116 4309 140 4375 1)
163 4314 257 4363 Theaet.
274 4312 361 4365 179E
391 4346 423 4354 —
443 4315 500 4366 180.
520 4316 552 4367 A.
573 4316 603 4365 Β.

115 4395 141 4460 2)
160 4400 240 4465 Srsnrp.
260 4398 326 4459 207,
345 4399 404 4450 208.
