2796 5048
686 219 704 278 t

89 380 227 467 sticames
243 390 394 460 perpetuos
412 379 603 440 miscebantur
615 399 767 439 sermones.
804 380 884 453 Quin
902 377 1080 441 intrabimus
1096 380 1220 441 subinde
1238 382 1313 462 ipsas

88 492 263 554 Ruhnkenii
280 493 383 570 aedes,
404 493 455 554 uhi
473 495 590 555 comiter
607 494 770 573 blandeque
788 514 840 553 nos
857 494 1020 575 excipiebat
1033 494 1149 575 elegam
1165 495 1311 576 elegantis·

86 608 154 668 simi
173 608 233 669 viri
251 607 328 694 filia,
351 607 454 668 lubens
476 608 513 670 de
527 623 607 690 patre
624 629 745 670 narrans
767 586 799 667 etx
820 604 864 667 de
878 606 1184 686 viris'celebeiriniis,
1204 611 1255 690 qai
1279 610 1312 669 in

87 724 153 804 ipso
170 721 225 782 illo
241 723 393 798 conclavi,
415 723 568 799 ubieram,
588 744 653 782 cum
671 723 847 796 Ruhnkenio
864 723 994 782 luissent.
1025 723 1132 787 Vivere
1146 724 1217 783 raibi
1232 721 1313 785 ride·

85 837 142 897 bar
159 858 248 898 aureo
265 836 388 916 quodam
410 839 532 898 saeculo.
570 837 627 898 Sed
645 837 723 917 quod
740 838 844 895 mirum
863 837 1013 913 rideatur,
1033 851 1176 913 ettamen
1201 838 1311 899 verissi-

86 964 177 1011 mum¹
190 965 250 1026 est,
281 953 444 1012 memoriam
466 955 507 1012 sic
526 952 663 1012 recolenti
682 971 855 1011 summorum
873 952 1018 1028 virorum,
1038 966 1066 1012 et
1091 952 1228 1012 recolenti
1244 972 1312 1012 cum

86 1066 333 1147 wyttenbachio,
354 1085 450 1127 eorum
463 1082 634 1142 successore3
655 1067 707 1127 rix
721 1065 793 1125 mibi
806 1067 839 1126 in
853 1079 978 1127 mentem
991 1065 1143 1141 veniebat,
1158 1085 1224 1125 cum
1232 1080 1313 1127 tanto

87 1202 135 1240 me
152 1181 224 1242 viro·
234 1178 323 1260 loqui.
362 1181 501 1241 Absens'
494 1195 591 1262 postea
613 1182 646 1241 in
668 1179 823 1241 beatissimi
845 1183 979 1262 temporis
996 1181 1159 1242 memoriam
1178 1180 1316 1287 redie·

85 1295 213 1376 cogitavi
240 1315 350 1354 meeum
375 1316 606 1377 saepenumero,
613 1317 680 1383 qam
697 1295 750 1356 illo
769 1315 814 1354 me
831 1309 892 1355 turn
911 1295 948 1356 de
966 1294 1113 1354 literarum
1129 1295 1312 1376 principibus

84 1409 196 1490 egisse,
215 1411 266 1489 qui
288 1410 365 1469 nulli
393 1431 488 1469 eorum
511 1388 650 1485 cederei
641 1431 721 1492 ipsc,
742 1431 826 1490 qnem
848 1410 998 1471 amavisset
1017 1409 1245 1493 Valckenarius,
1267 1410 1310 1470 di·

85 1525 206 1584 lenisset
223 1524 434 1600 Ruhnkenius,
454 1539 660 1586 venerarentur
677 1539 815 1605 quotquot
834 1526 866 1584 in
887 1525 1017 1605 Europae
1036 1522 1201 1611 rssionibus
1216 1524 1311 1585 litera-

85 1660 153 1698 rum
169 1639 256 1700 laude
274 1638 417 1700 florerent.
446 1639 503 1699 Sed
522 1660 654 1720 praesens
671 1639 726 1699 illo
743 1653 869 1720 tempore
878 1684 887 1714 ,
907 1637 1047 1699 mirabile.
1060 1608 1160 1710 dictu!
1182 1641 1312 1718 quamvis

84 1755 158 1814 baec
177 1753 306 1832 quotidie
329 1753 428 1833 legens
449 1755 482 1814 in
506 1762 571 1812 sito
593 1755 798 1828 notumne,
818 1754 875 1814 rix.
888 1751 1163 1814 animadverterem:
1185 1754 1311 1834 colloqui

85 1869 160 1929 mibi
179 1870 259 1950 risus
281 1869 391 1928 fueram
414 1889 474 1928 non
496 1889 562 1927 cum
585 1869 697 1929 aemulo
719 1886 814 1928 eornm
837 1869 983 1943 omnium,
1004 1867 1055 1926 sed
1072 1888 1138 1928 cum
1156 1868 1309 1950 discipulo.

84 1985 138 2044 Erit
156 1983 211 2042 hoe
223 1981 354 2058 scilicet,
375 1984 529 2058 Creueere,
549 1984 660 2064 magnis
673 1983 798 2062 ingeniis
819 1984 966 2064 proprium
975 2027 985 2057 ,
1006 1982 1083 2062 qnod
1102 2003 1139 2043 ne
1159 1985 1311 2065 suspican-

83 2112 134 2158 tur
152 2096 269 2176 quidem
293 2097 425 2157 homines
452 2098 542 2159 leres-
555 2111 584 2158 et
609 2099 698 2174 vani,
719 2110 751 2156 ut
778 2098 887 2158 lateant
897 2098 1031 2157 :maxime
1049 2111 1129 2173 tum,
1147 2118 1236 2177 quum
1262 2099 1310 2158 isti

85 2212 212 2272 maxime
230 2211 401 2292 splendent,
421 2210 453 2271 id
473 2227 532 2289 est,
552 2232 640 2293 quum
656 2233 747 2272 sermo
765 2227 807 2272 est
824 2211 861 2273 de
877 2212 987 2292 magnis
1006 2213 1087 2274 viris.
1118 2211 1203 2287 Quod
1217 2227 1309 2273 autem

85 2342 118 2388 tu
136 2326 293 2407 scripsisti,
314 2325 388 2386 lecto
408 2326 627 2408 Wyttenbaebii
651 2326 727 2386 libro
751 2325 931 2387 absterritum
954 2341 981 2386 te
999 2329 1087 2409 magis
1110 2327 1309 2421 fuisseaeonti·

84 2464 165 2517 nuo,
184 2461 270 2521 quam
294 2440 449 2516 allectum,
469 2443 595 2522 perlecta
615 2440 670 2500 illa
692 2436 793 2501 Critiei
816 2440 958 2521 imagine:
980 2456 1008 2502 et
1031 2442 1085 2503 boc
1108 2440 1233 2525 pariter,
1253 2443 1310 2503 imo

83 2557 176 2617 multo
194 2557 283 2636 magis
300 2556 385 2614 etiam
403 2568 432 2614 et
447 2558 566 2631 merito,
587 2557 685 2617 evenit
702 2554 783 2614 mibi.
813 2554 932 2614 beidam
945 2556 1070 2635 reliqui,
1091 2571 1123 2618 ut
1142 2554 1209 2617 ante
1228 2557 1309 2617 bien·

83 2673 167 2732 nium
191 2670 244 2729 illa
265 2669 383 2750 vesperi
406 2650 523 2730 domum
555 2669 792 2749 Wyttenbachii‚
817 2671 948 2750 primum
970 2670 1071 2730 hilaris
1100 2691 1184 2730 sensu
1212 2684 1240 2729 et
1263 2691 1310 2729 re—

81 2786 251 2847 cordatione
281 2798 429 2866 perceptae
464 2784 638 2865 voluptatis,
668 2782 718 2843 sed
749 2795 887 2843 moestus·
902 2782 1013 2843 deinde
1030 2798 1067 2844 -et
1102 2783 1174 2843 mibi
1204 2784 1310 2864 displi-

81 2920 162 2961 cens.
192 2899 299 2959 Verum
326 2899 403 2960 enim
428 2897 509 2959 haud
521 2894 631 2960 ¹temere
648 2911 676 2958 et
693 2897 773 2957 bunc
791 2897 863 2958 mibi
881 2897 1008 2965 dolorem
1024 2890 1162 2976 injecerat
1180 2897 1310 2961 Socrates

82 3014 136 3075 ille
162 3011 273 3078 mets·

125 3131 242 3188 Annum
264 3125 372 3188 deinde
392 3129 484 3187 mansi
513 3127 735 3203 absterreant,
764 3124 871 3210 qnippe
884 3125 1148 3210 jurisprudentiae,
1178 3143 1210 3189 ut
1227 3127 1309 3202 dixi,

86 3266 104 3302 a
123 3257 205 3325 patre
228 3240 396 3309 destinatus.
436 3245 481 3303 Et·
495 3243 635 3303 habebam
652 3242 716 3302 illic
735 3245 839 3304 amicos
853 3236 1120 3322 conjunctissimos,
1140 3242 1309 3324 qmbuscum

81 3372 181 3439 postea
190 3357 420 3434 conjunctissime
430 3360 506 3418 vixi:
524 3358 665 3418 habebam
678 3349 929 3440 Hieronymum
943 3333 991 3418 Bo
995 3356 1129 3419 echium
1134 3402 1144 3434 ,
1154 3356 1309 3438 elegantis·

82 3473 188 3532 simum
206 3473 300 3534 vnum
308 3516 317 3546 ,
337 3493 393 3551 qno
411 3485 487 3531 terra
504 3494 563 3532 non
582 3473 651 3533 tulit
668 3467 879 3548 candidiorem,
900 3475 1005 3553 quique
1021 3470 1065 3531 me
1082 3487 1117 3541 ut
1131 3470 1309 3531 lilium'dili·

82 3586 185 3667 gebat:
196 3601 236 3646 et
256 3607 324 3648 vero
340 3584 432 3645 claros
449 3586 589 3647 habebam
607 3599 801 3669 praeceptores
825 3589 1000 3669 Crassium
1010 3629 1035 3662 ,2
1047 3587 1309 3659 Swindenium,

81 3702 201 3760 Lenne
207 3701 302 3781 pium
325 3701 411 3776 item,
441 3703 491 3780 qui
505 3702 589 3762 modo
601 3701 826 3782 Wpttenbachio
845 3712 1034 3762 successerat?
1053 3722 1220 3782 quamquam
1229 3697 1308 3775 hic,

81 3815 293 3905 prostsingulari
308 3815 365 3876 riri
380 3816 570 3894 humanitate,
586 3817 676 3877 amico
692 3837 737 3875 me
746 3816 887 3891 malebat,
906 3838 991 3897 quarn
1001 3811 1163 3898 discipulo,
1179 3819 1231 3876 uti.
1253 3818 1308 3876 Ve-

82 3945 237 3990 runtamen
260 3931 517 4010 Wyttenbachium
531 3944 627 3992 'meum
641 3952 750 4012 semper
763 3932 889 4012 cogitans
907 3946 935 3991 et
954 3933 987 3991 in
1005 3911 1096 3992 oeulis
1114 3933 1227 4005 ferens,
1256 3932 1306 3989 im-

82 4047 197 4128 patiens
214 4065 326 4120 morae,
341 4046 513 4127 Lugdunum
530 4046 647 4107 tandem
665 4024 790 4107 discessi.
835 4125 843 4130 .
872 4111 876 4118 .

77 4194 81 4199 ·
123 4160 170 4220 Ab
188 4160 243 4220 boc
262 4175 355 4220 autem
372 4175 498 4242 tempore
515 4164 604 4243 magis
623 4162 760 4243 deinceps
775 4163 836 4222 sive
851 4163 1076 4223 animadvertere
1092 4163 1151 4224 sive
1169 4162 1306 4242 suspicari

84 4276 165 4356 coepi
175 4321 186 4351 ,
205 4296 278 4354 quae
300 4275 416 4336 tandem
439 4291 510 4337 esset
531 4277 750 4358 Wyttenbachii
767 4272 950 4358 praestantia.
992 4279 1062 4336 Nam
1076 4290 1179 4351 antea,
1200 4292 1232 4336 ut
1252 4277 1307 4336 fert

82 4389 225 4467 juvenilis
243 4404 340 4466 actas,
365 4392 522 4455 admiratus
550 4394 660 4454 fueram
687 4393 800 4465 virum,
816 4392 875 4453 scd
899 4395 953 4454 hac
967 4414 969 4419 ⁴
982 4395 1089 4452 sueram
1113 4390 1308 4463 'abitatione
