2774 5048
683 225 739 282 158

76 397 195 476 quique
215 395 324 453 animos
339 385 551 469 desponderent
568 386 672 466 plane,
698 388 797 465 quales
813 389 944 449 Thebani
971 405 1053 449 erant
1071 406 1135 470 post
1159 391 1229 453 belli
1243 391 1288 453 Phr

89 494 182 553 censis
204 490 315 561 clades,
344 487 545 564 Theopompus
569 502 714 542 enarrasse
739 486 844 545 diserte
867 488 996 564 videtur,
1025 491 1108 566 cujus
1134 490 1203 549 haee
1225 490 1287 551 verb

88 593 215 651 servavit
235 585 416 648 Plutarchus:
443 576 464 662 η’
490 578 525 641 δὲ
551 580 606 640 τοῦ
630 575 755 662 ῥήτορος
781 579 905 664 δύναμις
927 584 1118 669 ἐκριπίζουσα
1138 582 1193 649 τον
1212 582 1288 668 dopo*

89 684 187 749 adrolo
211 685 259 747 καὶ
286 682 457 747 διακαίουσα
483 678 538 764 τήν
565 683 750 763 φιλοτιμίαν,
780 683 958 771 ἐπεσκότησε
984 694 1047 764 τοῖς
1073 685 1177 768 ιἰἰῖλοιςΙ
1198 685 1288 753 ἅπασα

88 786 157 855 ὥστ’
177 790 217 864 εἰς
239 776 336 871 φόβον
356 787 405 849 καὶ
424 779 565 866 λογισμόν
582 785 631 863 ael
645 781 735 871 χάριν
751 787 881 870 ἐκβαλεῖν
899 787 1020 867 αὐτοῦς,
1044 790 1288 857 ἐνθουσιῶντα

88 889 157 958 ino*
178 885 373 971 τοῦλόγου
393 885 485 970 aede
505 885 549 951 td
570 884 690 953 καλόν·
722 904 756 960 at
784 897 877 971 bajas
907 904 952 954 oie
979 903 1124 971 oratorie,
1146 918 1288 975 quasise

88 1002 172 1059 tubat
196 975 430 1054 animamarum
450 1003 479 1050 et
496 996 672 1053 incendebat
691 997 731 1052 ad
746 996 900 1076 gloriam,
921 996 1074 1053 abstraxit
1090 997 1226 1055 omnibus
1240 996 1288 1055 rot

88 1105 180 1176 qais:
210 1106 246 1153 at
266 1100 392 1172 quasi
421 1093 651 1170 lymphati,
680 1101 814 1152 aratione
837 1101 903 1169 ejas
932 1101 1017 1171 rapti
1045 1095 1085 1151 ad
1112 1095 1288 1155 bonoilum

85 1207 216 1270 erectam,
235 1199 403 1265 rationem,
422 1199 560 1271 gratiam
583 1195 760 1268 abjicerent.
802 1191 919 1251 Scilicet
941 1192 973 1252 id
998 1193 1030 1251 in
1046 1192 1149 1273 primis
1175 1214 1190 1252 c
1214 1192 1288 1254 Socra

84 1297 142 1357 tica
169 1291 327 1371 disciplina
353 1288 502 1347 hominum
531 1291 636 1349 animis
665 1290 841 1365 adhibebat,
864 1303 895 1348 ut
923 1312 984 1349 non
1000 1304 1114 1349 tantum
1132 1311 1194 1351 non
1209 1290 1288 1373 gentil

84 1406 198 1453 caretur
221 1409 318 1448 eorum
344 1387 475 1447 sensibus
472 1387 673 1507 studiisque,
695 1388 746 1450 scd
762 1410 799 1447 ne
820 1390 901 1467 vitiis
919 1389 1037 1468 quidem
1051 1409 1150 1448 eorum
1170 1400 1288 1469 parceret

84 1493 223 1551 fateretur
239 1487 310 1547 adeo
329 1484 439 1567 palam·
461 1478 546 1563 νμεΐς
572 1484 654 1565 ἐμοὶ,
682 1478 707 1547 al
733 1479 839 1568 ἄνδρες
864 1481 1033 1581 Ἀθηναῖοι,
1060 1480 1220 1572 σομβοολρι
1241 1481 1288 1565 ab,

83 1614 137 1676 uqa
163 1613 206 1670 μη
201 1581 358 1668 θέλητε,
383 1581 550 1669 χρήσεσθε
576 1583 746 1701 συκοφάντῃ
773 1583 815 1664 o,
850 1572 964 1651 iile&
948 1583 1001 1649 sela
1029 1583 1153 1671 θέλητε·
1179 1614 1227 1652 ναι
1245 1610 1288 1683 m,

85 1653 302 1765 Athenienses,
332 1692 542 1749 consiliarium
571 1686 732 1767 habebitis,
760 1701 882 1751 etiamsi
907 1694 1036 1751 nolitia·
1021 1735 1033 1763 ‚
1064 1674 1288 1750 calumniamini

83 1810 172 1867 mo,
193 1797 313 1849 etiamsi
331 1791 378 1846 ael
397 1799 527 1849 manime
547 1794 605 1849 oeli
606 1799 664 1867 tis,
685 1815 742 1851 aaa
764 1794 918 1852 babebitis.
950 1791 1095 1867 Omnino,
1117 1805 1150 1850 ut
1171 1782 1286 1859 socrate}

81 1892 123 1951 ita
141 1890 211 1966 ille,
232 1887 310 1969 quod
327 1889 367 1946 ait
386 1888 606 1967 Plutarchus,
598 1913 630 1950 ιιι
650 1892 728 1950 omni
748 1891 876 1950 oratione
894 1872 1014 1972 apparet
1041 1883 1119 1967 μετα
1152 1878 1286 1971 nailp‘qat'n

27 1976 30 1983 ’
80 1982 210 2069 μάλιστα
235 1986 280 2073 τῷ
306 1978 395 2071 δήμῳ
421 1982 637 2068 διαλεγόμενος,
665 1987 713 2049 καὶ
740 2011 817 2070 προς
841 2011 896 2062 τας
924 1985 1090 2068 ἕπιθνιόας
1115 1989 1178 2052 τῶν
1197 1982 1286 2050 aolldl

80 2087 258 2164 ἀντιτείνων,
280 2087 328 2150 καὶ
349 2089 412 2162 τοῖς
433 2082 645 2174 ἁμαρτήμασιν
666 2084 765 2150 αὐτῶν
786 2084 996 2173 ἐπιφυόμενος·
1020 2095 1110 2152 libere
1125 2096 1284 2172 praesertin

81 2197 121 2254 ad
146 2196 289 2271 papalum
318 2206 427 2275 egicae,
455 2198 610 2253 relacione
636 2195 731 2271 plebis
761 2194 896 2267 libidini,
925 2203 1105 2271 peccataque
1136 2199 1202 2269 ejas
1226 2197 1284 2247 iaet-

80 2304 176 2351 etaaa.
202 2290 230 2371 1)
258 2291 316 2351 Sed
342 2317 394 2354 nos
423 2294 492 2352 haec
516 2294 676 2351 accuratius
706 2290 884 2372 exploranda
917 2291 1056 2352 lectorum
1085 2290 1190 2348 studiis
1215 2284 1284 2346 relin-

81 2393 215 2470 quimus,
252 2392 302 2470 qui
329 2392 398 2451 hine
427 2378 477 2450 sua
506 2405 605 2472 sponte
639 2390 840 2449 intellexerint
864 2393 1066 2470 Anaxagoreae
1091 2402 1119 2447 et
1150 2384 1282 2447 socratica

83 2488 283 2570 philosophiae
321 2489 464 2550 diversam
491 2490 578 2569 plane
609 2490 642 2548 in
670 2489 864 2568 eloquentiam
892 2487 1100 2547 efficacitatem.
1153 2482 1282 2546 sublimia

80 2601 139 2647 erat
169 2587 235 2647 illa:
272 2588 342 2647 haec
370 2588 558 2670 popularior,
592 2587 644 2646 illa
672 2587 843 2646 excellentis
871 2588 982 2667 ingenii
1011 2585 1180 2645 hominibus
1203 2588 1282 2644 eoru·

79 2686 205 2746 niebat:
232 2686 302 2746 haee
330 2686 463 2797 placebat
490 2686 632 2746 omnibus.
684 2687 729 2746 Ex
762 2686 814 2745 illa
842 2687 964 2766 profecti
995 2699 1063 2744 sunt
1085 2698 1225 2758 oratores,
1248 2672 1281 2759 qi

78 2786 209 2844 acumine
230 2785 373 2865 ingeniiJ
361 2784 525 2864 judiciique
548 2784 707 2844 subtilitate
726 2782 920 2859 excellerent,
942 2783 992 2843 scd
1012 2783 1044 2841 ei
1064 2796 1159 2843 essent
1174 2781 1281 2861 eloquen-

78 2885 119 2942 τίῆ
131 2905 231 2962 ,quae
255 2904 349 2941 ι’·ιιιιιιιι
375 2885 515 2963 gravitate
543 2884 649 2963 magis,
670 2904 756 2961 quam
784 2883 865 2962 copia
889 2882 1026 2941 orationis
1055 2895 1083 2939 ct
1104 2870 1281 2985 perspicuiltlt

79 2980 342 3040 commendaretur:
365 2984 447 3061 qu'us
467 2984 507 3040 rei
532 2983 611 3040 testis
628 2994 669 3041 est
685 2994 743 3040 tota
762 2979 946 3061 Thucydidis
968 2980 1097 3039 historia.
1140 2944 1280 3038 Esoeub

78 3099 145 3138 vero
169 3077 326 3159 disciplina
355 3078 582 3160 Xenophonteae
607 3078 756 3138 fluxerunt
780 3080 940 3154 orationes,
966 3099 1038 3158 quae
1069 3077 1200 3159 exempla
1223 3040 1284 3137 onll

78 3196 148 3234 aevo
174 3174 289 3234 habitae
309 3191 376 3235 sunt
399 3178 629 3258 perspicuitatis,
659 3179 807 3237 suavitatis
818 3177 1025 3256 ,elegantiam
1048 3176 1197 3235 fluxerunt
1216 3172 1280 3261 bitte

77 3275 136 3332 rica
155 3274 259 3354 scripta
282 3295 346 3332 eum
366 3272 588 3356 Xenophontis,
608 3289 669 3334 tum
688 3297 784 3334 corum
793 3277 872 3354 ,qui
896 3275 946 3353 huj
952 3296 984 3333 us
1006 3275 1113 3333 imitari
1140 3273 1281 3333 dotasse

76 3369 204 3430 duerunt
214 3371 376 3452 ,Ephori,
398 3375 532 3447 Arriani,
557 3373 704 3433 evidentib
732 3396 799 3432 sanc
824 3298 964 3453 singulali
986 3370 1192 3452 Thucydidem
1216 3384 1281 3449 sapt·

77 3471 181 3530 rantia.
224 3471 385 3530 Fluxerunt
396 3518 404 3546 ,
426 3493 498 3550 quae
518 3474 646 3531 omnium
668 3474 791 3552 primum
811 3487 838 3531 et
857 3473 979 3529 maxime
1000 3469 1184 3529 memoranda
1204 3472 1280 3571 eradJ

76 3566 203 3627 Platonis
232 3571 361 3649 scripta,
382 3591 466 3648 quem
489 3571 617 3629 omnium
627 3571 706 3650 ,qni
733 3590 859 3651 unquam
888 3556 1279 3649 seripserunt,e10queniu

75 3684 154 3723 mum
176 3667 322 3744 judicavit
349 3669 457 3728 Cicera
509 3657 566 3727 Sed
591 3668 750 3728 Socraticae
778 3668 891 3727 scholae
911 3666 1073 3744 eloquentia
1103 3680 1136 3724 ut
1160 3656 1263 3745 plane
1255 3676 1279 3717 n

76 3761 170 3821 lucem
191 3765 336 3845 prodiret,
366 3781 474 3826 oratore
500 3781 559 3826 crat
587 3789 657 3847 opus
668 3813 676 3842 ,
707 3768 773 3846 qui,
798 3768 889 3825 instar
917 3764 1052 3838 Patalis,
1083 3762 1132 3824 vel
1162 3764 1278 3844 prasenti

75 3863 206 3938 civitati,
235 3863 282 3923 vel
307 3879 383 3923 totns
407 3879 482 3924 certe
503 3881 574 3925 esset
601 3868 633 3924 in
659 3864 744 3923 rebus
770 3863 908 3925 civilibus
934 3876 1070 3921 versatus.
1114 3861 1194 3920 Talis
1213 3856 1276 3940 plant

74 3948 277 4021 Demosthenes
302 3964 358 4021 fuit
368 4010 376 4037 ,
399 3964 531 4043 idemque
552 3965 591 4023 sic
610 3966 661 4023 toti
679 3963 849 4022 excitandae
867 3959 1145 4041 commovendaeque
1165 3952 1274 4019 Graecia

77 4060 263 4118 Socraticam
283 4061 418 4120 adhibuit
436 4063 665 4143 philosophiam,
690 4076 720 4120 ut
747 4075 813 4119 ante
832 4082 897 4118 eum
912 4059 1133 4118 Atheniensium
1156 4049 1273 4137 regenda

74 4159 185 4218 civitati
207 4159 440 4240 Aaaaagoream
459 4161 631 4220 adhibuerat
651 4160 782 4219 Pericles.

75 4298 174 4305 —-..-
183 4299 329 4307 .—————

108 4367 132 4430 l)
152 4368 216 4418 Plut.
239 4372 290 4419 aito
307 4370 375 4420 oen.
395 4387 417 4421 c.
437 4369 476 4419 18.
497 4368 536 4418 14.
557 4371 648 4422 Fusius
665 4373 782 4422 tractavit
800 4372 849 4421 hoe
872 4377 1046 4438 argumentum
1065 4367 1087 4418 l.
1109 4368 1137 4418 ll.
1157 4359 1265 4416 Sebollffir

73 4454 143 4520 Disq.
157 4454 185 4504 de
204 4453 270 4504 Dem.
292 4456 351 4522 eloq.
371 4457 480 4506 οΙαιναοι.
501 4457 566 4519 Traj·
587 4454 660 4505 1835.
