2774 5048
83 132 145 193 eat,
167 117 223 177 nisi
241 115 307 196 quir
326 112 410 175 aliud
427 68 558 195 pulum
577 136 683 178 nomen
704 117 860 179 invenerit.
881 154 916 165 -
936 115 1048 175 Nomen
1070 114 1232 190 mittamur,
1245 114 1292 175 toa

82 216 168 289 enim
183 212 300 276 sufficit.
319 250 356 263 -
376 212 547 295 Πληκτικῆς
566 228 660 275 antem
679 217 771 291 ratio,
790 235 864 295 quae
891 225 978 274 noctu
995 213 1033 273 ad
1059 212 1136 293 ignis
1154 210 1246 273 lumen
1258 210 1293 273 ab

84 316 139 391 iis,
160 315 211 394 qui
241 314 282 374 sic
309 329 472 392 venantur,
501 315 554 392 fit,
582 306 740 395 νυρεντιιιή
760 311 935 397 appellanda
965 310 1093 371 ridetur.
1121 337 1157 348 -
1185 308 1296 373 videar

84 415 212 474 omnino.
233 440 269 451 -
286 411 386 472 Altera
400 427 496 472 autem
515 415 644 493 ejusdem
662 417 752 491 ratio,
773 432 844 493 quae
861 409 990 469 interdiu
1011 409 1063 484 fit,
1082 429 1150 469 cum
1166 409 1199 469 in
1215 421 1296 469 rane

85 511 234 571 mitatihus
253 511 382 570 fuscinae
412 511 498 571 etiam
522 534 610 573 uncos
637 514 777 588 habeant,
798 524 857 571 tota
882 501 1103 589 ἀγκιστριντικὴ
1127 521 1249 568 vocatur.
1265 534 1299 546 ·-

85 612 182 670 Recte.
200 638 236 649 -
255 610 352 686 Hujus
370 623 465 668 autem
483 611 602 687 modus,
623 613 673 692 qui
692 634 709 671 a
729 611 874 693 superiore
894 610 1025 691 partein
1053 610 1217 669 inferiorem
1241 626 1299 687 pro·

86 708 180 782 cedit,
206 707 343 787 quoniam
369 706 545 768 tridentibus
572 711 663 769 utitur
685 711 828 784 maxime,
858 703 1025 789 tptodovrlo
1050 709 1170 768 dicitur.
1198 732 1233 742 -
1256 702 1302 763 Sic

85 805 235 887 appellant
254 803 403 864 nonnulli.
429 832 465 843 -·
490 808 613 889 Reliqua
632 824 725 869 autem
755 831 812 869 una
839 809 923 870 uoltis
942 810 1051 890 species
1071 821 1122 868 est.
1148 832 1184 843 -
1209 800 1304 883 Qualis

75 905 162 965 'illal
189 933 225 944 -
252 904 399 963 Percussio
425 905 564 984 quaedam
583 908 667 968 hamo
686 909 780 981 facta,
808 909 953 968 contraria
976 905 1135 990 superiori,
1166 921 1255 982 neque
1270 900 1304 961 in

84 1002 214 1082 qualibet
239 1002 362 1082 piscium
381 1016 481 1082 parte,
498 1004 589 1065 veluti
605 1008 737 1080 fuscina,
758 1006 809 1066 sed
830 1008 866 1085 in¹
890 1008 983 1087 capite
1017 1018 1045 1064 ot
1069 1023 1118 1063 ore
1148 1000 1302 1073 duntaxat,

86 1101 122 1161 ah
142 1100 279 1160 inferiore
300 1114 381 1180 parte
400 1100 437 1160 ad
457 1103 630 1182 superiorem
648 1105 738 1185 virgis
758 1119 785 1164 et
804 1104 920 1165 calamis
941 1103 1105 1164 attrahens:
1126 1098 1215 1176 hujus
1231 1094 1301 1177 quod

86 1200 279 1281 potissimum,
306 1221 322 1258 o
348 1198 500 1259 Theaeteto
508 1245 516 1274 ,
548 1222 653 1261 nomen
684 1223 742 1261 esse
770 1203 923 1263 dicemus?
942 1230 976 1241 -
997 1199 1140 1260 Existimo
1158 1194 1297 1275 equidem,

107 1297 165 1356 uod
193 1295 278 1356 modo
309 1298 508 1377 proposuimus
536 1300 765 1378 exquirendum,
796 1304 875 1361 nunc'
906 1302 966 1379 jam
992 1298 1152 1381 perfectum
1179 1312 1245 1353 esse.
1267 1318 1297 1331 ·-
1332 1310 1334 1315 ·

74 1320 170 1455 hunc
191 1396 280 1475 igitur
299 1389 521 1477 ιῖσπαλιιντικῆς
540 1420 599 1457 non
619 1398 702 1458 modo
722 1420 828 1459 nornen
848 1421 898 1480 ego
923 1412 951 1457 et
974 1411 1005 1457 tu
1032 1393 1178 1461 communi
1198 1402 1293 1451 senten

86 1494 144 1567 tia,
166 1494 216 1554 sed
234 1496 375 1556 rationem
394 1500 478 1557 etiam
499 1499 648 1579 ipsumque
668 1517 739 1577 opus
755 1498 915 1578 occepimus
935 1494 1122 1555 sufficienter.
1155 1490 1225 1550 Nam
1242 1486 1290 1546 uni·

87 1613 184 1653 versae
210 1595 278 1654 artis
306 1594 429 1656 dimidia
454 1610 600 1678 parserat
624 1590 759 1677 κτητικὴ·
781 1593 917 1676 κτητικῆς
937 1610 1032 1655 autem
1053 1580 1224 1671 χιιρωτική·
1242 1606 1289 1665 χεν

87 1691 212 1773 ρωτικῆς
240 1688 418 1776 θηρευτική·
448 1694 628 1778 θηρευτικῆς
649 1692 838 1780 ζωοθηρικὴ·
863 1693 1055 1777 ζωοθηρικῆς
1076 1678 1288 1773 ἒννγροθηρνῆ·

86 1792 321 1876 ἕννγροθηρικῆς
349 1818 430 1878 pars,
451 1819 522 1878 quae
540 1820 651 1858 sursum
667 1800 816 1881 procedit,
845 1793 1003 1880 ἁλιευτική·
1032 1790 1192 1875 ἁλιευτικῆς
1216 1791 1288 1869 πλην·

87 1892 168 1978 rand·
190 1897 347 1978 πληκτικῆς
367 1890 597 1976 ἄγκιστρευτικῆ·
619 1896 706 1974 hujus
730 1916 823 1961 autem
840 1925 922 1984 pars,
943 1921 1016 1981 quae
1032 1899 1068 1958 ab
1086 1898 1222 1957 inferiore
1242 1892 1287 1950 loot

87 2021 199 2059 sursum
228 1998 365 2072 attrahit,
397 1999 513 2057 nomine
539 1997 576 2057 ab
607 1999 668 2079 ipso
696 2000 866 2061 attrahendo
893 1999 1066 2072 assimilato,
1093 1978 1286 2067 darnuensi,

85 2118 171 2176 quam
185 2097 392 2176 quaesivimus,
413 2110 540 2157 vocatur.
552 2131 583 2142 -
604 2096 639 2156 ld
652 2096 769 2175 quidam
779 2100 897 2160 omnino
907 2097 1083 2159 declaratum
1094 2096 1180 2158 uoltis
1191 2108 1256 2156 esta
1267 2084 1287 2169 l]

178 2292 480 2353 Inductionem
511 2295 821 2372 complectitur
849 2296 959 2374 opud
987 2294 1212 2352 Platonem

591 2393 800 2470 analyrt'r.

124 2587 257 2669 Legenda
284 2587 354 2647 haec
385 2585 541 2646 lectoribus
566 2588 684 2668 apposui
696 2633 703 2661 ,
733 2601 763 2646 ut
792 2587 847 2669 ipsi
869 2587 937 2648 inde
957 2588 993 2649 de
1013 2588 1142 2648 Platonis
1160 2582 1285 2648 malano

80 2686 257 2766 judicarent.
309 2687 346 2745 Et
376 2686 501 2765 primum
536 2685 653 2764 quidem
683 2684 899 2761 inductionem,
931 2678 1088 2767 ἒπαγωγὴν
1117 2684 1285 2749 Socraticam,

84 2785 149 2863 quis
179 2797 240 2858 est,
267 2785 339 2863 quin
368 2784 399 2843 in
423 2782 502 2841 hisce
521 2783 731 2843 animadvertat
751 2786 914 2846 continuo?
947 2788 984 2846 In
1002 2788 1063 2868 ipso
1080 2783 1225 2867 principio
1242 2792 1285 2838 att

82 2881 206 2960 quadam
237 2882 368 2941 faciliore
393 2902 425 2941 ac
455 2882 649 2940 manifestiore
675 2881 872 2942 inchoandum
893 2884 971 2944 dixit
989 2885 1110 2966 hospes,
1132 2897 1164 2943 ut
1180 2868 1285 2941 hinad

82 2978 250 3039 difficiliora
279 2994 363 3059 atque
392 2979 554 3057 obscuriora
584 2982 748 3057 conjectura
777 2980 939 3043 duceretur.
982 2983 1033 3042 Est
1061 2997 1156 3042 autem
1184 2999 1226 3039 res
1247 2970 1284 3033 ill²

82 3079 196 3139 facilior
224 3100 256 3138 ac
285 3078 482 3151 manifestior,
515 3090 546 3135 ut
576 3077 664 3152 hinc,
696 3079 819 3158 itemque
846 3100 882 3138 cx
910 3082 1040 3140 Politico
1074 3093 1153 3163 patet
1197 3062 1285 3153 nupti·

81 3176 224 3257 δειγμα,
253 3181 427 3256 exemplum.
456 3168 610 3249 Xolandr,
633 3177 664 3235 iu
684 3175 805 3236 Politico
823 3176 925 3259 hospes
944 3181 1002 3254 ait,
1024 3178 1070 3260 μή
1091 3175 1286 3260 παραδείγμασι

79 3274 252 3360 χριόμενον,
287 3274 392 3352 ἱκανῶς
422 3274 629 3338 ἕνδείκννσθαί
660 3299 687 3336 τι
717 3275 778 3336 τῶν
805 3271 969 3354 μειζόνων·
1001 3283 1126 3362 difficile
1153 3293 1213 3357 ert,
1239 3285 1286 3338 rint

80 3383 222 3458 exemplis
242 3383 362 3460 aliquid
381 3404 498 3456 comm,
517 3402 592 3460 quaa
611 3385 729 3455 nrojoru
748 3388 839 3454 runt,
860 3390 939 3438 recte
957 3383 1124 3441 declarare.
1150 3379 1182 3461 2)
1208 3380 1285 3455 Itaque

81 3492 112 3537 ut
140 3478 188 3537 hic
213 3480 370 3560 piscatore,
392 3483 431 3540 ita
452 3479 515 3539 illie
536 3476 653 3538 texendi
675 3490 734 3535 arte
753 3491 889 3556 tanquam
907 3481 1035 3558 exemplo
1055 3480 1156 3539 utitur.
1197 3474 1248 3537 Sed
1259 3486 1285 3529 οἱ

81 3575 178 3636 eodem
204 3577 258 3636 illo
286 3578 417 3659 dialogo,
439 3599 495 3656 quo
513 3577 650 3657 politicus
670 3576 730 3634 sive
750 3578 801 3632 re'x
812 3621 820 3648 ,
842 3590 873 3634 ut
890 3576 938 3636 hic
958 3576 1104 3658 sophista,
1127 3576 1284 3656 exquiritur,

79 3675 170 3754 ipsam
194 3674 270 3734 hanc
301 3673 484 3753 disquirendi
509 3695 560 3755 per
588 3671 719 3752 exempla
739 3674 878 3732 rationem
896 3674 1044 3755 explicare
1063 3675 1118 3735 hoc
1138 3675 1200 3734 loco
1211 3674 1287 3751 jut²lr

77 3771 206 3832 Illustrat
235 3793 295 3830 eam
319 3772 421 3853 hospes
450 3793 465 3830 e
491 3772 637 3831 literarum
656 3768 823 3849 disciplina.
869 3773 999 3832 «Pueros
1018 3775 1172 3847 novimus,
1193 3765 1284 3849 inquit,

80 3854 134 3928 ubl·
159 3870 307 3929 literarum
331 3869 393 3928 fieri
419 3872 505 3952 periti
528 3869 695 3951 incipiunt,
722 3866 870 3928 literarum
890 3892 1121 3951 unamquamque
1144 3872 1176 3930 in
1194 3862 1284 3928 brerir

80 4004 331 4019 --—ss-——-·—-—-

112 4076 137 4141 t)
154 4075 403 4147 sapuere-221.

110 4162 136 4229 a]
155 4164 252 4223 roura.
268 4162 326 4212 aar.
342 4162 373 4214 o.
