<?xml version="1.0" encoding="UTF-8"?>
<!DOCTYPE html PUBLIC "-//W3C//DTD XHTML 1.0 Transitional//EN"
    "http://www.w3.org/TR/xhtml1/DTD/xhtml1-transitional.dtd">
<html xmlns="http://www.w3.org/1999/xhtml" xml:lang="en" lang="en">
 <head>
  <title>
</title>
<meta http-equiv="Content-Type" content="text/html;charset=utf-8" />
  <meta name='ocr-system' content='tesseract 3.04.00' />
  <meta name='ocr-capabilities' content='ocr_page ocr_carea ocr_par ocr_line ocrx_word'/>
</head>
<body>
  <div class='ocr_page' id='page_1' title='image "./initiaphilosoph00heusgoog_0089.png"; bbox 0 0 2796 5048; ppageno 0'>
   <div class='ocr_carea' id='block_1_1' title="bbox 670 220 709 279">
    <p class='ocr_par' dir='ltr' id='par_1_1' title="bbox 670 220 709 279">
     <span class='ocr_line' id='line_1_1' title="bbox 670 220 709 279; baseline 0.026 -1"><span class='ocrx_word' id='word_1_1' title='bbox 670 220 709 279; x_wconf 76' lang='lat' dir='ltr'><strong>hh</strong></span> 
     </span>
    </p>
   </div>
   <div class='ocr_carea' id='block_1_2' title="bbox 1 355 1357 4076">
    <p class='ocr_par' dir='ltr' id='par_1_2' title="bbox 9 355 1357 3294">
     <span class='ocr_line' id='line_1_2' title="bbox 119 355 1306 463; baseline 0 -23"><span class='ocrx_word' id='word_1_2' title='bbox 119 381 184 441; x_wconf 80' lang='lat' dir='ltr'><strong>Alia</strong></span> <span class='ocrx_word' id='word_1_3' title='bbox 201 382 258 440; x_wconf 83' lang='lat' dir='ltr'><strong>fuit</strong></span> <span class='ocrx_word' id='word_1_4' title='bbox 277 382 451 463; x_wconf 77' lang='lat' dir='ltr'><strong>Pythagorae</strong></span> <span class='ocrx_word' id='word_1_5' title='bbox 469 381 549 439; x_wconf 91' lang='lat' dir='ltr'><strong>ratio.</strong></span> <span class='ocrx_word' id='word_1_6' title='bbox 580 382 691 439; x_wconf 91' lang='lat' dir='ltr'><strong>Primus</strong></span> <span class='ocrx_word' id='word_1_7' title='bbox 710 381 758 440; x_wconf 90' lang='lat' dir='ltr'><strong>hic</strong></span> <span class='ocrx_word' id='word_1_8' title='bbox 778 355 913 459; x_wconf 80' lang='lat' dir='ltr'><strong>quidem,</strong></span> <span class='ocrx_word' id='word_1_9' title='bbox 936 395 966 440; x_wconf 92' lang='lat' dir='ltr'><strong>ut</strong></span> <span class='ocrx_word' id='word_1_10' title='bbox 986 395 1051 440; x_wconf 88' lang='lat' dir='ltr'><strong>ante</strong></span> <span class='ocrx_word' id='word_1_11' title='bbox 1071 383 1306 457; x_wconf 80' lang='lat' dir='ltr'><strong>memoravimus,</strong></span> 
     </span>
     <span class='ocr_line' id='line_1_3' title="bbox 80 478 1308 559; baseline 0.001 -21"><span class='ocrx_word' id='word_1_12' title='bbox 80 487 227 557; x_wconf 76' lang='lat' dir='ltr'><strong>rapientis</strong></span> <span class='ocrx_word' id='word_1_13' title='bbox 254 481 366 559; x_wconf 81' lang='lat' dir='ltr'><strong>posuit,</strong></span> <span class='ocrx_word' id='word_1_14' title='bbox 390 480 557 557; x_wconf 71' lang='lat' dir='ltr'><em>philosophi</em></span> <span class='ocrx_word' id='word_1_15' title='bbox 583 480 712 538; x_wconf 87' lang='lat' dir='ltr'><strong>assumsit</strong></span> <span class='ocrx_word' id='word_1_16' title='bbox 741 500 864 553; x_wconf 88' lang='lat' dir='ltr'><strong>nomen,</strong></span> <span class='ocrx_word' id='word_1_17' title='bbox 907 499 963 556; x_wconf 76' lang='lat' dir='ltr'><strong>quo</strong></span> <span class='ocrx_word' id='word_1_18' title='bbox 991 478 1194 558; x_wconf 89' lang='lat' dir='ltr'><strong>philosophum</strong></span> <span class='ocrx_word' id='word_1_19' title='bbox 1226 501 1256 539; x_wconf 89' lang='lat' dir='ltr'><strong>se</strong></span> <span class='ocrx_word' id='word_1_20' title='bbox 1281 494 1308 538; x_wconf 86' lang='lat' dir='ltr'><strong>et</strong></span> 
     </span>
     <span class='ocr_line' id='line_1_4' title="bbox 79 575 1307 657; baseline -0.001 -20"><span class='ocrx_word' id='word_1_21' title='bbox 79 577 219 637; x_wconf 88' lang='lat' dir='ltr'><strong>Graecum</strong></span> <span class='ocrx_word' id='word_1_22' title='bbox 237 577 370 657; x_wconf 90' lang='lat' dir='ltr'><strong>probavit</strong></span> <span class='ocrx_word' id='word_1_23' title='bbox 388 578 491 638; x_wconf 88' lang='lat' dir='ltr'><strong>virum.</strong></span> <span class='ocrx_word' id='word_1_24' title='bbox 513 576 570 636; x_wconf 90' lang='lat' dir='ltr'><strong>Sed</strong></span> <span class='ocrx_word' id='word_1_25' title='bbox 586 578 709 657; x_wconf 81' lang='lat' dir='ltr'><strong>profecit</strong></span> <span class='ocrx_word' id='word_1_26' title='bbox 724 576 802 636; x_wconf 89' lang='lat' dir='ltr'><strong>idem</strong></span> <span class='ocrx_word' id='word_1_27' title='bbox 817 576 939 636; x_wconf 88' lang='lat' dir='ltr'><strong>multum</strong></span> <span class='ocrx_word' id='word_1_28' title='bbox 959 596 994 634; x_wconf 84' lang='lat' dir='ltr'><strong>ex</strong></span> <span class='ocrx_word' id='word_1_29' title='bbox 1014 575 1168 651; x_wconf 86' lang='lat' dir='ltr'><strong>orientali,</strong></span> <span class='ocrx_word' id='word_1_30' title='bbox 1181 578 1307 637; x_wconf 83' lang='lat' dir='ltr'><strong>maxime</strong></span> 
     </span>
     <span class='ocr_line' id='line_1_5' title="bbox 79 654 1308 755; baseline -0.002 -20"><span class='ocrx_word' id='word_1_31' title='bbox 79 673 302 755; x_wconf 78' lang='lat' dir='ltr'><strong>Aegyptiorum,¹</strong></span> <span class='ocrx_word' id='word_1_32' title='bbox 319 674 437 733; x_wconf 89' lang='lat' dir='ltr'><strong>ratione.</strong></span> <span class='ocrx_word' id='word_1_33' title='bbox 479 673 544 733; x_wconf 88' lang='lat' dir='ltr'><strong>Non</strong></span> <span class='ocrx_word' id='word_1_34' title='bbox 564 674 633 748; x_wconf 91' lang='lat' dir='ltr'><strong>ille,</strong></span> <span class='ocrx_word' id='word_1_35' title='bbox 655 688 687 732; x_wconf 92' lang='lat' dir='ltr'><strong>ut</strong></span> <span class='ocrx_word' id='word_1_36' title='bbox 703 674 850 749; x_wconf 83' lang='lat' dir='ltr'><strong>Socrates,</strong></span> <span class='ocrx_word' id='word_1_37' title='bbox 869 675 900 733; x_wconf 92' lang='lat' dir='ltr'><strong>in</strong></span> <span class='ocrx_word' id='word_1_38' title='bbox 920 672 1022 732; x_wconf 91' lang='lat' dir='ltr'><strong>mediis</strong></span> <span class='ocrx_word' id='word_1_39' title='bbox 1041 654 1208 734; x_wconf 82' lang='lat' dir='ltr'><strong>versabatiir</strong></span> <span class='ocrx_word' id='word_1_40' title='bbox 1237 675 1308 736; x_wconf 80' lang='lat' dir='ltr'><strong>eivi-</strong></span> 
     </span>
     <span class='ocr_line' id='line_1_6' title="bbox 80 770 1308 850; baseline 0 -18"><span class='ocrx_word' id='word_1_41' title='bbox 80 772 134 832; x_wconf 91' lang='lat' dir='ltr'><strong>hus</strong></span> <span class='ocrx_word' id='word_1_42' title='bbox 153 773 228 847; x_wconf 81' lang='lat' dir='ltr'><strong>suis,</strong></span> <span class='ocrx_word' id='word_1_43' title='bbox 248 785 381 850; x_wconf 90' lang='lat' dir='ltr'><strong>tanquam</strong></span> <span class='ocrx_word' id='word_1_44' title='bbox 397 792 471 849; x_wconf 88' lang='lat' dir='ltr'><strong>unus</strong></span> <span class='ocrx_word' id='word_1_45' title='bbox 491 792 507 830; x_wconf 90' lang='lat' dir='ltr'><strong>e</strong></span> <span class='ocrx_word' id='word_1_46' title='bbox 526 771 641 846; x_wconf 90' lang='lat' dir='ltr'><strong>multis,</strong></span> <span class='ocrx_word' id='word_1_47' title='bbox 660 786 797 850; x_wconf 91' lang='lat' dir='ltr'><strong>tanquam</strong></span> <span class='ocrx_word' id='word_1_48' title='bbox 816 770 968 830; x_wconf 90' lang='lat' dir='ltr'><strong>destitutus</strong></span> <span class='ocrx_word' id='word_1_49' title='bbox 986 770 1135 844; x_wconf 70' lang='lat' dir='ltr'><strong>doctrina,</strong></span> <span class='ocrx_word' id='word_1_50' title='bbox 1156 785 1188 831; x_wconf 92' lang='lat' dir='ltr'><strong>ut</strong></span> <span class='ocrx_word' id='word_1_51' title='bbox 1197 772 1238 831; x_wconf 89' lang='lat' dir='ltr'><strong>ab</strong></span> <span class='ocrx_word' id='word_1_52' title='bbox 1253 794 1308 832; x_wconf 92' lang='lat' dir='ltr'><strong>om·</strong></span> 
     </span>
     <span class='ocr_line' id='line_1_7' title="bbox 80 857 1308 949; baseline 0.001 -21"><span class='ocrx_word' id='word_1_53' title='bbox 80 869 181 944; x_wconf 87' lang='lat' dir='ltr'><strong>nibus,</strong></span> <span class='ocrx_word' id='word_1_54' title='bbox 202 891 218 928; x_wconf 93' lang='lat' dir='ltr'><strong>a</strong></span> <span class='ocrx_word' id='word_1_55' title='bbox 237 870 331 949; x_wconf 86' lang='lat' dir='ltr'><strong>pueris</strong></span> <span class='ocrx_word' id='word_1_56' title='bbox 349 869 433 928; x_wconf 89' lang='lat' dir='ltr'><strong>etiarn</strong></span> <span class='ocrx_word' id='word_1_57' title='bbox 451 883 479 928; x_wconf 90' lang='lat' dir='ltr'><strong>ct</strong></span> <span class='ocrx_word' id='word_1_58' title='bbox 497 867 727 928; x_wconf 85' lang='lat' dir='ltr'><strong>adolescentibus</strong></span> <span class='ocrx_word' id='word_1_59' title='bbox 746 857 876 927; x_wconf 77' lang='lat' dir='ltr'><strong>disceret.</strong></span> <span class='ocrx_word' id='word_1_60' title='bbox 907 868 1142 947; x_wconf 88' lang='lat' dir='ltr'><strong>Distinguebatur</strong></span> <span class='ocrx_word' id='word_1_61' title='bbox 1157 891 1173 928; x_wconf 94' lang='lat' dir='ltr'><strong>a</strong></span> <span class='ocrx_word' id='word_1_62' title='bbox 1189 871 1308 929; x_wconf 87' lang='lat' dir='ltr'><strong>caeteris</strong></span> 
     </span>
     <span class='ocr_line' id='line_1_8' title="bbox 81 964 1308 1048; baseline 0.001 -22"><span class='ocrx_word' id='word_1_63' title='bbox 81 988 145 1026; x_wconf 88' lang='lat' dir='ltr'><strong>cum</strong></span> <span class='ocrx_word' id='word_1_64' title='bbox 174 966 312 1048; x_wconf 87' lang='lat' dir='ltr'><strong>peculiari</strong></span> <span class='ocrx_word' id='word_1_65' title='bbox 341 967 462 1026; x_wconf 82' lang='lat' dir='ltr'><strong>vivendi</strong></span> <span class='ocrx_word' id='word_1_66' title='bbox 490 965 597 1041; x_wconf 91' lang='lat' dir='ltr'><strong>modo,</strong></span> <span class='ocrx_word' id='word_1_67' title='bbox 628 979 689 1025; x_wconf 92' lang='lat' dir='ltr'><strong>tum</strong></span> <span class='ocrx_word' id='word_1_68' title='bbox 718 967 848 1040; x_wconf 88' lang='lat' dir='ltr'><strong>vestitu,</strong></span> <span class='ocrx_word' id='word_1_69' title='bbox 878 987 934 1045; x_wconf 92' lang='lat' dir='ltr'><strong>quo</strong></span> <span class='ocrx_word' id='word_1_70' title='bbox 962 964 1136 1025; x_wconf 86' lang='lat' dir='ltr'><strong>sacerdotem</strong></span> <span class='ocrx_word' id='word_1_71' title='bbox 1165 967 1308 1027; x_wconf 82' lang='lat' dir='ltr'><strong>referebat</strong></span> 
     </span>
     <span class='ocr_line' id='line_1_9' title="bbox 9 1062 1307 1146; baseline 0 -22"><span class='ocrx_word' id='word_1_72' title='bbox 9 1124 11 1131; x_wconf 75' lang='grc'>,</span> <span class='ocrx_word' id='word_1_73' title='bbox 81 1065 270 1146; x_wconf 79' lang='lat' dir='ltr'><strong>Aegyptihm‚</strong></span> <span class='ocrx_word' id='word_1_74' title='bbox 291 1077 352 1123; x_wconf 92' lang='lat' dir='ltr'><strong>tum</strong></span> <span class='ocrx_word' id='word_1_75' title='bbox 371 1062 503 1122; x_wconf 87' lang='lat' dir='ltr'><strong>doctrina</strong></span> <span class='ocrx_word' id='word_1_76' title='bbox 525 1063 648 1141; x_wconf 89' lang='lat' dir='ltr'><strong>quadam</strong></span> <span class='ocrx_word' id='word_1_77' title='bbox 667 1069 770 1124; x_wconf 87' lang='lat' dir='ltr'><strong>arc&#39;ana</strong></span> <span class='ocrx_word' id='word_1_78' title='bbox 781 1110 789 1139; x_wconf 96' lang='lat'><strong>,</strong></span> <span class='ocrx_word' id='word_1_79' title='bbox 810 1085 865 1144; x_wconf 91' lang='lat' dir='ltr'><strong>qua</strong></span> <span class='ocrx_word' id='word_1_80' title='bbox 883 1065 972 1143; x_wconf 89' lang='lat' dir='ltr'><strong>magis</strong></span> <span class='ocrx_word' id='word_1_81' title='bbox 992 1064 1077 1122; x_wconf 89' lang='lat' dir='ltr'><strong>etiam</strong></span> <span class='ocrx_word' id='word_1_82' title='bbox 1097 1078 1125 1123; x_wconf 95' lang='lat' dir='ltr'><strong>et</strong></span> <span class='ocrx_word' id='word_1_83' title='bbox 1141 1065 1208 1123; x_wconf 91' lang='lat' dir='ltr'><strong>aliis</strong></span> <span class='ocrx_word' id='word_1_84' title='bbox 1227 1064 1307 1125; x_wconf 80' lang='lat' dir='ltr'><strong>ride·</strong></span> 
     </span>
     <span class='ocr_line' id='line_1_10' title="bbox 81 1157 1357 1243; baseline 0.001 -22"><span class='ocrx_word' id='word_1_85' title='bbox 81 1163 165 1222; x_wconf 91' lang='lat' dir='ltr'><strong>hatur</strong></span> <span class='ocrx_word' id='word_1_86' title='bbox 188 1162 327 1221; x_wconf 82' lang='lat' dir='ltr'><strong>excellere</strong></span> <span class='ocrx_word' id='word_1_87' title='bbox 351 1175 378 1219; x_wconf 89' lang='lat' dir='ltr'><strong>et</strong></span> <span class='ocrx_word' id='word_1_88' title='bbox 396 1162 549 1242; x_wconf 81' lang='lat' dir='ltr'><strong>Aegyptios</strong></span> <span class='ocrx_word' id='word_1_89' title='bbox 574 1161 739 1221; x_wconf 88' lang='lat' dir='ltr'><strong>imitabatur</strong></span> <span class='ocrx_word' id='word_1_90' title='bbox 757 1164 908 1243; x_wconf 84' lang='lat' dir='ltr'><strong>sapientes.</strong></span> <span class='ocrx_word' id='word_1_91' title='bbox 930 1157 958 1241; x_wconf 91' lang='lat' dir='ltr'><strong>l)</strong></span> <span class='ocrx_word' id='word_1_92' title='bbox 998 1160 1143 1220; x_wconf 89' lang='lat' dir='ltr'><strong>Praeterea</strong></span> <span class='ocrx_word' id='word_1_93' title='bbox 1171 1184 1231 1222; x_wconf 90' lang='lat' dir='ltr'><strong>non</strong></span> <span class='ocrx_word' id='word_1_94' title='bbox 1252 1184 1307 1222; x_wconf 90' lang='lat' dir='ltr'><strong>om·</strong></span> <span class='ocrx_word' id='word_1_95' title='bbox 1356 1199 1357 1203; x_wconf 62' lang='lat'><em>=</em></span> 
     </span>
     <span class='ocr_line' id='line_1_11' title="bbox 83 1257 1307 1341; baseline 0 -22"><span class='ocrx_word' id='word_1_96' title='bbox 83 1260 169 1319; x_wconf 92' lang='lat' dir='ltr'><strong>nibus</strong></span> <span class='ocrx_word' id='word_1_97' title='bbox 187 1261 312 1341; x_wconf 91' lang='lat' dir='ltr'><strong>pariter,</strong></span> <span class='ocrx_word' id='word_1_98' title='bbox 334 1273 365 1317; x_wconf 92' lang='lat' dir='ltr'><strong>ut</strong></span> <span class='ocrx_word' id='word_1_99' title='bbox 384 1257 530 1335; x_wconf 84' lang='lat' dir='ltr'><strong>Socrates,</strong></span> <span class='ocrx_word' id='word_1_100' title='bbox 550 1258 682 1340; x_wconf 88' lang='lat' dir='ltr'><strong>prodesse</strong></span> <span class='ocrx_word' id='word_1_101' title='bbox 701 1259 845 1319; x_wconf 90' lang='lat' dir='ltr'><strong>monendo</strong></span> <span class='ocrx_word' id='word_1_102' title='bbox 864 1258 1014 1333; x_wconf 91' lang='lat' dir='ltr'><strong>studebat,</strong></span> <span class='ocrx_word' id='word_1_103' title='bbox 1036 1273 1067 1318; x_wconf 88' lang='lat' dir='ltr'><strong>ut</strong></span> <span class='ocrx_word' id='word_1_104' title='bbox 1087 1280 1168 1318; x_wconf 89' lang='lat' dir='ltr'><strong>suum</strong></span> <span class='ocrx_word' id='word_1_105' title='bbox 1187 1261 1307 1340; x_wconf 90' lang='lat' dir='ltr'><strong>quisque</strong></span> 
     </span>
     <span class='ocr_line' id='line_1_12' title="bbox 81 1355 1307 1441; baseline 0.002 -25"><span class='ocrx_word' id='word_1_106' title='bbox 81 1358 210 1439; x_wconf 84' lang='lat' dir='ltr'><strong>expleret</strong></span> <span class='ocrx_word' id='word_1_107' title='bbox 229 1355 375 1430; x_wconf 90' lang='lat' dir='ltr'><strong>officium,</strong></span> <span class='ocrx_word' id='word_1_108' title='bbox 395 1355 595 1437; x_wconf 86' lang='lat' dir='ltr'><strong>prodessetque</strong></span> <span class='ocrx_word' id='word_1_109' title='bbox 615 1358 747 1432; x_wconf 74' lang='lat' dir='ltr'><strong>ciuitati,</strong></span> <span class='ocrx_word' id='word_1_110' title='bbox 770 1356 820 1416; x_wconf 86' lang='lat' dir='ltr'><strong>sed</strong></span> <span class='ocrx_word' id='word_1_111' title='bbox 843 1357 959 1416; x_wconf 89' lang='lat' dir='ltr'><strong>selectos</strong></span> <span class='ocrx_word' id='word_1_112' title='bbox 978 1357 1104 1424; x_wconf 89' lang='lat' dir='ltr'><strong>hahebat</strong></span> <span class='ocrx_word' id='word_1_113' title='bbox 1128 1358 1307 1441; x_wconf 89' lang='lat' dir='ltr'><strong>discipulos,</strong></span> 
     </span>
     <span class='ocr_line' id='line_1_13' title="bbox 80 1440 1309 1535; baseline 0.002 -22"><span class='ocrx_word' id='word_1_114' title='bbox 80 1477 151 1534; x_wconf 90' lang='lat' dir='ltr'><strong>quos</strong></span> <span class='ocrx_word' id='word_1_115' title='bbox 180 1456 302 1514; x_wconf 84' lang='lat' dir='ltr'><strong>maxime</strong></span> <span class='ocrx_word' id='word_1_116' title='bbox 332 1440 627 1534; x_wconf 65' lang='lat' dir='ltr'><strong>excoleret,&#39;quiquc</strong></span> <span class='ocrx_word' id='word_1_117' title='bbox 656 1455 737 1515; x_wconf 93' lang='lat' dir='ltr'><strong>cultu</strong></span> <span class='ocrx_word' id='word_1_118' title='bbox 769 1468 943 1535; x_wconf 89' lang='lat' dir='ltr'><strong>praestantes</strong></span> <span class='ocrx_word' id='word_1_119' title='bbox 972 1456 1107 1528; x_wconf 87' lang='lat' dir='ltr'><strong>caeteris,</strong></span> <span class='ocrx_word' id='word_1_120' title='bbox 1137 1468 1165 1514; x_wconf 93' lang='lat' dir='ltr'><strong>et</strong></span> <span class='ocrx_word' id='word_1_121' title='bbox 1194 1455 1309 1515; x_wconf 77' lang='lat' dir='ltr'><strong>civibus</strong></span> 
     </span>
     <span class='ocr_line' id='line_1_14' title="bbox 82 1551 1337 1634; baseline 0.001 -23"><span class='ocrx_word' id='word_1_122' title='bbox 82 1551 239 1631; x_wconf 88' lang='lat' dir='ltr'><strong>aliquando</strong></span> <span class='ocrx_word' id='word_1_123' title='bbox 259 1553 317 1610; x_wconf 89' lang='lat' dir='ltr'><strong>suis</strong></span> <span class='ocrx_word' id='word_1_124' title='bbox 334 1567 496 1632; x_wconf 88' lang='lat' dir='ltr'><strong>praeessent</strong></span> <span class='ocrx_word' id='word_1_125' title='bbox 514 1567 542 1612; x_wconf 89' lang='lat' dir='ltr'><strong>ct</strong></span> <span class='ocrx_word' id='word_1_126' title='bbox 560 1553 691 1613; x_wconf 80' lang='lat' dir='ltr'><strong>civitates</strong></span> <span class='ocrx_word' id='word_1_127' title='bbox 710 1553 837 1613; x_wconf 90' lang='lat' dir='ltr'><strong>moribus</strong></span> <span class='ocrx_word' id='word_1_128' title='bbox 857 1554 1022 1634; x_wconf 84' lang='lat' dir='ltr'><strong>legibusque</strong></span> <span class='ocrx_word' id='word_1_129' title='bbox 1041 1566 1243 1632; x_wconf 88' lang='lat' dir='ltr'><strong>temperarent.</strong></span> <span class='ocrx_word' id='word_1_130' title='bbox 1265 1552 1311 1612; x_wconf 78' lang='lat' dir='ltr'><strong>Ad</strong></span> <span class='ocrx_word' id='word_1_131' title='bbox 1333 1598 1337 1602; x_wconf 17' lang='grc' dir='ltr'><strong>Α</strong></span> 
     </span>
     <span class='ocr_line' id='line_1_15' title="bbox 81 1648 1310 1731; baseline 0.002 -23"><span class='ocrx_word' id='word_1_132' title='bbox 81 1648 160 1729; x_wconf 90' lang='lat' dir='ltr'><strong>quod</strong></span> <span class='ocrx_word' id='word_1_133' title='bbox 179 1649 247 1709; x_wconf 89' lang='lat' dir='ltr'><strong>item</strong></span> <span class='ocrx_word' id='word_1_134' title='bbox 264 1648 474 1711; x_wconf 90' lang='lat' dir='ltr'><strong>instituendum</strong></span> <span class='ocrx_word' id='word_1_135' title='bbox 501 1649 625 1710; x_wconf 85' lang='lat' dir='ltr'><strong>valuisse</strong></span> <span class='ocrx_word' id='word_1_136' title='bbox 651 1649 861 1729; x_wconf 91' lang='lat' dir='ltr'><strong>quodammodo</strong></span> <span class='ocrx_word' id='word_1_137' title='bbox 888 1651 1003 1712; x_wconf 84' lang='lat' dir='ltr'><strong>videtur</strong></span> <span class='ocrx_word' id='word_1_138' title='bbox 1031 1649 1209 1710; x_wconf 87' lang='lat' dir='ltr'><strong>sacerdotum</strong></span> <span class='ocrx_word' id='word_1_139' title='bbox 1232 1648 1310 1731; x_wconf 87' lang='lat' dir='ltr'><strong>apud</strong></span> 
     </span>
     <span class='ocr_line' id='line_1_16' title="bbox 85 1746 1312 1830; baseline 0.002 -24"><span class='ocrx_word' id='word_1_140' title='bbox 85 1747 246 1807; x_wconf 89' lang='lat' dir='ltr'><strong>Orientalcs</strong></span> <span class='ocrx_word' id='word_1_141' title='bbox 270 1747 442 1828; x_wconf 86' lang='lat' dir='ltr'><strong>exemplum.</strong></span> <span class='ocrx_word' id='word_1_142' title='bbox 483 1748 588 1808; x_wconf 86' lang='lat' dir='ltr'><strong>Valere</strong></span> <span class='ocrx_word' id='word_1_143' title='bbox 607 1762 682 1808; x_wconf 88' lang='lat' dir='ltr'><strong>certe</strong></span> <span class='ocrx_word' id='word_1_144' title='bbox 701 1769 735 1808; x_wconf 90' lang='lat' dir='ltr'><strong>co</strong></span> <span class='ocrx_word' id='word_1_145' title='bbox 752 1750 847 1808; x_wconf 89' lang='lat' dir='ltr'><strong>minus</strong></span> <span class='ocrx_word' id='word_1_146' title='bbox 866 1751 960 1830; x_wconf 89' lang='lat' dir='ltr'><strong>potuit</strong></span> <span class='ocrx_word' id='word_1_147' title='bbox 977 1749 1150 1809; x_wconf 87' lang='lat' dir='ltr'><strong>Graecorum</strong></span> <span class='ocrx_word' id='word_1_148' title='bbox 1168 1749 1261 1824; x_wconf 87' lang='lat' dir='ltr'><strong>ratio,</strong></span> <span class='ocrx_word' id='word_1_149' title='bbox 1275 1746 1312 1808; x_wconf 85' lang='lat' dir='ltr'><strong>ad</strong></span> 
     </span>
     <span class='ocr_line' id='line_1_17' title="bbox 25 1844 1336 1928; baseline 0 -24"><span class='ocrx_word' id='word_1_150' title='bbox 25 1859 28 1864; x_wconf 82' lang='lat'>&#39;</span> <span class='ocrx_word' id='word_1_151' title='bbox 83 1844 199 1904; x_wconf 88' lang='lat' dir='ltr'><strong>civilem</strong></span> <span class='ocrx_word' id='word_1_152' title='bbox 229 1845 451 1925; x_wconf 88' lang='lat' dir='ltr'><strong>aequalitatem,</strong></span> <span class='ocrx_word' id='word_1_153' title='bbox 478 1867 565 1926; x_wconf 91' lang='lat' dir='ltr'><strong>quam</strong></span> <span class='ocrx_word' id='word_1_154' title='bbox 591 1846 806 1921; x_wconf 88' lang='lat' dir='ltr'><strong>Orientalium,</strong></span> <span class='ocrx_word' id='word_1_155' title='bbox 836 1847 873 1907; x_wconf 91' lang='lat' dir='ltr'><strong>ad</strong></span> <span class='ocrx_word' id='word_1_156' title='bbox 902 1848 1067 1928; x_wconf 89' lang='lat' dir='ltr'><strong>principum</strong></span> <span class='ocrx_word' id='word_1_157' title='bbox 1096 1847 1336 1906; x_wconf 66' lang='lat' dir='ltr'><strong>venerationem‘</strong></span> 
     </span>
     <span class='ocr_line' id='line_1_18' title="bbox 84 1943 1312 2025; baseline 0.002 -25"><span class='ocrx_word' id='word_1_158' title='bbox 84 1943 290 2004; x_wconf 88' lang='lat' dir='ltr'><strong>accommodata</strong></span> <span class='ocrx_word' id='word_1_159' title='bbox 307 1944 404 2023; x_wconf 90' lang='lat' dir='ltr'><strong>magis.</strong></span> <span class='ocrx_word' id='word_1_160' title='bbox 446 1943 503 2002; x_wconf 86' lang='lat' dir='ltr'><strong>Nec</strong></span> <span class='ocrx_word' id='word_1_161' title='bbox 524 1943 629 2003; x_wconf 89' lang='lat' dir='ltr'><strong>desunt</strong></span> <span class='ocrx_word' id='word_1_162' title='bbox 646 1946 801 2025; x_wconf 83' lang='lat' dir='ltr'><strong>Aegyptiae</strong></span> <span class='ocrx_word' id='word_1_163' title='bbox 820 1946 1009 2011; x_wconf 83' lang='lat' dir='ltr'><strong>institutionis</strong></span> <span class='ocrx_word' id='word_1_164' title='bbox 1029 1944 1145 2024; x_wconf 85' lang='lat' dir='ltr'><strong>vestigia</strong></span> <span class='ocrx_word' id='word_1_165' title='bbox 1169 1945 1202 2002; x_wconf 96' lang='lat' dir='ltr'><strong>in</strong></span> <span class='ocrx_word' id='word_1_166' title='bbox 1229 1965 1312 2025; x_wconf 88' lang='lat' dir='ltr'><strong>repn-</strong></span> 
     </span>
     <span class='ocr_line' id='line_1_19' title="bbox 76 2032 1313 2122; baseline 0.003 -23"><span class='ocrx_word' id='word_1_167' title='bbox 76 2032 162 2100; x_wconf 84' lang='lat' dir='ltr'><strong>¹blica</strong></span> <span class='ocrx_word' id='word_1_168' title='bbox 180 2040 326 2115; x_wconf 84' lang='lat' dir='ltr'><strong>Platonis,</strong></span> <span class='ocrx_word' id='word_1_169' title='bbox 346 2041 550 2122; x_wconf 82' lang='lat' dir='ltr'><strong>Pythagoricae</strong></span> <span class='ocrx_word' id='word_1_170' title='bbox 578 2043 683 2101; x_wconf 89' lang='lat' dir='ltr'><strong>rationi</strong></span> <span class='ocrx_word' id='word_1_171' title='bbox 712 2041 799 2122; x_wconf 93' lang='lat' dir='ltr'><strong>plane</strong></span> <span class='ocrx_word' id='word_1_172' title='bbox 827 2055 1027 2102; x_wconf 89' lang='lat' dir='ltr'><strong>consentanea.</strong></span> <span class='ocrx_word' id='word_1_173' title='bbox 1070 2041 1145 2117; x_wconf 88' lang='lat' dir='ltr'><strong>Sed,</strong></span> <span class='ocrx_word' id='word_1_174' title='bbox 1166 2055 1199 2101; x_wconf 91' lang='lat' dir='ltr'><strong>ut</strong></span> <span class='ocrx_word' id='word_1_175' title='bbox 1218 2043 1313 2103; x_wconf 91' lang='lat' dir='ltr'><strong>mitta·</strong></span> 
     </span>
     <span class='ocr_line' id='line_1_20' title="bbox 85 2137 1315 2221; baseline 0 -23"><span class='ocrx_word' id='word_1_176' title='bbox 85 2160 147 2198; x_wconf 89' lang='lat' dir='ltr'><strong>mus</strong></span> <span class='ocrx_word' id='word_1_177' title='bbox 166 2137 262 2213; x_wconf 90' lang='lat' dir='ltr'><strong>illud,</strong></span> <span class='ocrx_word' id='word_1_178' title='bbox 282 2159 334 2197; x_wconf 91' lang='lat' dir='ltr'><strong>nec</strong></span> <span class='ocrx_word' id='word_1_179' title='bbox 355 2159 555 2219; x_wconf 92' lang='lat' dir='ltr'><strong>persequamur</strong></span> <span class='ocrx_word' id='word_1_180' title='bbox 578 2137 701 2197; x_wconf 91' lang='lat' dir='ltr'><strong>Socratis</strong></span> <span class='ocrx_word' id='word_1_181' title='bbox 730 2160 795 2198; x_wconf 90' lang='lat' dir='ltr'><strong>cum</strong></span> <span class='ocrx_word' id='word_1_182' title='bbox 821 2139 978 2219; x_wconf 83' lang='lat' dir='ltr'><strong>Pythagora</strong></span> <span class='ocrx_word' id='word_1_183' title='bbox 998 2141 1258 2221; x_wconf 87' lang='lat' dir='ltr'><strong>comparationem,</strong></span> <span class='ocrx_word' id='word_1_184' title='bbox 1280 2160 1315 2199; x_wconf 80' lang='lat' dir='ltr'><strong>cx</strong></span> 
     </span>
     <span class='ocr_line' id='line_1_21' title="bbox 85 2233 1316 2318; baseline 0.002 -23"><span class='ocrx_word' id='word_1_185' title='bbox 85 2237 139 2296; x_wconf 92' lang='lat' dir='ltr'><strong>hoc</strong></span> <span class='ocrx_word' id='word_1_186' title='bbox 159 2237 363 2317; x_wconf 78' lang='lat' dir='ltr'><strong>Aegyptiorum</strong></span> <span class='ocrx_word' id='word_1_187' title='bbox 379 2236 458 2294; x_wconf 86' lang='lat' dir='ltr'><strong>fonte</strong></span> <span class='ocrx_word' id='word_1_188' title='bbox 478 2233 639 2294; x_wconf 89' lang='lat' dir='ltr'><strong>doctrinam</strong></span> <span class='ocrx_word' id='word_1_189' title='bbox 663 2235 699 2294; x_wconf 89' lang='lat' dir='ltr'><strong>de</strong></span> <span class='ocrx_word' id='word_1_190' title='bbox 718 2237 814 2295; x_wconf 93' lang='lat' dir='ltr'><strong>animo</strong></span> <span class='ocrx_word' id='word_1_191' title='bbox 836 2236 962 2295; x_wconf 88' lang='lat' dir='ltr'><strong>hausisse</strong></span> <span class='ocrx_word' id='word_1_192' title='bbox 986 2236 1101 2297; x_wconf 85' lang='lat' dir='ltr'><strong>videtur</strong></span> <span class='ocrx_word' id='word_1_193' title='bbox 1129 2237 1316 2318; x_wconf 83' lang='lat' dir='ltr'><strong>Pythagoras.</strong></span> 
     </span>
     <span class='ocr_line' id='line_1_22' title="bbox 87 2331 1317 2414; baseline 0.003 -22"><span class='ocrx_word' id='word_1_194' title='bbox 87 2333 184 2392; x_wconf 82' lang='lat' dir='ltr'><strong>Refert</strong></span> <span class='ocrx_word' id='word_1_195' title='bbox 203 2332 381 2407; x_wconf 91' lang='lat' dir='ltr'><strong>Herodotus,</strong></span> <span class='ocrx_word' id='word_1_196' title='bbox 403 2331 434 2412; x_wconf 78' lang='lat'><strong>2)</strong></span> <span class='ocrx_word' id='word_1_197' title='bbox 455 2333 561 2413; x_wconf 87' lang='lat' dir='ltr'><strong>primos</strong></span> <span class='ocrx_word' id='word_1_198' title='bbox 574 2333 663 2392; x_wconf 89' lang='lat' dir='ltr'><strong>fuisse</strong></span> <span class='ocrx_word' id='word_1_199' title='bbox 680 2334 852 2414; x_wconf 79' lang='lat' dir='ltr'><strong>Aegyptios,</strong></span> <span class='ocrx_word' id='word_1_200' title='bbox 869 2336 919 2414; x_wconf 90' lang='lat' dir='ltr'><strong>qui</strong></span> <span class='ocrx_word' id='word_1_201' title='bbox 939 2334 1085 2410; x_wconf 90' lang='lat' dir='ltr'><strong>dicerent,</strong></span> <span class='ocrx_word' id='word_1_202' title='bbox 1109 2336 1239 2394; x_wconf 90' lang='lat' dir='ltr'><strong>animum</strong></span> <span class='ocrx_word' id='word_1_203' title='bbox 1261 2337 1317 2396; x_wconf 93' lang='lat' dir='ltr'><strong>ho-</strong></span> 
     </span>
     <span class='ocr_line' id='line_1_23' title="bbox 87 2431 1320 2512; baseline 0.005 -24"><span class='ocrx_word' id='word_1_204' title='bbox 87 2431 174 2489; x_wconf 90' lang='lat' dir='ltr'><strong>minis</strong></span> <span class='ocrx_word' id='word_1_205' title='bbox 192 2451 251 2490; x_wconf 87' lang='lat' dir='ltr'><strong>esse</strong></span> <span class='ocrx_word' id='word_1_206' title='bbox 268 2431 473 2504; x_wconf 90' lang='lat' dir='ltr'><strong>immortalem,</strong></span> <span class='ocrx_word' id='word_1_207' title='bbox 494 2444 558 2511; x_wconf 89' lang='lat' dir='ltr'><strong>post</strong></span> <span class='ocrx_word' id='word_1_208' title='bbox 576 2432 701 2512; x_wconf 87' lang='lat' dir='ltr'><strong>corporis</strong></span> <span class='ocrx_word' id='word_1_209' title='bbox 721 2452 789 2492; x_wconf 78' lang='lat' dir='ltr'><strong>vero</strong></span> <span class='ocrx_word' id='word_1_210' title='bbox 807 2431 956 2492; x_wconf 89' lang='lat' dir='ltr'><strong>interitum</strong></span> <span class='ocrx_word' id='word_1_211' title='bbox 978 2433 1011 2490; x_wconf 93' lang='lat' dir='ltr'><strong>in</strong></span> <span class='ocrx_word' id='word_1_212' title='bbox 1030 2432 1111 2492; x_wconf 90' lang='lat' dir='ltr'><strong>aliud</strong></span> <span class='ocrx_word' id='word_1_213' title='bbox 1128 2431 1237 2492; x_wconf 88' lang='lat' dir='ltr'><strong>deinde</strong></span> <span class='ocrx_word' id='word_1_214' title='bbox 1260 2456 1320 2494; x_wconf 91' lang='lat' dir='ltr'><strong>na-</strong></span> 
     </span>
     <span class='ocr_line' id='line_1_24' title="bbox 88 2517 1321 2610; baseline 0.004 -24"><span class='ocrx_word' id='word_1_215' title='bbox 88 2549 170 2587; x_wconf 89' lang='lat' dir='ltr'><strong>scens</strong></span> <span class='ocrx_word' id='word_1_216' title='bbox 187 2527 294 2587; x_wconf 88' lang='lat' dir='ltr'><strong>animal</strong></span> <span class='ocrx_word' id='word_1_217' title='bbox 321 2517 458 2607; x_wconf 87' lang='lat' dir='ltr'><strong>niigrare:</strong></span> <span class='ocrx_word' id='word_1_218' title='bbox 481 2549 600 2608; x_wconf 90' lang='lat' dir='ltr'><strong>cumque</strong></span> <span class='ocrx_word' id='word_1_219' title='bbox 627 2550 679 2610; x_wconf 90' lang='lat' dir='ltr'><strong>per</strong></span> <span class='ocrx_word' id='word_1_220' title='bbox 702 2531 797 2588; x_wconf 90' lang='lat' dir='ltr'><strong>omnia</strong></span> <span class='ocrx_word' id='word_1_221' title='bbox 823 2531 984 2604; x_wconf 83' lang='lat' dir='ltr'><strong>terrestria,</strong></span> <span class='ocrx_word' id='word_1_222' title='bbox 1004 2531 1114 2589; x_wconf 90' lang='lat' dir='ltr'><strong>marina</strong></span> <span class='ocrx_word' id='word_1_223' title='bbox 1136 2544 1164 2589; x_wconf 90' lang='lat' dir='ltr'><strong>et</strong></span> <span class='ocrx_word' id='word_1_224' title='bbox 1182 2530 1321 2591; x_wconf 88' lang='lat' dir='ltr'><strong>volucria</strong></span> 
     </span>
     <span class='ocr_line' id='line_1_25' title="bbox 88 2610 1320 2707; baseline 0.002 -21"><span class='ocrx_word' id='word_1_225' title='bbox 88 2623 224 2686; x_wconf 88' lang='lat' dir='ltr'><strong>animalia</strong></span> <span class='ocrx_word' id='word_1_226' title='bbox 241 2626 392 2684; x_wconf 89' lang='lat' dir='ltr'><strong>circuitum</strong></span> <span class='ocrx_word' id='word_1_227' title='bbox 410 2627 538 2701; x_wconf 87' lang='lat' dir='ltr'><strong>fecisset,</strong></span> <span class='ocrx_word' id='word_1_228' title='bbox 559 2647 629 2703; x_wconf 36' lang='lat' dir='ltr'><strong>eum,</strong></span> <span class='ocrx_word' id='word_1_229' title='bbox 642 2627 745 2686; x_wconf 89' lang='lat' dir='ltr'><strong>iterum</strong></span> <span class='ocrx_word' id='word_1_230' title='bbox 762 2641 925 2687; x_wconf 89' lang='lat' dir='ltr'><strong>nascentem</strong></span> <span class='ocrx_word' id='word_1_231' title='bbox 944 2628 976 2686; x_wconf 92' lang='lat' dir='ltr'><strong>in</strong></span> <span class='ocrx_word' id='word_1_232' title='bbox 994 2627 1120 2686; x_wconf 90' lang='lat' dir='ltr'><strong>hominis</strong></span> <span class='ocrx_word' id='word_1_233' title='bbox 1135 2610 1240 2707; x_wconf 81' lang='lat' dir='ltr'><strong>corpus</strong></span> <span class='ocrx_word' id='word_1_234' title='bbox 1260 2629 1320 2707; x_wconf 76' lang='lat' dir='ltr'><strong>mi-</strong></span> 
     </span>
     <span class='ocr_line' id='line_1_26' title="bbox 90 2724 1319 2805; baseline 0.004 -24"><span class='ocrx_word' id='word_1_235' title='bbox 90 2744 188 2804; x_wconf 89' lang='lat' dir='ltr'><strong>grare:</strong></span> <span class='ocrx_word' id='word_1_236' title='bbox 208 2724 390 2785; x_wconf 90' lang='lat' dir='ltr'><strong>huncautem</strong></span> <span class='ocrx_word' id='word_1_237' title='bbox 408 2725 444 2784; x_wconf 93' lang='lat' dir='ltr'><strong>ab</strong></span> <span class='ocrx_word' id='word_1_238' title='bbox 463 2747 495 2785; x_wconf 92' lang='lat' dir='ltr'><strong>eo</strong></span> <span class='ocrx_word' id='word_1_239' title='bbox 515 2725 667 2785; x_wconf 90' lang='lat' dir='ltr'><strong>circuitum</strong></span> <span class='ocrx_word' id='word_1_240' title='bbox 685 2724 790 2784; x_wconf 89' lang='lat' dir='ltr'><strong>confici</strong></span> <span class='ocrx_word' id='word_1_241' title='bbox 812 2727 900 2785; x_wconf 88' lang='lat' dir='ltr'><strong>trium</strong></span> <span class='ocrx_word' id='word_1_242' title='bbox 919 2724 1044 2785; x_wconf 90' lang='lat' dir='ltr'><strong>millium</strong></span> <span class='ocrx_word' id='word_1_243' title='bbox 1059 2727 1319 2805; x_wconf 88' lang='lat' dir='ltr'><strong>annorumspatio.</strong></span> 
     </span>
     <span class='ocr_line' id='line_1_27' title="bbox 90 2821 1318 2905; baseline 0.002 -25"><span class='ocrx_word' id='word_1_244' title='bbox 90 2823 114 2880; x_wconf 83' lang='grc' dir='ltr'><strong>Α</strong></span> <span class='ocrx_word' id='word_1_245' title='bbox 129 2821 233 2900; x_wconf 91' lang='lat' dir='ltr'><strong>quihus</strong></span> <span class='ocrx_word' id='word_1_246' title='bbox 252 2823 345 2881; x_wconf 90' lang='lat' dir='ltr'><strong>initiis</strong></span> <span class='ocrx_word' id='word_1_247' title='bbox 368 2822 513 2902; x_wconf 81' lang='lat' dir='ltr'><strong>profectus</strong></span> <span class='ocrx_word' id='word_1_248' title='bbox 530 2824 701 2904; x_wconf 88' lang='lat' dir='ltr'><strong>Pythagoras</strong></span> <span class='ocrx_word' id='word_1_249' title='bbox 711 2869 720 2898; x_wconf 91' lang='lat'><strong>,</strong></span> <span class='ocrx_word' id='word_1_250' title='bbox 731 2892 733 2898; x_wconf 29' lang='grc' dir='ltr'>Ι</span> <span class='ocrx_word' id='word_1_251' title='bbox 739 2822 957 2905; x_wconf 90' lang='lat' dir='ltr'><strong>philosophatus</strong></span> <span class='ocrx_word' id='word_1_252' title='bbox 981 2821 1115 2881; x_wconf 89' lang='lat' dir='ltr'><strong>subtilius</strong></span> <span class='ocrx_word' id='word_1_253' title='bbox 1133 2836 1174 2881; x_wconf 92' lang='lat' dir='ltr'><strong>est</strong></span> <span class='ocrx_word' id='word_1_254' title='bbox 1193 2822 1232 2883; x_wconf 93' lang='lat' dir='ltr'><strong>de</strong></span> <span class='ocrx_word' id='word_1_255' title='bbox 1253 2825 1318 2883; x_wconf 91' lang='lat' dir='ltr'><strong>ani-</strong></span> 
     </span>
     <span class='ocr_line' id='line_1_28' title="bbox 89 2917 1320 3005; baseline 0.003 -29"><span class='ocrx_word' id='word_1_256' title='bbox 89 2940 202 3005; x_wconf 84' lang='lat' dir='ltr'><strong>morum¹</strong></span> <span class='ocrx_word' id='word_1_257' title='bbox 216 2939 268 3000; x_wconf 88' lang='lat' dir='ltr'><strong>per</strong></span> <span class='ocrx_word' id='word_1_258' title='bbox 285 2917 337 2977; x_wconf 90' lang='lat' dir='ltr'><strong>has</strong></span> <span class='ocrx_word' id='word_1_259' title='bbox 364 2919 545 2998; x_wconf 87' lang='lat' dir='ltr'><strong>migrationes</strong></span> <span class='ocrx_word' id='word_1_260' title='bbox 569 2920 787 2995; x_wconf 75' lang='lat' dir='ltr'><strong>emendatione,</strong></span> <span class='ocrx_word' id='word_1_261' title='bbox 808 2941 960 3000; x_wconf 90' lang='lat' dir='ltr'><strong>eorumque</strong></span> <span class='ocrx_word' id='word_1_262' title='bbox 986 2934 1042 2980; x_wconf 88' lang='lat' dir='ltr'><strong>tam</strong></span> <span class='ocrx_word' id='word_1_263' title='bbox 1070 2921 1207 3000; x_wconf 88' lang='lat' dir='ltr'><strong>pristina,</strong></span> <span class='ocrx_word' id='word_1_264' title='bbox 1229 2943 1320 3000; x_wconf 90' lang='lat' dir='ltr'><strong>quam</strong></span> 
     </span>
     <span class='ocr_line' id='line_1_29' title="bbox 90 3015 1321 3096; baseline 0.002 -19"><span class='ocrx_word' id='word_1_265' title='bbox 90 3018 187 3077; x_wconf 85' lang='lat' dir='ltr'><strong>lutura</strong></span> <span class='ocrx_word' id='word_1_266' title='bbox 205 3015 390 3089; x_wconf 89' lang='lat' dir='ltr'><strong>conditione,</strong></span> <span class='ocrx_word' id='word_1_267' title='bbox 411 3019 583 3096; x_wconf 89' lang='lat' dir='ltr'><strong>statuitque,</strong></span> <span class='ocrx_word' id='word_1_268' title='bbox 606 3039 657 3077; x_wconf 91' lang='lat' dir='ltr'><strong>nos</strong></span> <span class='ocrx_word' id='word_1_269' title='bbox 677 3015 796 3081; x_wconf 87' lang='lat' dir='ltr'><strong>aliunde</strong></span> <span class='ocrx_word' id='word_1_270' title='bbox 815 3020 846 3077; x_wconf 93' lang='lat' dir='ltr'><strong>in</strong></span> <span class='ocrx_word' id='word_1_271' title='bbox 873 3019 948 3076; x_wconf 90' lang='lat' dir='ltr'><strong>hanc</strong></span> <span class='ocrx_word' id='word_1_272' title='bbox 967 3031 1071 3076; x_wconf 90' lang='lat' dir='ltr'><strong>terram</strong></span> <span class='ocrx_word' id='word_1_273' title='bbox 1097 3018 1249 3096; x_wconf 87' lang='lat' dir='ltr'><strong>migrasse,</strong></span> <span class='ocrx_word' id='word_1_274' title='bbox 1272 3034 1321 3079; x_wconf 86' lang='lat' dir='ltr'><strong>at·</strong></span> 
     </span>
     <span class='ocr_line' id='line_1_30' title="bbox 91 3114 1319 3196; baseline 0.001 -22"><span class='ocrx_word' id='word_1_275' title='bbox 91 3136 146 3196; x_wconf 90' lang='lat' dir='ltr'><strong>que</strong></span> <span class='ocrx_word' id='word_1_276' title='bbox 157 3161 166 3190; x_wconf 95' lang='lat'><strong>,</strong></span> <span class='ocrx_word' id='word_1_277' title='bbox 187 3127 218 3173; x_wconf 92' lang='lat' dir='ltr'><strong>ut</strong></span> <span class='ocrx_word' id='word_1_278' title='bbox 237 3115 336 3174; x_wconf 87' lang='lat' dir='ltr'><strong>Cicero</strong></span> <span class='ocrx_word' id='word_1_279' title='bbox 355 3114 574 3194; x_wconf 83' lang='lat' dir='ltr'><strong>interpretatur,</strong></span> <span class='ocrx_word' id='word_1_280' title='bbox 594 3117 674 3195; x_wconf 90' lang='lat' dir='ltr'><strong>quasi</strong></span> <span class='ocrx_word' id='word_1_281' title='bbox 694 3116 726 3175; x_wconf 89' lang='lat' dir='ltr'><strong>in</strong></span> <span class='ocrx_word' id='word_1_282' title='bbox 743 3131 882 3175; x_wconf 91' lang='lat' dir='ltr'><strong>mercatus</strong></span> <span class='ocrx_word' id='word_1_283' title='bbox 900 3115 1044 3195; x_wconf 91' lang='lat' dir='ltr'><strong>quandam</strong></span> <span class='ocrx_word' id='word_1_284' title='bbox 1065 3114 1260 3175; x_wconf 89' lang='lat' dir='ltr'><strong>celebritatem</strong></span> <span class='ocrx_word' id='word_1_285' title='bbox 1281 3138 1319 3177; x_wconf 83' lang='lat' dir='ltr'><strong>cx</strong></span> 
     </span>
     <span class='ocr_line' id='line_1_31' title="bbox 91 3203 1205 3294; baseline 0 -22"><span class='ocrx_word' id='word_1_286' title='bbox 91 3213 162 3272; x_wconf 88' lang='lat' dir='ltr'><strong>urbe</strong></span> <span class='ocrx_word' id='word_1_287' title='bbox 181 3212 297 3290; x_wconf 90' lang='lat' dir='ltr'><strong>aliqua,</strong></span> <span class='ocrx_word' id='word_1_288' title='bbox 317 3212 358 3271; x_wconf 91' lang='lat' dir='ltr'><strong>sic</strong></span> <span class='ocrx_word' id='word_1_289' title='bbox 378 3212 410 3270; x_wconf 89' lang='lat' dir='ltr'><strong>in</strong></span> <span class='ocrx_word' id='word_1_290' title='bbox 427 3211 504 3271; x_wconf 93' lang='lat' dir='ltr'><strong>hanc</strong></span> <span class='ocrx_word' id='word_1_291' title='bbox 524 3214 612 3273; x_wconf 88' lang='lat' dir='ltr'><strong>vitam</strong></span> <span class='ocrx_word' id='word_1_292' title='bbox 631 3233 667 3270; x_wconf 86' lang='lat' dir='ltr'><strong>ex</strong></span> <span class='ocrx_word' id='word_1_293' title='bbox 687 3213 743 3272; x_wconf 90' lang='lat' dir='ltr'><strong>alia</strong></span> <span class='ocrx_word' id='word_1_294' title='bbox 762 3215 822 3273; x_wconf 83' lang='lat' dir='ltr'><strong>rita</strong></span> <span class='ocrx_word' id='word_1_295' title='bbox 840 3228 868 3273; x_wconf 91' lang='lat' dir='ltr'><strong>et</strong></span> <span class='ocrx_word' id='word_1_296' title='bbox 886 3227 987 3273; x_wconf 89' lang='lat' dir='ltr'><strong>natura</strong></span> <span class='ocrx_word' id='word_1_297' title='bbox 1001 3213 1150 3292; x_wconf 77' lang='lat' dir='ltr'><strong>profectos</strong></span> <span class='ocrx_word' id='word_1_298' title='bbox 1172 3203 1205 3294; x_wconf 83' lang='lat'><strong>3)</strong></span> 
     </span>
    </p>

    <p class='ocr_par' dir='ltr' id='par_1_3' title="bbox 1 3310 1323 4076">
     <span class='ocr_line' id='line_1_32' title="bbox 132 3310 1321 3393; baseline 0.002 -23"><span class='ocrx_word' id='word_1_299' title='bbox 132 3311 318 3393; x_wconf 83' lang='lat' dir='ltr'><strong>Pythagom&#39;ca</strong></span> <span class='ocrx_word' id='word_1_300' title='bbox 345 3333 404 3370; x_wconf 92' lang='lat' dir='ltr'><strong>non</strong></span> <span class='ocrx_word' id='word_1_301' title='bbox 432 3312 544 3387; x_wconf 90' lang='lat' dir='ltr'><strong>minus,</strong></span> <span class='ocrx_word' id='word_1_302' title='bbox 565 3333 649 3390; x_wconf 87' lang='lat' dir='ltr'><strong>quarn</strong></span> <span class='ocrx_word' id='word_1_303' title='bbox 673 3310 833 3386; x_wconf 90' lang='lat' dir='ltr'><strong>Socratica,</strong></span> <span class='ocrx_word' id='word_1_304' title='bbox 860 3310 1016 3390; x_wconf 89' lang='lat' dir='ltr'><strong>disciplina</strong></span> <span class='ocrx_word' id='word_1_305' title='bbox 1035 3311 1167 3369; x_wconf 88' lang='lat' dir='ltr'><strong>animum</strong></span> <span class='ocrx_word' id='word_1_306' title='bbox 1189 3310 1321 3372; x_wconf 86' lang='lat' dir='ltr'><strong>advertit</strong></span> 
     </span>
     <span class='ocr_line' id='line_1_33' title="bbox 91 3407 1321 3487; baseline 0.002 -19"><span class='ocrx_word' id='word_1_307' title='bbox 91 3410 240 3487; x_wconf 88' lang='lat' dir='ltr'><strong>tenuitque</strong></span> <span class='ocrx_word' id='word_1_308' title='bbox 259 3407 395 3468; x_wconf 91' lang='lat' dir='ltr'><strong>Platonis.</strong></span> <span class='ocrx_word' id='word_1_309' title='bbox 421 3410 481 3468; x_wconf 92' lang='lat' dir='ltr'><strong>Hac</strong></span> <span class='ocrx_word' id='word_1_310' title='bbox 502 3410 636 3468; x_wconf 90' lang='lat' dir='ltr'><strong>incensus</strong></span> <span class='ocrx_word' id='word_1_311' title='bbox 654 3423 696 3468; x_wconf 89' lang='lat' dir='ltr'><strong>est</strong></span> <span class='ocrx_word' id='word_1_312' title='bbox 713 3409 848 3468; x_wconf 89' lang='lat' dir='ltr'><strong>acerrimo</strong></span> <span class='ocrx_word' id='word_1_313' title='bbox 867 3409 996 3469; x_wconf 78' lang='lat' dir='ltr'><strong>veritatis</strong></span> <span class='ocrx_word' id='word_1_314' title='bbox 1015 3408 1184 3486; x_wconf 86' lang='lat' dir='ltr'><strong>virtutisque</strong></span> <span class='ocrx_word' id='word_1_315' title='bbox 1205 3409 1321 3487; x_wconf 83' lang='lat' dir='ltr'><strong>studio,</strong></span> 
     </span>
     <span class='ocr_line' id='line_1_34' title="bbox 1 3496 1320 3586; baseline 0.002 -21"><span class='ocrx_word' id='word_1_316' title='bbox 1 3512 4 3534; x_wconf 80' lang='lat'><strong>¹</strong></span> <span class='ocrx_word' id='word_1_317' title='bbox 92 3507 145 3565; x_wconf 80' lang='lat' dir='ltr'><strong>illa</strong></span> <span class='ocrx_word' id='word_1_318' title='bbox 164 3496 305 3566; x_wconf 85' lang='lat' dir='ltr'><strong>adductus</strong></span> <span class='ocrx_word' id='word_1_319' title='bbox 325 3505 441 3565; x_wconf 87' lang='lat' dir='ltr'><strong>ridetur</strong></span> <span class='ocrx_word' id='word_1_320' title='bbox 460 3505 497 3566; x_wconf 90' lang='lat' dir='ltr'><strong>ad</strong></span> <span class='ocrx_word' id='word_1_321' title='bbox 525 3506 680 3580; x_wconf 90' lang='lat' dir='ltr'><strong>sublimes,</strong></span> <span class='ocrx_word' id='word_1_322' title='bbox 701 3528 771 3586; x_wconf 88' lang='lat' dir='ltr'><strong>quas</strong></span> <span class='ocrx_word' id='word_1_323' title='bbox 797 3504 945 3586; x_wconf 89' lang='lat' dir='ltr'><strong>prodidit,</strong></span> <span class='ocrx_word' id='word_1_324' title='bbox 967 3504 1003 3565; x_wconf 91' lang='lat' dir='ltr'><strong>de</strong></span> <span class='ocrx_word' id='word_1_325' title='bbox 1030 3506 1125 3564; x_wconf 92' lang='lat' dir='ltr'><strong>animo</strong></span> <span class='ocrx_word' id='word_1_326' title='bbox 1148 3507 1320 3567; x_wconf 87' lang='lat' dir='ltr'><strong>sententias.</strong></span> 
     </span>
     <span class='ocr_line' id='line_1_35' title="bbox 92 3591 1323 3686; baseline 0.002 -23"><span class='ocrx_word' id='word_1_327' title='bbox 92 3605 191 3683; x_wconf 89' lang='lat' dir='ltr'><strong>Itaque</strong></span> <span class='ocrx_word' id='word_1_328' title='bbox 211 3603 352 3664; x_wconf 88' lang='lat' dir='ltr'><strong>Socratem</strong></span> <span class='ocrx_word' id='word_1_329' title='bbox 371 3591 541 3683; x_wconf 86' lang='lat' dir='ltr'><strong>indialogis</strong></span> <span class='ocrx_word' id='word_1_330' title='bbox 555 3605 614 3663; x_wconf 88' lang='lat' dir='ltr'><strong>lere</strong></span> <span class='ocrx_word' id='word_1_331' title='bbox 634 3604 766 3664; x_wconf 89' lang='lat' dir='ltr'><strong>omnibus</strong></span> <span class='ocrx_word' id='word_1_332' title='bbox 786 3603 979 3686; x_wconf 87' lang='lat' dir='ltr'><strong>disputantem</strong></span> <span class='ocrx_word' id='word_1_333' title='bbox 993 3602 1111 3662; x_wconf 89' lang='lat' dir='ltr'><strong>induxit</strong></span> <span class='ocrx_word' id='word_1_334' title='bbox 1120 3627 1128 3680; x_wconf 80' lang='lat'>3</span> <span class='ocrx_word' id='word_1_335' title='bbox 1151 3603 1202 3662; x_wconf 90' lang='lat' dir='ltr'><strong>sed</strong></span> <span class='ocrx_word' id='word_1_336' title='bbox 1221 3603 1323 3665; x_wconf 90' lang='lat' dir='ltr'><strong>eidem</strong></span> 
     </span>
     <span class='ocr_line' id='line_1_36' title="bbox 93 3700 1321 3782; baseline 0.001 -20"><span class='ocrx_word' id='word_1_337' title='bbox 93 3702 201 3762; x_wconf 87' lang='lat' dir='ltr'><strong>Socrati</strong></span> <span class='ocrx_word' id='word_1_338' title='bbox 220 3702 251 3760; x_wconf 90' lang='lat' dir='ltr'><strong>in</strong></span> <span class='ocrx_word' id='word_1_339' title='bbox 269 3702 371 3761; x_wconf 90' lang='lat' dir='ltr'><strong>iisdem</strong></span> <span class='ocrx_word' id='word_1_340' title='bbox 390 3701 566 3761; x_wconf 89' lang='lat' dir='ltr'><strong>sermonibus</strong></span> <span class='ocrx_word' id='word_1_341' title='bbox 589 3700 678 3761; x_wconf 89' lang='lat' dir='ltr'><strong>multa</strong></span> <span class='ocrx_word' id='word_1_342' title='bbox 697 3702 821 3762; x_wconf 90' lang='lat' dir='ltr'><strong>subinde</strong></span> <span class='ocrx_word' id='word_1_343' title='bbox 839 3701 961 3777; x_wconf 90' lang='lat' dir='ltr'><strong>tribuit,</strong></span> <span class='ocrx_word' id='word_1_344' title='bbox 982 3723 1054 3782; x_wconf 90' lang='lat' dir='ltr'><strong>quae</strong></span> <span class='ocrx_word' id='word_1_345' title='bbox 1078 3722 1137 3760; x_wconf 91' lang='lat' dir='ltr'><strong>non</strong></span> <span class='ocrx_word' id='word_1_346' title='bbox 1160 3701 1235 3781; x_wconf 87' lang='lat' dir='ltr'><strong>ipsi,</strong></span> <span class='ocrx_word' id='word_1_347' title='bbox 1265 3702 1321 3763; x_wconf 87' lang='lat' dir='ltr'><strong>sed</strong></span> 
     </span>
     <span class='ocr_line' id='line_1_37' title="bbox 93 3784 1322 3881; baseline 0.002 -22"><span class='ocrx_word' id='word_1_348' title='bbox 93 3802 154 3861; x_wconf 81' lang='lat' dir='ltr'><strong>sive</strong></span> <span class='ocrx_word' id='word_1_349' title='bbox 173 3799 347 3880; x_wconf 86' lang='lat' dir='ltr'><strong>Pythagorae</strong></span> <span class='ocrx_word' id='word_1_350' title='bbox 365 3801 424 3859; x_wconf 82' lang='lat' dir='ltr'><strong>sire</strong></span> <span class='ocrx_word' id='word_1_351' title='bbox 443 3799 625 3880; x_wconf 88' lang='lat' dir='ltr'><strong>Pythagoreis</strong></span> <span class='ocrx_word' id='word_1_352' title='bbox 634 3784 725 3860; x_wconf 58' lang='lat' dir='ltr'><strong>‘erant</strong></span> <span class='ocrx_word' id='word_1_353' title='bbox 744 3802 868 3881; x_wconf 89' lang='lat' dir='ltr'><strong>propria.</strong></span> <span class='ocrx_word' id='word_1_354' title='bbox 909 3800 1010 3875; x_wconf 87' lang='lat' dir='ltr'><strong>Qualis</strong></span> <span class='ocrx_word' id='word_1_355' title='bbox 1036 3813 1077 3858; x_wconf 93' lang='lat' dir='ltr'><strong>est</strong></span> <span class='ocrx_word' id='word_1_356' title='bbox 1095 3797 1322 3861; x_wconf 80' lang='lat' dir='ltr'><strong>celebratissima</strong></span> 
     </span>
     <span class='ocr_line' id='line_1_38' title="bbox 93 3895 1320 3980; baseline 0.002 -24"><span class='ocrx_word' id='word_1_357' title='bbox 93 3897 145 3963; x_wconf 87' lang='lat' dir='ltr'><strong>illa</strong></span> <span class='ocrx_word' id='word_1_358' title='bbox 165 3898 200 3956; x_wconf 92' lang='lat' dir='ltr'><strong>de</strong></span> <span class='ocrx_word' id='word_1_359' title='bbox 220 3898 315 3956; x_wconf 92' lang='lat' dir='ltr'><strong>animo</strong></span> <span class='ocrx_word' id='word_1_360' title='bbox 338 3897 512 3980; x_wconf 88' lang='lat' dir='ltr'><strong>disputatio,</strong></span> <span class='ocrx_word' id='word_1_361' title='bbox 532 3921 616 3978; x_wconf 91' lang='lat' dir='ltr'><strong>qnam</strong></span> <span class='ocrx_word' id='word_1_362' title='bbox 636 3900 669 3959; x_wconf 92' lang='lat' dir='ltr'><strong>in</strong></span> <span class='ocrx_word' id='word_1_363' title='bbox 694 3897 844 3958; x_wconf 90' lang='lat' dir='ltr'><strong>Phaedone</strong></span> <span class='ocrx_word' id='word_1_364' title='bbox 871 3899 1004 3958; x_wconf 90' lang='lat' dir='ltr'><strong>habuisse</strong></span> <span class='ocrx_word' id='word_1_365' title='bbox 1032 3895 1320 3977; x_wconf 67' lang='lat' dir='ltr'><strong>lingiturSocrates.</strong></span> 
     </span>
     <span class='ocr_line' id='line_1_39' title="bbox 94 3995 1322 4076; baseline 0.004 -26"><span class='ocrx_word' id='word_1_366' title='bbox 94 3997 201 4071; x_wconf 89' lang='lat' dir='ltr'><strong>Vetus,</strong></span> <span class='ocrx_word' id='word_1_367' title='bbox 223 3997 336 4075; x_wconf 90' lang='lat' dir='ltr'><strong>inquit,</strong></span> <span class='ocrx_word' id='word_1_368' title='bbox 357 4017 446 4056; x_wconf 87' lang='lat' dir='ltr'><strong>sermo</strong></span> <span class='ocrx_word' id='word_1_369' title='bbox 474 4011 534 4071; x_wconf 91' lang='lat' dir='ltr'><strong>est,</strong></span> <span class='ocrx_word' id='word_1_370' title='bbox 557 3999 666 4057; x_wconf 92' lang='lat' dir='ltr'><strong>animos</strong></span> <span class='ocrx_word' id='word_1_371' title='bbox 691 3997 839 4056; x_wconf 90' lang='lat' dir='ltr'><strong>hominum</strong></span> <span class='ocrx_word' id='word_1_372' title='bbox 856 3996 924 4055; x_wconf 93' lang='lat' dir='ltr'><strong>hinc</strong></span> <span class='ocrx_word' id='word_1_373' title='bbox 944 3996 1083 4076; x_wconf 85' lang='lat' dir='ltr'><strong>profectos</strong></span> <span class='ocrx_word' id='word_1_374' title='bbox 1102 3995 1133 4054; x_wconf 92' lang='lat' dir='ltr'><strong>in</strong></span> <span class='ocrx_word' id='word_1_375' title='bbox 1152 4015 1218 4053; x_wconf 93' lang='lat' dir='ltr'><strong>orco</strong></span> <span class='ocrx_word' id='word_1_376' title='bbox 1236 4016 1322 4072; x_wconf 88' lang='lat' dir='ltr'><strong>csse,</strong></span> 
     </span>
    </p>
   </div>
   <div class='ocr_carea' id='block_1_3' title="bbox 96 4173 1321 4413">
    <p class='ocr_par' dir='ltr' id='par_1_4' title="bbox 96 4173 1321 4413">
     <span class='ocr_line' id='line_1_40' title="bbox 128 4173 1321 4244; baseline -0.002 -14"><span class='ocrx_word' id='word_1_377' title='bbox 128 4177 153 4242; x_wconf 87' lang='lat' dir='ltr'><strong>l)</strong></span> <span class='ocrx_word' id='word_1_378' title='bbox 172 4179 240 4231; x_wconf 87' lang='lat' dir='ltr'><strong>Loca</strong></span> <span class='ocrx_word' id='word_1_379' title='bbox 261 4181 309 4231; x_wconf 90' lang='lat' dir='ltr'><strong>hac</strong></span> <span class='ocrx_word' id='word_1_380' title='bbox 331 4179 364 4230; x_wconf 82' lang='lat' dir='ltr'><strong>de</strong></span> <span class='ocrx_word' id='word_1_381' title='bbox 387 4196 415 4231; x_wconf 89' lang='lat' dir='ltr'><strong>re</strong></span> <span class='ocrx_word' id='word_1_382' title='bbox 435 4188 550 4233; x_wconf 85' lang='lat' dir='ltr'><strong>veterum</strong></span> <span class='ocrx_word' id='word_1_383' title='bbox 565 4181 716 4233; x_wconf 83' lang='lat' dir='ltr'><strong>memoravit</strong></span> <span class='ocrx_word' id='word_1_384' title='bbox 729 4189 755 4231; x_wconf 85' lang='lat' dir='ltr'><strong>et</strong></span> <span class='ocrx_word' id='word_1_385' title='bbox 770 4179 918 4244; x_wconf 84' lang='lat' dir='ltr'><strong>dijudicavit</strong></span> <span class='ocrx_word' id='word_1_386' title='bbox 932 4179 1052 4239; x_wconf 79' lang='lat' dir='ltr'><strong>Meiners,</strong></span> <span class='ocrx_word' id='word_1_387' title='bbox 1074 4175 1165 4228; x_wconf 86' lang='lat' dir='ltr'><strong>Gesch.</strong></span> <span class='ocrx_word' id='word_1_388' title='bbox 1178 4173 1225 4227; x_wconf 84' lang='lat' dir='ltr'><strong>der</strong></span> <span class='ocrx_word' id='word_1_389' title='bbox 1237 4177 1321 4230; x_wconf 83' lang='lat' dir='ltr'><strong>Wiss.</strong></span> 
     </span>
     <span class='ocr_line' id='line_1_41' title="bbox 96 4265 255 4333; baseline 0 -17"><span class='ocrx_word' id='word_1_390' title='bbox 96 4265 115 4316; x_wconf 92' lang='lat' dir='ltr'><strong>l.</strong></span> <span class='ocrx_word' id='word_1_391' title='bbox 133 4265 182 4316; x_wconf 74' lang='lat'><strong>405</strong></span> <span class='ocrx_word' id='word_1_392' title='bbox 201 4283 255 4333; x_wconf 87' lang='lat' dir='ltr'><strong>sqq.</strong></span> 
     </span>
     <span class='ocr_line' id='line_1_42' title="bbox 130 4347 281 4413; baseline 0 -15"><span class='ocrx_word' id='word_1_393' title='bbox 130 4347 156 4413; x_wconf 74' lang='grc'><strong>2)</strong></span> <span class='ocrx_word' id='word_1_394' title='bbox 174 4351 204 4401; x_wconf 90' lang='lat' dir='ltr'><strong>tl.</strong></span> <span class='ocrx_word' id='word_1_395' title='bbox 224 4348 281 4400; x_wconf 84' lang='lat'><strong>123.</strong></span> 
     </span>
    </p>
   </div>
   <div class='ocr_carea' id='block_1_4' title="bbox 130 4412 428 4500">
    <p class='ocr_par' dir='ltr' id='par_1_5' title="bbox 130 4412 428 4500">
     <span class='ocr_line' id='line_1_43' title="bbox 130 4412 428 4500; baseline -0.027 -12"><span class='ocrx_word' id='word_1_396' title='bbox 130 4432 157 4500; x_wconf 81' lang='lat' dir='ltr'><strong>a)</strong></span> <span class='ocrx_word' id='word_1_397' title='bbox 178 4436 246 4488; x_wconf 65' lang='lat' dir='ltr'><strong>ruse.</strong></span> <span class='ocrx_word' id='word_1_398' title='bbox 265 4437 293 4500; x_wconf 74' lang='lat' dir='ltr'><strong>(a.</strong></span> <span class='ocrx_word' id='word_1_399' title='bbox 311 4435 340 4484; x_wconf 92' lang='lat' dir='ltr'><strong>v.</strong></span> <span class='ocrx_word' id='word_1_400' title='bbox 359 4432 383 4481; x_wconf 86' lang='lat' dir='ltr'><strong>a.</strong></span> <span class='ocrx_word' id='word_1_401' title='bbox 410 4412 428 4453; x_wconf 48' lang='lat'><strong>1&#39;</strong></span> 
     </span>
    </p>
   </div>
   <div class='ocr_carea' id='block_1_5' title="bbox 0 0 1422 5048">
    <p class='ocr_par' dir='ltr' id='par_1_6' title="bbox 0 0 1422 5048">
     <span class='ocr_line' id='line_1_44' title="bbox 0 0 1422 5048; baseline 0 0"><span class='ocrx_word' id='word_1_402' title='bbox 0 0 1422 5048; x_wconf 95' lang='lat' dir='ltr'><strong> </strong></span> 
     </span>
    </p>
   </div>
  </div>
 </body>
</html>
