2774 5048
701 243 761 303 200

123 426 240 485 naequer
251 420 370 465 naturae
388 406 527 465 rationem
545 403 658 465 habuit.
699 406 795 465 Potuit
812 404 844 464 id
863 404 948 464 nobis
966 404 999 462 in
1018 403 1234 495 suprrinrihpm,
1252 424 1323 483 quum

122 504 158 564 de
181 504 288 563 musica
313 517 341 562 et
365 504 540 584 gymnastiea
558 522 713 582 ageremus.
754 501 928 564 custodibus
948 502 1077 563 civitatis
1095 502 1148 562 has
1167 515 1242 563 artes
1257 502 1323 563 adhi-

121 602 204 676 buit,
224 615 256 660 ut
273 601 473 661 excolerentur
489 602 544 661 rite
563 613 648 680 atque
664 600 702 662 ad
718 600 920 661 fortitudinem
935 598 1022 659 simul
1036 614 1121 679 atque
1135 599 1324 663 humanitatem

121 700 343 760 adducerentur.
384 698 468 774 Quod
487 698 556 757 fecit
576 697 629 757 illo
647 699 679 757 in
698 720 803 779 opere,
824 719 881 776 quo
898 699 1054 779 perfectam
1073 698 1252 779 reipublicae
1266 720 1324 761 cou-

63 844 65 848 1
122 798 262 857 ditionem
282 796 474 858 adumbravit.
516 796 655 855 Similiter
676 818 726 856 nos
745 796 799 855 hoc
821 795 882 855 loco
903 795 939 855 de
960 795 1126 877 disciplinis
1144 797 1322 877 disquisituri,

122 917 181 955 non
201 917 247 954 eas
266 895 353 969 solas,
374 895 450 975 ipsas
468 915 520 975 per
538 915 567 954 se
585 908 697 955 tantum
717 893 981 968 considerabimus,
1001 893 1053 955 sed
1074 916 1131 953 una
1151 896 1323 991 spectabimp

122 993 273 1061 custodum
301 993 417 1051 illorum
444 993 582 1073 optimos,
607 993 658 1073 qui
687 1012 783 1073 regere
807 991 963 1071 aliquando
989 993 1135 1052 civitatem
1156 993 1239 1053 illam
1255 993 1321 1055 debs·

121 1090 205 1151 bunt.
235 1090 323 1149 Illum
339 1091 429 1149 secuti
448 1090 551 1150 ducem
572 1104 715 1166 nostrum,
736 1112 772 1149 ex
791 1090 889 1150 eodem
907 1111 992 1171 opere
1009 1091 1163 1171 palmario,
1185 1112 1222 1151 ex
1241 1092 1321 1153 iiiii·

122 1189 182 1248 illis
205 1189 380 1247 suavissimis
399 1187 522 1247 Socratis
541 1209 606 1248 cum
624 1178 771 1250 Glaucone
791 1203 819 1247 et
839 1187 993 1247 Adimanto
1012 1189 1211 1265 sermonibus,
1232 1190 1320 1249 futuru

121 1286 173 1346 hos
197 1287 324 1347 civitatis
349 1286 488 1366 perfectae
513 1285 734 1365 gubernatores,
765 1286 863 1365 quales
887 1307 946 1345 esse
975 1286 1118 1362 debeant,
1147 1302 1179 1347 ct
1203 1286 1320 1367 quomodo

122 1406 174 1465 per
199 1383 371 1464 disciplinas
397 1384 575 1463 gravissimas
604 1380 762 1445 ad'tantas
785 1405 830 1442 res
854 1383 1051 1465 suscipiendas
1074 1385 1254 1466 agendasque
1271 1406 1320 1445 eru·

122 1481 225 1542 diendi
247 1481 482 1583 proveheqdique
499 1482 573 1557 sint,
593 1481 739 1543 declarare
757 1482 945 1543 studebimus.
985 1483 1093 1562 Inque
1113 1485 1320 1565 gravissimam!

123 1600 220 1638 rerum
239 1578 456 1658 disquisitione,
484 1579 650 1659 priusquam
668 1580 707 1640 ad
728 1580 1018 1661 ipsamdialecticam
1035 1583 1255 1663 perveniamus,
1270 1604 1321 1643 ctu·

124 1679 208 1737 tinuo
236 1677 338 1752 nobis,
368 1699 424 1756 quo
450 1679 589 1754 soleant,
620 1683 693 1759 quid
714 1680 829 1759 offirmo
851 1686 981 1737 mamma
1004 1681 1183 1758 disciplinas
1202 1684 1321 1755 minu,

125 1773 334 1856 explorandum
358 1776 428 1834 erit:
460 1789 521 1834 tum
545 1779 600 1838 tria
625 1777 870 1855 considerabimus
889 1776 969 1837 haud
987 1799 1055 1837 sane
1074 1777 1170 1841 levia:
1200 1781 1322 1862 primun,

75 1924 83 1953 ·.·
123 1870 202 1962 quod
228 1881 400 1962 disciplinas
422 1896 547 1962 spectat,
568 1900 641 1936 num
665 1886 706 1937 sii
729 1898 835 1935 aarum
854 1898 1007 1935 commune
1025 1878 1189 1955 quoddam,
1217 1898 1323 1959 quoss-

126 1987 200 2039 trsrd
226 1987 472 2060 emporegontnr,
503 1979 677 2037 mncnlnns:
705 1996 762 2053 quo
781 1986 928 2055 perspecto
946 1973 1061 2034 facilior
1079 1974 1166 2036 nobis
1185 1978 1238 2037 erit
1255 1996 1325 2058 gens*

125 2098 250 2139 rusorum
274 2079 436 2155 ‘iuvenum
466 2076 571 2156 quibus
597 2072 754 2133 tradendae
782 2085 885 2147 erunt,
917 2072 1078 2132 institutio:
1109 2072 1237 2152 deinde,
1263 2072 1326 2155 quod

121 2179 245 2257 juvenes
269 2176 320 2235 hos
343 2176 418 2256 ipsos
446 2176 568 2249 attinet,
597 2180 722 2251 quinam
735 2178 858 2248 propris
879 2172 997 2229 diremi
1011 2173 1180 2250 philosophi
1199 2182 1277 2234 sint:
1299 2168 1325 2233 id

125 2275 203 2334 enim
221 2271 397 2347 tenendum,
419 2286 451 2331 ut
470 2272 507 2331 ad
528 2270 605 2330 illud
627 2291 673 2329 eos
691 2268 886 2343 adducamus,
916 2269 1000 2359 quod¹
1013 2271 1046 2329 in
1064 2271 1248 2353 philosophia
1262 2292 1325 2333 sun·

125 2392 203 2431 mum
224 2384 282 2429 est:
311 2371 429 2430 tandem
440 2416 447 2444 ,
474 2390 529 2449 quo
549 2383 577 2427 et
597 2367 767 2453 disciplinas
785 2381 813 2426 et
830 2370 973 2445 juvenum
993 2369 1088 2429 studio
1107 2371 1323 2452 complectemur,

127 2472 233 2548 quibus
257 2470 290 2527 lti
313 2471 483 2546 disciplinis
507 2468 668 2527 erudiendi
688 2473 952 2544 praecinuerint,
979 2479 1015 2526 nt
1032 2478 1063 2526 et
1080 2456 1323 2549 assequuntur-lt·

127 2575 235 2627 nitatis
262 2575 419 2626 scientiam
431 2614 440 2643 ,
480 2577 510 2626 ei
533 2573 669 2626 assecuti
698 2567 836 2641 conferre
864 2566 952 2624 illam
976 2568 1081 2625 deinde
1103 2575 1138 2638 in
1163 2571 1322 2647 reipublic«

127 2670 258 2726 salutem
276 2674 399 2742 possint.

170 2862 244 2963 sto
266 2866 394 2921 acient
415 2871 585 2936 manime,
607 2862 695 2940 qnid
715 2862 886 2936 officere
906 2862 1134 2941 disciplinas
1152 2862 1295 2924 dabani?

168 3060 208 3121 Ut
230 3060 317 3140 igitm·
340 3058 560 3140 disciplinarum
577 3059 636 3120 vim
658 3054 695 3115 ad
715 3056 898 3136 aperiendam
918 3059 1066 3118 veritatem
1082 3060 1271 3142 percipiamus
1283 3020 1337 3141 Fi

128 3158 224 3232 nitus,
244 3176 377 3237 praesens
393 3158 464 3216 haec
483 3158 573 3217 animi
594 3156 683 3215 nostri
702 3153 832 3215 conditio
851 3156 906 3214 rite
922 3170 967 3231 ¹est
984 3178 1021 3216 ex
1036 3158 1086 3232 iis,
1107 3162 1251 3239 quaejam
1263 3156 1319 3219 dieu

128 3270 214 3329 sunt,
245 3252 407 3314 efficienda.
449 3255 597 3336 Expressit
622 3273 682 3312 eam
709 3252 788 3311 Plato
815 3253 978 3333 aptissime,
1007 3277 1095 3336 quum
1122 3257 1259 3337 ejusmodi
1279 3270 1319 3315 eut

129 3353 254 3427 diceret,
284 3365 316 3411 ut
343 3354 546 3411 somniantium
571 3372 623 3411 nos
650 3351 760 3423 instar,
785 3350 884 3410 videre
901 3354 985 3414 nobis
1004 3355 1174 3431 videamur,
1194 3368 1320 3438 quae'utl

130 3466 215 3527 sunt3
247 3472 318 3530 quae
351 3470 418 3510 vcro
447 3465 533 3526 sunt,
565 3471 625 3508 non
653 3447 809 3507 videamus.
834 3447 864 3529 1)
889 3451 960 3512 Nam
989 3467 1138 3534 postquam
1164 3454 1219 3515 hoc
1243 3464 1320 3534 corpff

129 3549 294 3624 induimus,
326 3571 386 3609 non
417 3551 501 3609 licuit
530 3548 614 3608 nobis
642 3540 678 3607 sci
706 3540 790 3621 ὄντα,
823 3568 859 3606 oo
884 3562 1067 3628 quaesunt,
1095 3553 1114 3612 i.
1137 3574 1162 3613 e.
1185 3550 1320 3631 idsosiptt

129 3648 224 3706 animo
249 3648 374 3724 intueri;
404 3649 530 3730 corporis
552 3649 683 3708 sensibus
705 3651 746 3708 uti
772 3650 861 3709 coacti
887 3670 1002 3724 sumus,
1027 3650 1134 3729 quibus
1157 3644 1320 3711 tiemonis

129 3746 176 3805 his
200 3740 282 3805 terris
296 3767 355 3805 non
377 3747 434 3805 nisi
447 3747 596 3806 simulacra
617 3747 774 3825 quaedam,
794 3763 821 3807 et
840 3748 958 3807 obscura
976 3749 1093 3827 quidem
1113 3750 1166 3808 illa
1187 3740 1320 3811 cessissit

128 3843 394 3923 contemplaremur.
436 3846 513 3904 Hinc
540 3845 591 3920 lit,
620 3859 650 3904 ut
679 3848 848 3927 opinemur,
878 3869 936 3906 non
961 3847 1097 3906 sciamus:
1125 3844 1269 3909 videamur
1285 3860 1320 3902 ct·

129 3962 262 4021 gnoscere
273 3987 281 4015 ,
313 3962 372 3999 non
398 3961 613 4022 cognoscamus:
647 3943 816 4002 fluctuemus
842 3946 959 4004 omnino
986 3947 1089 4005 incerti
1109 3948 1186 4007 inter
1206 3943 1318 4007 inscito

130 4054 157 4098 et
182 4040 339 4098 scientiam.
381 4039 431 4097 Est
456 4040 533 4098 enim
560 4049 706 4118 opinionis
732 4041 801 4101 haec
832 4058 953 4120 natura,
983 4059 1014 4103 ut
1040 4067 1101 4104 non
1124 4047 1161 4106 sit
1182 4044 1318 4107 inscitia*

130 4138 281 4218 opinantes
300 4136 377 4195 enim
388 4136 527 4198 videntur
547 4140 618 4197 scire
630 4162 636 4196 :
646 4166 681 4176 -
701 4161 753 4199 nec
773 4142 891 4201 scientia
912 4144 949 4203 sit
969 4145 1053 4203 etiam
1070 4174 1104 4184 ·-
1122 4146 1183 4224 qui·
1193 4134 1315 4205 minuit

130 4235 241 4316 opinari
258 4255 287 4295 se
305 4256 365 4296 non
385 4234 471 4296 facile
482 4235 591 4296 dixerit
603 4260 608 4294 :
619 4274 653 4283 -
672 4237 721 4297 sed
741 4239 777 4297 sit
797 4241 873 4299 inter
893 4242 1037 4301 inscitiam
1053 4256 1081 4301 et
1098 4240 1314 4304 scientimirtr

131 4374 380 4385 ——-—..

166 4443 191 4508 si
208 4446 322 4516 resp.
339 4448 369 4499 v.
387 4447 439 4499 sio
456 4447 485 4500 c.
560 4436 566 4447 '
