2796 5048
653 252 711 311 353
876 266 897 307 a

54 412 152 494 ipsius
172 425 215 471 est
232 410 328 470 initiis
347 413 524 470 contrarium
535 458 544 488 ,
566 414 605 472 ita
625 409 809 494 philosophia
839 411 946 487 efficit,
978 429 1009 473 ut
1039 437 1076 474 nc
1107 414 1180 494 quid
1207 420 1296 477 mire-

53 532 138 570 mur:
160 508 241 589 quod
260 529 424 568 caussarum
444 512 582 570 scientiae
602 510 750 572 debemus.
792 513 827 571 In
846 511 995 592 physicis,
1026 534 1077 572 cur
1105 515 1147 574 sol
1176 537 1296 579 conver·

10 614 17 653 t
54 622 155 683 tatur,
176 608 210 666 iu
228 606 459 683 mathematicis,
478 629 531 666 cur
552 611 648 670 metiri
667 611 839 670 diametrum
859 631 918 669 non
938 612 1098 691 possimus,
1119 613 1298 673 admiramur

10 718 13 756 Ι
53 706 218 778 continuo,
242 704 392 784 explorata
411 720 506 765 autem
519 727 541 765 ·e
560 707 634 766 coeli
652 722 681 767 et
700 708 803 767 circuli
820 708 939 767 'ratione
959 709 1109 788 utriusque
1126 711 1169 770 rei
1189 712 1296 787 caussa,

55 803 103 865 nil
124 801 334 861 admiraremur
353 804 441 882 magis
452 850 466 887 ².
482 826 577 884 quam,
600 807 624 864 si
642 827 695 865 nec
715 820 934 866 converteretur
954 806 997 866 sol
1016 820 1045 866 et
1065 809 1159 867 metiri
1182 808 1295 869 diame-

55 915 136 961 trum
154 920 309 981 possemus.
352 901 463 960 Pariter
486 904 519 961 in
551 903 638 961 rebus
667 903 800 963 ludicris.
842 904 1065 983 Imagunculas,
1094 927 1166 984 quae
1195 922 1298 988 sponte

55 1012 233 1072 moventur,
254 1012 386 1078 spectans
404 1000 508 1080 vulgus
526 1001 720 1082 obstupescit:
743 1022 802 1060 non
821 1002 863 1061 ita
883 1003 926 1077 is,
957 1003 1007 1080 qui
1029 1017 1160 1063 motuum
1184 1025 1297 1064 caussas

56 1116 96 1168 cx
125 1110 185 1155 arte
213 1094 382 1154 mechanica
407 1111 503 1157 tenet:
536 1114 656 1180 contra,
678 1101 700 1158 si
722 1122 782 1159 nou
801 1115 987 1161 moverentur
1005 1100 1074 1160 illae
1096 1116 1217 1182 sponte,
1235 1107 1322 1162 tum¹

55 1196 176 1257 demum
195 1192 255 1251 hic·
273 1192 464 1252 admiraretur
488 1209 516 1254 et
535 1196 757 1278 obstupesceret.
799 1199 844 1257 Ex
864 1198 918 1258 hac
937 1198 1101 1259 Aristotelis
1120 1201 1295 1280 disputatio-
1349 1271 1352 1276 Ι

56 1314 117 1375 ne,
137 1314 195 1371 quo
213 1291 309 1381 valeat
332 1290 384 1349 illa
409 1313 574 1353 caussarum
600 1297 740 1371 scientia,
770 1296 957 1376 intelligitur.
1000 1297 1090 1357 Stoici
1119 1298 1189 1358 inde
1218 1299 1297 1359 ccle-

55 1391 255 1474 ltra'tissimum
272 1388 351 1448 illud
373 1391 421 1446 nil
439 1390 594 1450 admirari
614 1394 782 1453 duxerunt:
806 1393 885 1453 unde
904 1394 1061 1455 Horatius:
1077 1435 1082 1445 ·
1139 1448 1142 1453 .

280 1483 338 1544 Ntt
350 1489 504 1548 admirari
514 1537 523 1566 ,
539 1513 634 1568 prope
644 1494 703 1550 aas
724 1503 769 1551 est
789 1515 871 1566 aaa,
893 1490 1040 1568 Numici,

282 1587 411 1664 Solaque
429 1610 505 1666 quaa
518 1599 614 1668 poscit
624 1593 736 1666 facere
756 1601 786 1649 at
806 1611 928 1649 cervara
948 1593 1077 1653 beatam.
1098 1589 1127 1671 l)

56 1685 118 1747 sed
145 1684 178 1744 hi
206 1683 285 1744 illud
312 1684 351 1743 ad
380 1685 457 1745 vitae
486 1687 661 1767 virtutisque
690 1689 883 1747 constantiam
911 1688 1096 1768 retulerunt,
1129 1689 1297 1749 Aristoteles
1376 1729 1377 1732 =

56 1804 129 1847 vero
147 1784 240 1865 ipsam
259 1782 348 1863 plane
367 1797 506 1862 spectasse
525 1787 578 1844 Dei
597 1786 770 1867 sapientiam
789 1786 953 1844 censendus
974 1801 1025 1847 est.

99 1882 233 1941 Summae
252 1881 382 1962 profecto
401 1895 442 1940 est
459 1897 487 1942 et
504 1879 624 1944 divinae
648 1883 721 1943 adeo
743 1882 932 1942 sublimitatis
952 1883 1021 1943 haec
1049 1885 1212 1946 Aristotelis
1232 1885 1298 1945 doc·

56 1981 156 2041 trina:
178 1981 262 2057 eujus
283 1979 447 2038 auctoritati
467 1995 660 2040 consentanea
680 1982 770 2062 plane
790 1995 832 2041 est
842 2026 851 2056 ,
873 1997 959 2060 quam
981 1984 1012 2041 in
1032 1982 1195 2042 dialecticis
1212 2005 1299 2065 expo·

25 2142 32 2153 ,
55 2083 138 2156 suit,
158 2069 377 2157 συλλογιστικὴ,
398 2079 544 2159 probandi
575 2079 818 2159 asseverandique
847 2081 930 2139 ratio.
972 2081 1191 2156 Veruntamen,
1220 2083 1298 2162 quod

55 2177 96 2239 dc
114 2179 169 2240 hac
189 2179 339 2254 diximus,
361 2177 393 2258 2)
414 2175 493 2236 idem
514 2198 593 2238 nunc
612 2178 906 2238 animadvertendum
923 2178 960 2238 dc
975 2179 1079 2241 divina
1099 2179 1152 2237 illa
1176 2181 1298 2240 scientia

56 2291 122 2354 est,
142 2276 327 2337 adumbrasse
347 2297 409 2335 eam
428 2289 593 2351 auctorem,
614 2278 733 2356 eiusque
752 2290 886 2335 naturam
907 2290 935 2335 et
953 2277 1133 2357 propositum
1152 2277 1297 2337 indicasse

55 2397 98 2436 ac·
111 2376 314 2458 descripsisse,
336 2372 373 2433 ad
392 2373 606 2455 philosophiam
626 2396 694 2435 vero
713 2374 867 2434 colendam
894 2396 955 2433 non
974 2396 1135 2455 usurpasse.
1177 2375 1212 2434 ld
1232 2391 1297 2457 post

54 2494 126 2535 eum
153 2473 325 2533 Scholastici
355 2474 487 2531 fecerunt
515 2471 702 2552 philosophi,
742 2473 793 2551 qui
816 2494 882 2532 cum
910 2472 1053 2553 theologia
1081 2474 1296 2555 philosophiam

53 2568 315 2634 confundebantz·
331 2572 463 2630 fecerunt
493 2571 580 2645 item,
611 2570 662 2647 qui
691 2571 853 2629 instaurare
882 2571 1040 2630 recentiore
1061 2587 1151 2632 aetate
1168 2573 1295 2653 philoso-

53 2670 158 2755 phiam
178 2668 370 2739 studuerunt:
392 2669 484 2748 ipsam
500 2668 533 2727 hi
551 2667 767 2748 philosophiam
777 2689 957 2728 caussarum
968 2669 1186 2757 sufficientiam
1198 2679 1297 2729 eman-

53 2777 137 2828 tiam
155 2768 204 2829 vel
223 2774 383 2827 scientiam
404 2788 510 2824 reram
526 2768 716 2844 possibilium
735 2766 925 2846 appellarunt
935 2791 943 2843 5
960 2788 1020 2825 non
1040 2767 1110 2826 fecit
1119 2768 1296 2830 Aristoteles.

52 2868 139 2948 Opus
149 2911 158 2943 ‚
178 2888 236 2947 quo
254 2865 330 2925 hanc
351 2864 514 2924 doctrinam
531 2862 675 2940 tradidit,
694 2864 758 2924 illic
775 2865 916 2946 explicit,
939 2864 990 2922 ubi
1017 2879 1207 2945 usurpaturus
1235 2888 1297 2928 eam

53 2963 96 3024 ad
121 2964 302 3024 tractandam
331 2961 544 3044 philosophiam
580 2978 679 3023 auctor
704 2961 832 3023 videtur.
874 2962 961 3037 Quod
989 2962 1084 3022 mirati
1113 2964 1199 3022 multi
1227 2979 1295 3025 sunt

54 3063 219 3147 recentiore
239 3076 347 3140 aetate,
371 3060 403 3143 3)
433 3084 494 3122 non
515 3083 583 3121 vero
601 3076 680 3136 erat,
702 3083 754 3120 cur
779 3062 962 3121 mirarentur.
1004 3061 1077 3120 Nam
1102 3064 1236 3140 quamvis
1267 3078 1295 3123 et

59 3158 259 3249 syllogisticae
276 3176 348 3221 esset
367 3175 395 3220 et
415 3160 630 3240 metaphysicae
649 3174 748 3219 auctor
768 3158 953 3233 Aristoteles,
985 3180 1000 3217 e
1021 3159 1150 3219 Platonis
1180 3159 1293 3241 prodie-

56 3271 106 3319 rat
124 3257 244 3334 schola,
267 3259 317 3317 uhi
337 3259 477 3318 adhibere
497 3257 534 3317 ad
554 3271 630 3316 recte
650 3257 841 3318 excolendam
875 3257 1090 3339 philosophiam
1115 3279 1215 3337 resque
1246 3280 1295 3317 na·

55 3355 170 3418 turales
198 3356 390 3437 explicandas
420 3357 596 3436 analyticam
624 3357 766 3416 rationem
791 3353 945 3416 didicerat.
986 3358 1080 3429 Quam
1108 3355 1161 3414 ille
1187 3356 1296 3415 metho-

55 3456 132 3517 dum
160 3454 207 3514 in'
222 3454 339 3534 scriptis
368 3455 427 3513 fere
456 3455 515 3514 suis
535 3455 571 3513 de
589 3475 686 3513 rerum
704 3467 807 3512 natura
829 3467 943 3512 secutus
970 3466 1031 3526 est,
1062 3464 1116 3510 n‘ec
1145 3474 1214 3512 vero
1234 3467 1296 3513 tum

55 3552 210 3634 neglexit,
230 3570 321 3635 quum
342 3552 419 3611 hane
440 3572 600 3632 proponere
619 3571 685 3609 eum
707 3550 889 3610 dialecticam
911 3538 1031 3623 novam,
1051 3562 1113 3607 tum
1132 3570 1297 3613 caussarum

54 3651 211 3712 scientiam
231 3649 376 3711 studebit.
418 3650 503 3725 Quod
524 3662 619 3707 autem
638 3647 714 3706 hanc
734 3649 827 3727 ipsam
854 3648 1004 3705 scientiam
1033 3647 1156 3722 attinet,
1187 3653 1298 3728 quaesi·

56 3751 125 3826 vit,
144 3749 218 3831 quid
238 3748 271 3807 in
293 3749 424 3809 veritatis
444 3747 541 3807 studio
561 3767 702 3805 summum
721 3760 811 3821 esset,
832 3744 914 3804 abest
933 3765 1001 3805 vero
1021 3744 1155 3822 multum,
1177 3748 1298 3808 utillud

56 3848 117 3910 sihi
135 3847 264 3928 attigisse
282 3847 363 3906 visus
381 3847 427 3907 sit.
470 3846 510 3905 Ut
529 3843 646 3903 camah
667 3845 754 3911 initio
774 3843 961 3904 adumbravit
987 3844 1172 3919 universam,
1203 3844 1300 3921 subji-

54 3950 116 4009 cit:
145 3941 192 4021 τίς
219 3943 278 4026 μὲν
310 3936 366 4008 ¹olla
396 3939 416 4025 ἦ
449 3937 537 4026 φύσις
565 3941 622 4026 τῆς
653 3936 880 4024 ζητουμένης
912 3935 1094 4024 ἐπιστήμης,
1120 3937 1243 4023 εἴρηται.
1265 3940 1297 4020 l)

87 4191 232 4267 risone
250 4195 300 4266 pp.
319 4193 337 4244 1.
357 4193 381 4244 s.
401 4191 424 4242 1.
468 4178 473 4186 ’

92 4277 121 4341 2)
141 4279 189 4331 Gli.
209 4281 286 4331 latitia
304 4297 330 4346 p.
349 4278 408 4330 246.
715 4341 717 4344 Α

92 4364 120 4427 3)
139 4366 198 4416 vid.
219 4366 359 4417 Fitllehorn
376 4366 460 4430 Beytr.
480 4382 525 4414 arar
544 4363 631 4416 deceta.
646 4366 690 4414 der
706 4365 798 4416 Philae.
818 4363 876 4415 Vol.
895 4363 924 4413 V.
943 4380 967 4428 p.
982 4358 1040 4411 2¹5.

35 4492 40 4498 .
93 4448 121 4514 lt)
140 4450 220 4502 hriot.
238 4452 344 4518 tlletaph.
361 4450 380 4500 l.
397 4449 422 4501 6.
927 4440 935 4452 “

1081 4527 1120 4585 23
