2796 5048
629 232 686 290 185

58 383 174 469 ’ροχοιὶς
189 391 311 471 legisset.
334 389 470 447 Continet
488 389 557 448 haec
577 391 674 450 fabula
689 390 834 471 judicium
853 387 1166 470 Euripidisininferis.
1195 385 1270 444 Sub·
1343 416 1348 440 ι

60 485 185 550 iniuntur
203 503 297 548 autern
315 489 395 564 quasi
416 487 524 562 oculis,
545 510 618 567 quae
638 492 669 549 in
690 508 757 548 orco
774 503 842 548 sunt
859 487 1003 566 insignia,
1025 485 1183 558 Cerberus,
1203 483 1269 564 Sty·

58 583 108 663 giae
124 588 239 661 undae,
261 586 373 645 Charon
403 600 578 645 mortuorum
600 589 738 667 portitor,
761 589 815 668 ipsi
841 587 963 658 mortni,
985 599 1045 643 tum
1060 582 1177 661 judices
1187 628 1196 656 ,
1217 583 1267 662 qui

58 678 227 746 demortuis
252 682 396 761 judicium
425 685 638 764 pronunciant,
665 678 730 744 alia.
771 687 899 759 Quorum
929 682 1135 762 descriptiones
1165 681 1267 741 ducme

59 776 183 841 ridentur
207 801 243 840 ex
271 781 373 840 iisdem
402 784 510 862 poetis,
533 803 547 840 e
567 783 673 861 quibus
702 797 730 842 et
758 783 838 842 Plato
865 801 931 840 mox
957 793 984 837 et
1002 792 1098 858 postea
1124 778 1267 858 Virgilius

66 864 197 955 lesumsit3
220 880 272 939 sed
291 881 368 960 apud
385 881 604 961 Aristophanem
623 882 758 940 dramatis
778 895 819 940 est
842 881 952 952 forma,
972 892 1031 936 tum
1053 879 1179 952 jocorum
1199 890 1266 936 sunt

72 977 145 1036 omnia
170 991 196 1036 et
222 978 390 1036 facetiarum
418 979 522 1058 plena,
552 979 656 1038 chorus
685 980 802 1038 auditur
830 998 963 1037 ranarum
982 970 1157 1055 βρεκεκεκὲξ,
1184 970 1268 1048 κοάξ,

74 1067 130 1147 κοάξ
154 1076 180 1156 l)
199 1074 326 1136 ridicula
344 1077 432 1156 plane
451 1078 602 1137 Charontis
631 1099 751 1158 persona
777 1091 826 1136 est.
867 1077 1043 1135 Peculiarem
1065 1077 1135 1135 hine
1164 1078 1269 1136 Lucia-

77 1198 128 1252 nus,
142 1175 297 1236 Promethei
323 1174 472 1253 cujusdam
499 1177 607 1251 instar,
636 1176 815 1256 dialogorum
844 1175 1011 1234 informavit
1037 1176 1192 1247 rationem,
1213 1196 1268 1253 qua

76 1275 166 1335 umbrae
193 1276 224 1333 in
255 1264 321 1330 orco
350 1273 557 1332 inducerentur
583 1294 677 1333 secum
703 1275 829 1332 invicem
855 1273 1067 1350 colloquentes:
1099 1267 1268 1350 quamquam

75 1370 209 1450 hujusmodi
231 1370 285 1429 illa
305 1372 380 1444 fuit,
403 1384 433 1429 ut
454 1392 506 1430 nec
525 1373 699 1432 comoediam
728 1371 890 1452 legentibus
920 1373 1068 1451 antiquam
1096 1371 1193 1445 illam,
1215 1392 1267 1431 nec

75 1490 127 1529 tero
139 1469 344 1551 philosophiam
364 1483 587 1550 repraesentaret
606 1472 754 1549 integram.

104 1568 167 1626 Haec
185 1567 220 1626 de
238 1569 375 1626 Luciano.
417 1569 452 1625 ln
472 1568 593 1648 dialogis
612 1568 753 1628 Platonis
778 1582 908 1642 exstant,
929 1590 1000 1647 quae
1024 1568 1111 1650 plane
1135 1568 1194 1626 sint
1214 1568 1267 1627 Lu·

74 1664 160 1725 danais
175 1667 298 1740 similia,
319 1687 384 1724 cum
405 1667 436 1723 in
458 1667 585 1724 moribus
608 1666 835 1746 perstringendis
854 1666 1035 1759 mortalium,
1056 1680 1118 1725 turn
1139 1667 1170 1726 in
1191 1666 1287 1756 vitae,

73 1766 222 1846 precantis,
245 1764 296 1823 sed
314 1783 453 1840 nusquam
471 1763 659 1844 philosophus
677 1766 817 1822 cornicum
841 1778 922 1843 agat„
956 1764 1072 1824 Placide
1098 1764 1176 1844 apud
1206 1786 1270 1822 eum
1342 1770 1346 1783 '

74 1878 189 1922 sermones
205 1861 372 1943 profluunt,
394 1863 426 1919 in
445 1875 576 1920 neutram
595 1877 703 1942 partem
723 1863 865 1941 insignes:
889 1883 941 1921 nec
962 1877 1058 1942 crepat
1075 1863 1172 1922 ubivis
1192 1864 1269 1922 vitae

74 1962 260 2034 austeritatem,
281 1974 313 2018 ut
329 1961 475 2040 propriam
493 1960 615 2034 virtuti,
637 1980 689 2018 nec
717 1981 785 2019 vero
814 1947 931 2019 levitate
961 1961 1022 2039 ipse
1049 1981 1081 2018 ac
1105 1960 1267 2040 petulantia

74 2057 196 2117 exsultans
215 2058 335 2132 comici,
356 2058 388 2118 id
407 2060 558 2118 committit
586 2060 618 2117 in
647 2058 778 2116 moribus¹
797 2058 1041 2138 opinionibusque
1068 2059 1268 2138 exagitandis,

74 2153 132 2228 quod
148 2157 203 2214 sere
223 2157 363 2215 commisit
378 2158 540 2231 Larianus,
563 2171 593 2216 ut
612 2179 648 2215 ne
666 2156 726 2215 illis
745 2156 860 2236 quidem
870 2154 1015 2236 parceret,
1033 2176 1105 2234 quae
1128 2177 1193 2215 cum
1204 2176 1271 2214 sen-

73 2248 133 2312 tibus
156 2268 247 2314 essent
276 2255 396 2314 excelsis
419 2255 560 2334 rebusque
588 2257 694 2315 sanctis
722 2257 887 2334 conjuncta.
939 2254 1085 2329 Socrates,
1116 2269 1147 2313 ut
1171 2257 1270 2336 paucis

73 2343 163 2425 dimna,
183 2355 214 2411 in
234 2355 296 2430 ejus
312 2352 434 2432 dialogis
461 2368 555 2434 partes
581 2354 686 2429 habet,
708 2376 767 2413 non
795 2354 960 2435 Menippus.
1002 2355 1108 2413 Orcum
1125 2354 1270 2412 Lucienus

71 2453 142 2509 lotum
160 2465 186 2509 et
203 2450 316 2509 fabulas
334 2450 370 2509 de
389 2451 447 2510 diis
467 2466 495 2510 et
513 2452 649 2511 heroibus
669 2454 709 2510 sic
730 2452 813 2512 nobis
834 2453 999 2534 proposuit,
1020 2467 1052 2510 ut
1072 2452 1165 2532 legere
1183 2453 1268 2511 nobis

72 2549 160 2619 puttam
178 2550 317 2607 comicum
333 2549 495 2623 videamur,
517 2571 548 2608 ao
567 2549 709 2609 rideamus
728 2550 905 2624 identidem,
929 2564 960 2609 ut
978 2550 1060 2631 plebs
1079 2550 1174 2609 ridere
1184 2550 1269 2609 Athe-

73 2640 193 2705 namium
213 2646 340 2721 solebat,
362 2647 519 2707 comoedias
536 2662 675 2728 spectans.
728 2649 834 2727 Tangit
851 2648 963 2707 easdem
980 2647 1095 2706 fabulas
1117 2647 1216 2721 Plato,
1238 2659 1270 2706 ut

71 2741 137 2803 noto
154 2747 186 2804 in
204 2744 309 2824 Gorgia
328 2745 442 2826 dialogo
465 2746 609 2822 vidimus,
630 2760 659 2805 et
677 2767 744 2807 vero
763 2746 1052 2805 celebratissimorum
1069 2746 1102 2803 in
1120 2744 1269 2825 republica

72 2835 176 2901 urorum
194 2843 319 2924 ineptias
336 2845 462 2924 exagitat
472 2843 551 2920 ;.sed
569 2846 609 2903 sic
620 2846 690 2903 facit
700 2859 870 2922 utrumque,
890 2857 922 2902 ut
931 2843 1063 2925 prodesse
1072 2844 1204 2919 civibus,
1220 2843 1268 2902 So·

70 2940 137 2999 orans
154 2943 264 3016 instar,
284 2964 350 3001 ¹non
371 2941 502 3022 placere,
533 2964 592 3002 non
611 2941 786 3023 gratificari,
806 2964 866 3001 non
895 2943 983 3000 risum
1007 2962 1118 3002 movere
1148 2941 1269 3003 studeat.

71 3030 191 3098 sssnrdis
218 3039 334 3098 fabellis
361 3040 506 3115 meliorem
534 3041 682 3101 substituit
710 3039 795 3098 simul
815 3040 851 3098 de
872 3040 973 3098 inferis
991 3039 1149 3119 divinaque
1168 3054 1270 3101 natura

71 3125 231 3211 laninam,
251 3138 282 3196 in
301 3138 527 3218 perstringendis
546 3153 639 3198 autern
660 3138 733 3198 viris
755 3137 910 3218 praeclaris
933 3135 1012 3195 haud
1031 3151 1139 3218 spectat
1166 3140 1250 3198 unice
1261 3187 1269 3214 ,

71 3232 131 3302 quod
155 3236 326 3296 comicorum
353 3250 412 3310 est,
443 3238 566 3295 radendo
594 3239 691 3295 dicero
723 3259 844 3310 oerum,
876 3235 926 3295 sed
955 3238 1015 3296 veri
1041 3237 1188 3315 justique,
1220 3237 1270 3297 sed

71 3335 161 3407 ⁸¹usti,
182 3337 214 3393 in
233 3336 294 3414 ipsa
314 3335 407 3393 ironia
427 3356 552 3394 caussam
571 3350 598 3395 et
609 3337 809 3417 patrocinium
826 3349 931 3394 tuetur.
968 3336 1043 3394 ·Nam
1063 3336 1156 3403 ironia
1175 3335 1271 3395 domi-

73 3438 138 3488 ssttur
155 3433 186 3490 in
206 3434 268 3510 ejus
287 3433 409 3513 dialogis
427 3432 587 3508 Socratica,
609 3456 667 3494 non
687 3435 788 3494 comici
814 3436 983 3516 protervitas
1002 3447 1052 3493 aut
1071 3436 1268 3493 contumacia:

72 3520 141 3587 fitam
157 3529 242 3589 nobis
260 3532 367 3591 excitat
384 3530 462 3591 inter
481 3531 633 3612 legendnm
657 3535 816 3607 Lucienus,
837 3531 916 3591 haud
941 3552 1020 3590 secus
1051 3545 1134 3609 atquc
1159 3532 1270 3592 Aristo-

72 3617 178 3695 Phtaos:
201 3631 233 3686 in
252 3629 371 3689 Platone
380 3608 510 3710 legendo
529 3631 719 3691 subridemus.

102 3719 144 3783 Est
171 3727 259 3806 igitur
287 3727 344 3785 alia
372 3728 511 3806 quaedam
539 3730 678 3808 longeque
705 3729 741 3787 ab
770 3729 930 3789 Aristotelis
959 3742 987 3787 et
1009 3730 1130 3788 Luciani
1159 3731 1270 3789 ratione

70 3808 166 3882 diversa
184 3825 341 3883 Platonici
359 3810 466 3906 dialogi
487 3840 596 3887 natura.
638 3828 723 3902 Quod
747 3841 840 3886 autem
858 3829 977 3887 formam
995 3829 1098 3887 attinet
1116 3828 1269 3902 dramatis,

69 3920 142 3996 ¹Bagis
164 3923 216 3981 ille
244 3920 440 4003 Sophronam,
461 3946 545 4003 quam
573 3929 694 3986 comicos
721 3927 848 3984 imitatus
877 3924 1002 3986 videtur.
1043 3928 1129 3985 Hunc
1162 3939 1270 4005 quanto

67 4001 121 4072 ¹0²⁰
135 4019 268 4081 habuerit
277 4068 286 4096 ,
306 4034 446 4081 testantur
466 4037 584 4085 veteres.
626 4027 650 4084 E
669 4023 768 4083 Sicilia
790 4026 850 4102 ejus
869 4025 968 4084 mimos
987 4025 1114 4084 Athenas
1133 4023 1270 4084 detulisse

66 4100 162 4177 dictim
184 4140 288 4199 eosque
316 4122 356 4180 sic
384 4123 535 4202 probasse,
565 4140 597 4184 ut
618 4123 797 4204 octogenario
820 4125 909 4203 major
936 4124 1095 4204 suppositos
1118 4122 1269 4203 pulvinari

63 4194 206 4294 habuerit,
226 4200 356 4297 iat'qnod
375 4212 583 4282 obdornmenta'a
601 4247 631 4283 or
647 4225 726 4281 illud
743 4225 898 4297 divinum,
920 4236 951 4280 nt
974 4221 1014 4280 ait
1041 4220 1270 4297 Valckenarius,

61 4332 308 4368 N*—
862 4352 865 4357 Ι
1117 4381 1122 4389 ,

96 4416 119 4471 1)
134 4431 210 4482 Arist.
229 4432 294 4483 sao.
313 4433 422 4484 vs209
458 4409 460 4414 Ι
517 4468 520 4473 -
1143 4388 1155 4425 l
