2774 5048
708 214 768 276 298

133 378 183 440 Sic
216 380 347 439 ιιιιιιιιιι
379 377 466 460 plane
497 390 586 437 artem
618 375 756 437 Platonis‘
783 374 1021 458 philosophorum
1046 390 1074 437 et
1102 389 1274 450 oratorum,
1297 379 1338 459 qui

133 478 171 539 de
196 476 368 556 ,eloquentia
395 490 531 557 egerunt,
560 476 668 557 scripta
697 475 852 556 palmaria:
888 495 1078 555 quamquam,
1107 476 1188 554 quod
1213 477 1338 556 eloquea-

131 583 194 635 te'oe
210 574 292 656 apud
311 575 457 635 Platonem
474 572 624 655 proprium
644 587 705 649 est,
735 587 767 632 ut
787 582 852 633 veri
871 575 955 634 unice
972 582 1115 653 justique
1134 596 1266 635 omem
1289 575 1337 655 spi·

136 687 180 734 ret
190 719 199 749 ‚
220 674 263 733 uti
280 694 316 732 ex
337 674 400 754 ipso
417 672 471 733 hoc
493 671 639 733 Ciceronis
654 670 718 732 loco
742 686 840 755 patet,
860 672 975 750 minus,
995 693 1080 752 quam
1099 673 1183 734 Plato
1199 693 1337 755 praecept·

131 787 193 849 rat,
214 774 247 832 in
266 772 426 854 praeceptis
448 771 506 852 ipsi
526 771 585 829 suis
602 785 751 832 curarunt.

210 968 268 1029 De
296 975 437 1047 topice
466 966 737 1027 Aristotelia.
768 967 828 1025 Ee
857 968 1064 1028 Platonis
1090 969 1278 1027 ducende

492 1066 731 1125 dialectice
759 1067 941 1127 videtur.

400 1208 412 1245 ι

172 1264 229 1325 Nec
247 1283 316 1323 vero
334 1259 606 1344 pr'aetermittendus
620 1260 731 1320 nohis
723 1283 756 1320 ιιι
775 1262 853 1322 hisce
871 1263 950 1322 locus
967 1262 1004 1323 dc
1022 1270 1197 1321 inventione
1216 1274 1275 1337 est,
1291 1280 1334 1341 qut

131 1361 293 1424 Aristotelis
312 1382 343 1420 ac
363 1360 510 1422 Ciceronis
526 1361 621 1440 topica
641 1361 824 1419 referuntur:
846 1361 914 1436 hic,
934 1361 959 1420 si
978 1362 1044 1440 quis
1063 1362 1094 1419 in
1120 1361 1269 1440 utriusque
1285 1356 1370 1419 che

129 1460 243 1536 torica,
264 1459 427 1519 ePlatonis
445 1457 597 1518 dialectica
616 1471 644 1517 et
661 1458 835 1538 repetendus
855 1473 882 1519 et
901 1458 1093 1540 explicandus
1111 1458 1240 1519 videtur.
1280 1457 1335 1517 ttae
1365 1398 1370 1551 ιΙ

130 1558 211 1638 quod
237 1557 401 1619 Platonicae
430 1554 558 1616 methodi
584 1556 733 1669 proprium
752 1558 864 1633 fuerat,
885 1571 917 1616 ut
943 1557 982 1618 ad
1007 1556 1223 1618 inveniendum
1247 1554 1370 1623 calcet
1367 1592 1370 1621 t

134 1659 274 1732 maxime,
303 1677 360 1735 quo
388 1655 454 1734 quis
469 1647 692 1767 &praecisaque
712 1659 773 1735 ejus
800 1655 897 1715 studio
922 1655 1020 1731 lieret,
1041 1654 1074 1714 id
1094 1654 1204 1735 negligi
1223 1666 1334 1736 peneto

133 1755 295 1816 dialecticis
314 1756 409 1836 coepit
419 1800 427 1830 ,
448 1757 556 1837 quippe
567 1757 625 1836 qui
651 1753 838 1836 disciplinam
856 1754 930 1813 hanc
947 1753 985 1814 ad
1002 1750 1214 1834 probandum
1203 1774 1236 1811 ιιι
1254 1749 1335 1845 pmii

134 1867 164 1912 ct
190 1851 445 1914 demonstrandum
472 1852 653 1914 adhiberent
693 1854 892 1914 Veruntamen
918 1872 979 1911 non
1003 1853 1064 1932 ipsa
1090 1852 1131 1911 ita
1147 1850 1236 1911 simul
1255 1848 1334 1930 ncglt·

135 1963 181 2009 cta
200 1972 216 2011 a
235 1951 352 2012 Graecis
369 1973 414 2011 ιιι
432 1950 606 2013 inveniendi
624 1953 691 2012 suit.
733 1951 757 2011 E
779 1949 950 2024 dialectica,
970 1970 1043 2027 quae
1062 1970 1123 2009 eam
1142 1947 1222 2009 haud
1246 1946 1335 2009 diod·

133 2049 292 2130 capiebat,
320 2051 354 2109 in
383 2064 531 2130 cognatam
560 2049 764 2132 disciplinam,
794 2049 826 2107 in
856 2048 1030 2108 rhetoricam.
1051 2049 1207 2128 migravit,
1236 2040 1336 2107 uuirt

137 2149 284 2208 Ciceronis
300 2163 376 2208 certe
403 2161 531 2229 tempora
549 2148 644 2207 sedem
672 2149 776 2208 tenuit.
819 2147 1074 2208 Commutationem
1100 2146 1143 2205 ita
1170 2160 1335 2227 permagna!

138 2266 208 2306 sane
236 2266 282 2304 ars
310 2244 485 2325 pulcerrima
506 2245 606 2305 subiit.
647 2246 688 2304 Ut
704 2247 817 2306 cnima
844 2245 962 2305 Platone
989 2244 1028 2305 ad
1056 2266 1101 2304 res
1127 2240 1336 2325 cognoscenda,

135 2343 299 2422 dequibus
318 2357 466 2423 ageretur,
485 2342 618 2402 adhibita
645 2345 759 2420 luerat,
787 2347 826 2405 ita
846 2365 926 2404 nunc
943 2365 959 2403 a
977 2342 1198 2424 Peripateticis,
1218 2342 1333 2423 primu

134 2462 191 2522 que
211 2443 332 2522 abipso
349 2441 501 2503 Aristotele
523 2462 555 2500 eo
573 2442 715 2503 destinata
743 2457 804 2519 est,
833 2456 865 2503 ut
889 2442 927 2502 ad
946 2441 1128 2523 probandum
1154 2440 1333 2500 ᾶιιιιιιιιιι

134 2538 277 2620 dumque,
297 2541 470 2620 omninoque
488 2538 526 2599 ad
545 2541 779 2620 persuadendum
801 2554 965 2622 argumenta
993 2555 1022 2600 et
1040 2552 1273 2620 argumentorum
1293 2536 1333 2597 i*

136 2660 196 2701 mas
210 2652 237 2699 et
252 2639 390 2713 rationes,
411 2660 481 2718 quas
499 2632 622 2713 τόπους,
643 2641 735 2716 locos,
756 2652 913 2712 vocarunt,
939 2639 1132 2717 exquirerent.
1155 2637 1331 2697 veranum

133 2730 204 2797 haec
225 2739 287 2818 ipsa
313 2736 477 2814 rhetorum,
503 2740 713 2820 qualiscunque
741 2740 877 2812 tandem,
902 2744 1052 2811 inventio,
1073 2734 1217 2814 quamdiu
1243 2736 1274 2794 in
1288 2743 1330 2793 ιιι

133 2836 252 2897 dicendi
280 2835 462 2895 obtinuit-
481 2859 548 2897 nam
577 2852 606 2898 et
634 2839 705 2896 hinc
729 2837 846 2897 tandem
866 2834 1061 2908 exclusust,
1083 2848 1132 2907 ut,
1152 2834 1228 2912 quid
1250 2833 1330 2910 repta

132 2934 184 3009 sit,
204 2935 337 3014 ignorent
356 2934 442 2993 hodie
459 2937 542 2995 multi
573 2976 606 2987 -
620 2935 731 2995 tamdiu
750 2948 778 2995 et
794 2933 956 2994 Platonicae
969 2931 1155 3007 dialecticae,
1177 2953 1194 2991 e
1214 2953 1269 3012 qua
1283 2940 1330 2989 nott

129 3044 192 3105 est,
214 3030 371 3091 ubertatem
388 3033 507 3109 retulit,
535 3049 563 3094 et
581 3033 774 3115 persuadendi
802 3033 877 3106 arti,
899 3044 930 3089 ut
947 3032 1003 3112 ipsi
1030 3044 1115 3090 antea
1135 3028 1352 3112 philosophias„

133 3128 233 3188 lumen
251 3129 388 3190 admovit.
429 3132 514 3205 Quod
534 3153 602 3192 sane
628 3131 786 3191 tenendum
816 3130 899 3191 nobis
917 3129 1052 3204 videtur,
1074 3143 1106 3188 ut
1122 3128 1159 3207 de
1183 3127 1279 3188 eadem
1292 3124 1328 3184 let

134 3227 260 3287 Platonis
286 3226 464 3304 dialectica,
498 3252 583 3310 quam
612 3230 668 3288 late
694 3231 846 3311 patuerit,
872 3228 1036 3306 judicemus
1063 3239 1164 3302 recte,
1196 3241 1257 3287 tum
1281 3240 1327 3283 vest

134 3326 236 3401 etiam,
259 3339 309 3400 ut,
329 3325 395 3404 quis
410 3325 479 3386 inde
498 3329 663 3387 etiamnunc
682 3327 720 3387 ad
738 3342 812 3387 recte
829 3326 1093 3408 philosophandum
1111 3326 1161 3385 fru
1242 3323 1330 3404 capiar

133 3422 189 3485 dus
216 3425 272 3500 sit,
291 3425 507 3505 perspiciamus.
549 3428 716 3487 Recentiore
743 3439 833 3485 aetate
852 3424 1022 3506 'philosophi
1041 3424 1079 3485 de
1106 3434 1198 3483 menti
1234 3419 1328 3484 uene·

133 3523 211 3583 tibus
239 3537 320 3582 acute
348 3524 516 3605 copioseque
543 3525 758 3601 disseruerunt;
790 3523 840 3583 sed
866 3522 903 3582 de
924 3524 1082 3599 facultate
1104 3522 1276 3581 inveniendi
1283 3513 1327 3594 ,lt

134 3622 364 3702 quaestionibus,
383 3625 458 3701 quid
476 3633 519 3683 eit
536 3632 674 3683 invenire
684 3669 693 3700 ,
714 3624 957 3703 quemadmodum
973 3629 1172 3696 inueniatur,
1195 3628 1261 3700 quie
1276 3630 1326 3677 ustt

133 3720 308 3779 dialecticae
327 3723 368 3780 ad
386 3725 599 3782 inveniendum
617 3731 679 3799 eit,
706 3722 809 3783 dehis
832 3721 920 3801 igitur
940 3718 1089 3794 noudum,
1110 3738 1163 3800 pro
1191 3720 1234 3779 rei
1261 3708 1327 3798 gtvl

133 3832 211 3893 tate,
238 3820 411 3897 quaesivisse
430 3822 578 3883 videntur.
619 3821 705 3897 Quod
732 3821 836 3879 mirum
855 3821 983 3900 profecto
1003 3818 1115 3879 accidat
1135 3817 1222 3878 nobis
1241 3823 1324 3876 neoto!t

133 3932 195 3991 est,
215 3917 239 3976 si
258 3931 387 3977 veterum
412 3919 506 3980 studia
536 3920 682 3981 rhetorum
702 3920 877 4000 respicimus.
919 3919 991 3977 Nam
1018 3916 1097 3997 quod
1121 3916 1155 3977 hi
1182 3915 1220 3976 de
1246 3908 1323 3991 Topissl

132 4014 333 4092 affirmabant,
354 4015 431 4076 hanc
455 4039 514 4078 esse
539 4020 654 4099 proprie
682 4017 855 4078 inveniendi
882 4029 989 4090 amem,
1014 4013 1043 4095 l)
1072 4013 1106 4076 id
1133 4016 1239 4093 majore
1260 4006 1321 4069 σὼ

127 4115 195 4193 jure
223 4111 360 4174 affirmari
389 4113 426 4173 de
458 4115 584 4176 Platonis
604 4116 756 4176 dialectica
776 4128 804 4174 et
818 4114 1002 4196 philosophia
1023 4112 1149 4175 videtur.
1192 4112 1259 4173 Nam
1272 4114 1319 4187 μ’

132 4226 175 4271 ιιι
201 4213 313 4292 topica,
334 4213 394 4273 sive
423 4213 537 4274 effectus
562 4215 677 4295 potius,
702 4212 870 4273 dialecticae
897 4211 995 4286 illius,
1016 4232 1088 4290 quae
1112 4207 1256 4272 cernendo
1267 4205 1317 4283 ιιι·
1361 4225 1367 4265 t

140 4352 381 4363 ——..-.—-

170 4419 194 4488 1)
212 4425 398 4476 investiendi
426 4442 496 4487 ers,
519 4443 582 4493 quoe
610 4424 720 4493 Topica
747 4425 846 4475 dicitur.
877 4421 934 4475 cic.
963 4422 1018 4492 Top.
1042 4420 1068 4473 6.
