2796 5048
683 243 739 301 196

94 403 213 485 quidem
239 403 360 469 lectores
379 402 440 463 vim
458 421 496 463 ac.
514 403 692 484 propositum
711 418 920 485 perceperunt,
943 405 991 465 vel
1008 405 1064 465 hoc
1085 426 1148 467 uno
1168 428 1223 469 nos
1245 422 1316 490 puta·

94 504 190 563 bimus
211 522 315 585 operae
338 500 463 582 pretium
484 500 639 563 scribendo
656 502 766 563 iecisse.
807 501 950 583 sophistis
968 504 1143 605 reliquimus
1163 520 1224 567 tam
1241 506 1316 587 huju

94 622 184 679 quam
207 600 312 662 veteris
331 599 414 675 aevi,
434 613 466 659 ut
484 609 621 660 externos
642 615 709 661 ante
733 601 829 660 omnia
855 599 981 662 hominis
1000 600 1102 663 sensus
1120 606 1315 687 explorarent·

94 720 146 758 uos
172 697 252 759 haud
272 696 497 757 contemnendos
515 697 583 758 illos
610 698 766 774 duximus,
788 698 840 758 sed
867 707 1004 760 internos
1021 702 1182 762 maluimus
1201 705 1315 784 primun
1351 730 1356 767 ι

93 783 265 872 attender,e
300 809 332 855 ut
364 794 441 854 hanc
473 797 685 876 perciperemus
719 797 876 871 continuo,
907 819 993 909 quam
1021 799 1103 861 Plato
1133 815 1242 877 vocat,
1269 799 1316 883 τῆς

92 892 197 976 ψυχῆς
233 889 427 975 φιλοσοφίαν,
464 907 632 975 peteretque
660 894 763 968 nohis,
794 895 892 975 qualia
920 896 1034 957 animus
1059 900 1171 959 natuih
1198 916 1315 983 appetat.

92 996 173 1056 Licet
204 995 290 1057 nohis
325 994 475 1069 nondum,
505 1012 578 1071 quae
605 993 653 1052 isti
682 993 859 1055 invenerunt
886 993 1084 1074 explorando,
1111 1016 1189 1057 cum
1218 1002 1316 1061 nostris

92 1095 221 1155 inventis
254 1114 442 1176 comparare:
472 1112 540 1153 nam
569 1090 602 1149 in
631 1090 786 1173 principiis
815 1114 961 1152 versamur
980 1094 1164 1157 etiamnunc.
1204 1097 1316 1159 Verun-

90 1206 186 1255 tamen
213 1191 286 1273 quid
313 1180 410 1287 fateri,
425 1190 609 1265 dubitemus,
639 1190 717 1250 viam
750 1190 834 1249 nohis
869 1204 1015 1267 nostram,
1042 1213 1130 1273 quam
1160 1185 1317 1273 inir'imua,

88 1309 227 1373 perquam
253 1288 392 1371 placere?
422 1289 495 1349 Nam
516 1288 563 1348 sic
587 1288 714 1369 profecto
734 1288 884 1369 explorare
904 1289 1034 1351 animum
1050 1304 1189 1353 nostrum
1206 1314 1245 1353 ex
1262 1297 1318 1374 ejus

88 1389 194 1448 studiis
224 1385 458 1468 appetitibusque
483 1372 684 1460 natirralihus,
714 1407 751 1445 ex
781 1387 897 1467 propria
925 1387 981 1469 ipsi
1007 1386 1218 1485 philosophia,
1238 1414 1319 1474 qun

87 1488 195 1568 optima
217 1503 346 1565 quaeque
375 1485 524 1560 referunt,
553 1505 626 1564 quae
653 1484 686 1544 in
709 1484 804 1544 lucem
832 1485 984 1565 emisit,J
977 1472 1169 1547 ucund'dm
1171 1493 1318 1572 negotium

87 1596 147 1642 est:
179 1581 352 1661 videturque
388 1580 419 1642 id
457 1596 524 1644 ante
561 1582 794 1658 instituendum,
822 1604 908 1662 quam
942 1583 980 1645 ad
1009 1605 1109 1645 sensus
1133 1587 1316 1653 accedamus.

81 1681 160 1740 Nam
187 1678 260 1758 quid
288 1679 334 1739 illi
363 1680 496 1767 prodesse
522 1679 560 1743 sd
584 1681 815 1761 cognoscendum
843 1696 983 1762 possunt,
1004 1683 1062 1743 nisi
1087 1683 1164 1745 insit
1187 1668 1316 1767 homini,

86 1799 144 1858 quo
171 1799 225 1859 per
250 1799 315 1854 eos,
340 1792 477 1858 tanquam
504 1779 644 1854 nuncios,
664 1799 710 1838 res
734 1793 868 1838 externas
885 1785 1110 1881 cognoscamus?
1143 1780 1282 1861 Νοῦς
1262 1789 1340 1876 opp·

84 1874 134 1937 και
154 1872 223 1950 rotie
242 1868 404 1937 oisorite-
443 1877 481 1938 Et
510 1896 579 1937 vero
604 1877 772 1957 exquirere,
793 1875 866 1956 quid
890 1858 1008 1937 discere
1029 1881 1083 1957 sit,
1103 1885 1183 1962 quid
1200 1888 1314 1969 docere,

85 1997 159 2058 quae
178 1979 270 2038 omnis
290 1979 328 2039 sit
345 1975 524 2056 eloquentiae
541 1975 760 2056 scriptionisque
779 1975 887 2056 optima
906 1976 997 2051 ratio,
1018 1999 1079 2038 non
1092 1975 1269 2059 jucundum
1285 1990 1326 2051 id.

86 2089 199 2136 tantum
218 2090 277 2152 est,
299 2075 349 2136 sed
378 2075 469 2135 durus
497 2073 535 2134 sit
563 2072 610 2134 vel
636 2072 724 2132 hehes
750 2072 881 2137 adhaec
908 2074 1003 2134 studia
1022 2097 1147 2140 ,necesse
1177 2099 1237 2162 est,
1267 2088 1313 2169 qni

84 2175 130 2234 his
158 2196 223 2234 cum
252 2174 371 2234 Platone
390 2185 418 2232 et
437 2193 474 2231 ex
492 2172 611 2231 Platone
636 2170 837 2249 inquirendis,
866 2171 1100 2255 attendendoque
1119 2180 1155 2240 in
1185 2174 1223 2243 iis
1252 2195 1312 2247 vm

84 2293 203 2347 amore,
225 2273 285 2353 ipse
309 2271 364 2331 hoc
398 2286 492 2329 ιιιιοιι
525 2291 586 2328 non
618 2268 773 2329 incalescat
806 2269 954 2329 continuo.
996 2276 1073 2354 Age,
1103 2272 1314 2361 percoquam&

83 2369 159 2429 hanc
179 2371 256 2431 viam
275 2382 409 2429 nostram.
451 2365 612 2426 Tendimus
630 2368 663 2425 in
685 2361 974 2448 mundum'roqrolr,
995 2372 1105 2452 inquo
1132 2375 1234 2456 lucet,
1255 2404 1305 2443 ιιιι

84 2488 149 2527 cum
167 2467 241 2535 ideis
259 2466 407 2542 omnihus,
428 2466 489 2555 ipsa
510 2464 683 2524 veritas:
705 2463 1303 2562 hucautemquofaciliuscerti-usquepq·

83 2566 251 2642 veniamus,
272 2564 444 2649 disciplinas
461 2583 646 2643 quaeramus,
674 2584 794 2642 quarum
818 2586 871 2647 ope
895 2568 1018 2627 maxime
1043 2589 1081 2627 ex
1099 2569 1184 2647 hsc'
1174 2576 1299 2639 inscitae

82 2684 265 2744 errorumque
284 2663 378 2725 sede
369 2685 402 2723 ιιι
421 2682 541 2743 regnum
556 2661 633 2721 illud
652 2663 781 2724 veritatis
797 2664 991 2726 escendamus.
1027 2668 1100 2745 Npm
1117 2668 1212 2730 huic
1202 2674 1294 2741 m

81 2761 167 2822 nobis
184 2761 383 2844 philosophiae
404 2773 437 2820 ιιι
455 2759 680 2834 satisfaciamus,
702 2774 755 2837 ut,
773 2761 850 2841 quod
859 2778 1020 2844 appetimus
1033 2767 1137 2827 naturl
1146 2790 1290 2852 ,assequ-

80 2880 145 2919 mur
155 2859 339 2940 ,erigendus
358 2859 491 2933 animun,
513 2857 570 2917 imo
594 2858 807 2919 convertendus
829 2874 906 2921 totus
924 2863 1096 2944 penitusque
1114 2879 1191 2927 esta
1215 2867 1283 2927 rehu

80 2957 155 3018 his
146 2957 264 3017 incertis
279 2971 308 3017 et
327 2956 482 3047 fallacihus
499 2954 538 3015 ad
553 2976 585 3014 ιι
604 2976 676 3034 quae
690 2977 756 3018 vers
771 2971 840 3018 suut
858 2973 885 3019 ιι
904 2959 1106 3025 immutabilia.
1126 2965 1190 3029 Hoc
1206 2979 1282 3035 ιιιιι
1349 2974 1356 3013 t

78 3056 175 3137 ipsum
193 3054 413 3135 disciplinarum
432 3038 537 3115 munus
557 3067 607 3114 est.
