2796 5048
665 232 721 290 126

86 420 179 461 amore
197 411 297 479 captus
319 394 450 469 viderer,
473 414 551 452 nunc
570 407 684 468 autem,
710 414 748 453 ne
767 393 838 453 mibi
863 415 1047 469 succenseas,
1068 416 1123 455 nec
1147 396 1257 478 pulcer
1276 410 1316 457 est

87 514 115 559 et
132 498 187 558 tibi
206 493 308 556 similis
317 493 418 567 ,simo
438 512 506 551 naso
523 504 551 550 et
569 491 801 573 prominentibus
815 492 920 568 oculis,
942 514 1114 573 quamquam
1127 494 1233 561 minus
1248 494 1315 571 ille,

50 582 53 589 ¹
85 617 170 678 quam
188 609 239 668 tu,
264 590 380 655 modum
399 591 431 649 in
449 588 496 648 his
515 589 638 650 excedit.
668 589 770 649 Libere
789 589 855 649 dido
873 591 1024 670 equidem:
1052 592 1085 652 id
1103 593 1198 668 scito,
1218 594 1315 653 omni·

84 716 132 754 um
142 708 154 769 ,'
177 714 248 772 quos
274 710 323 769 ego
347 688 516 769 repererim,
545 685 757 749 adolescentum
774 729 808 739 -
829 710 895 750 usus
915 703 1008 749 autern
1024 690 1180 772 permultis
1198 712 1264 753 sum
1281 728 1313 739 -

84 793 198 855 nullum
221 810 264 848 me
292 785 399 848 vidisse
421 799 479 844 tam
502 784 667 848 admirabili
692 800 810 846 naturae
833 786 971 847 felicitate
993 789 1153 868 insignem:
1188 790 1313 852 docilem

83 891 161 951 enim
177 887 319 966 aliquem,
341 898 373 943 ut
391 884 457 943 aliis
480 904 538 943 esse
563 881 695 943 difficilis
723 885 913 965 molestasque
935 887 1025 961 solet,
1045 908 1188 968 perquam
1213 903 1312 950 eontra

82 987 197 1048 facilem
216 1005 275 1045 esse
294 981 435 1060 simulque
452 1001 618 1060 generosum
638 982 795 1062 fortemque
816 983 895 1065 apud
917 984 1092 1063 quemlibet,
1113 985 1205 1046 talem
1228 1006 1311 1068 quem

82 1107 140 1147 esse
159 1106 212 1144 nec
231 1082 385 1142 arbitratus
405 1068 599 1153 taceamne
616 1081 788 1158 quiessent,
805 1081 877 1143 vidi.
897 1082 926 1161 l)
940 1084 1024 1142 Acuti
1043 1085 1139 1159 enim,
1159 1099 1195 1145 ut
1214 1085 1309 1161 hicce,

82 1198 110 1244 et
126 1202 236 1264 sagaces
255 1201 287 1239 ac
308 1198 443 1237 memores
467 1178 500 1236 in
524 1177 703 1238 iracundiam
727 1181 786 1240 fere
815 1182 985 1263 praecipites
1004 1196 1090 1256 sunt,
1111 1182 1308 1245 subsultanre

81 1293 241 1362 proruunt,
263 1278 305 1336 uti
325 1297 413 1336 naves
433 1297 493 1335 non
513 1274 695 1352 saburratae,
716 1299 749 1338 ac
775 1280 940 1353 furiosiores
967 1294 1035 1339 sunt
1053 1300 1139 1359 quam
1167 1282 1306 1343 fortiores

81 1380 234 1440 Graviores
262 1387 362 1435 contra
394 1394 493 1453 segnes
521 1374 728 1452 quodammodo
756 1376 793 1436 ad
820 1377 991 1437 discendum
1019 1378 1201 1459 procedunt,
1227 1393 1306 1460 etque

81 1453 216 1539 obliviosi
236 1488 313 1534 sunt.
334 1463 365 1533 O
387 1463 480 1532 dd“
444 1493 523 1532 ουται
543 1469 628 1548 λείαις
647 1497 679 1535 τε
700 1497 747 1535 και
741 1469 936 1550 ἀπταίστως
956 1499 1005 1537 και
998 1471 1212 1556 ἅνασίμαις”
1193 1500 1304 1570 so7eroe

82 1574 131 1637 tut
156 1570 210 1649 ταὶς
233 1566 383 1655 μαθήσεις
407 1596 439 1635 τε
466 1575 515 1637 καὶ
542 1570 678 1659 ζητησιις
696 1599 771 1654 μετα
793 1578 902 1662 πολλῆς
922 1572 1103 1699 πραότατος,
1126 1570 1190 1640 οἷον
1211 1578 1301 1642 ἐλαίαν

80 1676 175 1763 ῥεῦμα
196 1671 333 1759 ἀψοφητὶ
353 1670 531 1760 ρὲοιτος,“
504 1700 580 1739 wore
600 1671 757 1775 θαυμάσαι
778 1703 813 1741 ro
837 1676 1047 1763 τιλικοῦτον”
1027 1704 1100 1743 οντα
1121 1703 1202 1744 ουτω
1214 1682 1298 1746 ταῦτα

80 1773 322 1862 decucurrisset.
366 1782 425 1840 Ille
443 1804 511 1841 vero
525 1790 571 1840 itu
590 1783 808 1861 aequabiliter,
829 1791 876 1840 ito
894 1791 959 1842 sine
977 1784 1158 1861 (essendone,
1178 1787 1294 1868 itoeffi·

80 1891 195 1943 eaciter
217 1885 257 1942 ad
280 1883 459 1960 disciplinas
483 1902 518 1939 uc
544 1883 768 1960 disquisitiones
786 1905 837 1938 ιιιιι
839 1885 884 1940 ltu
907 1905 975 1941 cum
991 1884 1154 1959 facilitate
1173 1886 1289 1958 aceedit,

79 1989 185 2060 prouti
204 1983 260 2041 olei
275 1983 435 2058 fluentum
449 1987 513 2039 sine
533 1988 664 2057 strepitu
685 1981 887 2058 prfflueotis,
907 1991 942 2039 ut
965 1989 1079 2040 mirari
1102 1985 1220 2058 subeat,
1238 1993 1287 2041 toa·

81 2083 152 2140 tillo
172 2103 239 2139 eum
259 2090 358 2138 aetate
378 2089 441 2138 ista
459 2100 632 2159 peregere.»
657 2077 690 2157 2)

119 2179 180 2237 Hac
201 2178 241 2238 ita
260 2177 452 2237 describenda
469 2176 636 2258 philosophi
655 2177 766 2256 ingenii
786 2175 904 2252 indole,
923 2191 988 2258 apte
1007 2199 1058 2238 nos
1077 2178 1159 2239 Plato
1177 2176 1286 2240 ducitis

79 2276 203 2336 Socratis
221 2297 286 2335 cum
306 2276 459 2335 Theaeteto
478 2274 657 2363 descientia
681 2295 831 2334 sermones.
873 2276 930 2334 Nec
950 2296 1017 2335 vero
1035 2275 1194 2356 quidquam
1212 2273 1290 2337 inhia

80 2374 301 2456 praetermisisse
329 2371 464 2446 videtur,
485 2371 563 2450 quod
583 2371 620 2431 ad
643 2372 846 2433 declarandam
870 2374 957 2455 plane
983 2375 1014 2433 in
1038 2373 1188 2454 lucemque
1213 2371 1293 2457 prole·

81 2470 200 2531 rendam
220 2472 306 2531 talem
330 2470 461 2531 indolem
482 2485 575 2551 posset
599 2471 738 2530 conferre.
780 2472 849 2530 Nam
876 2471 1027 2532 inducitur
1050 2472 1223 2533 Theaetetus
1244 2488 1297 2532 nou

80 2570 180 2631 indole
209 2570 351 2646 eximius,
376 2583 519 2628 caeterum
542 2590 610 2629 vero
631 2568 731 2644 rudis,
760 2570 809 2629 sed
829 2570 934 2652 puerili
957 2570 1133 2651 disciplina,
1154 2564 1303 2652 imo-'geo-

80 2670 197 2729 metriae
217 2668 349 2728 excultus
367 2667 480 2744 studio,
502 2689 558 2746 quo
577 2689 635 2738 uno
647 2652 778 2727 'maxime
797 2668 929 2727 eruditur
948 2669 1116 2748 acuiturque
1135 2670 1302 2751 ingenium²

80 2764 230 2825 inducitur
248 2781 342 2826 autem
363 2787 420 2824 una
439 2786 505 2824 cum
524 2765 676 2826 Theodoro
695 2779 896 2848 praeceptore,
916 2766 965 2846 qui
986 2788 1062 2826 unus
1080 2768 1176 2848 potuit
1199 2768 1310 2849 optime

79 2864 115 2923 de
134 2866 195 2942 ejus
212 2865 329 2946 ingenio
345 2864 486 2942 judicare.
528 2865 565 2924 Et
587 2885 656 2925 vero
675 2879 891 2945 argumentum,
913 2864 949 2923 de
969 2887 1025 2944 quo
1043 2867 1155 2946 agitur,
1176 2867 1314 2926 scimea

79 2975 138 3036 est,
160 2955 276 3040 quout
304 2961 431 3020 nullum·
448 2964 481 3021 i‘n
504 2962 687 3043 philosophia
711 2963 826 3043 gravius
855 2977 896 3022 est
920 2962 968 3023 vel
992 2967 1100 3043 majus,
1122 2965 1163 3024 ita
1189 2966 1315 3026 nullam¹

78 3057 278 3140 philosopham
296 3060 426 3120 indolem
445 3081 510 3119 cum
529 3060 655 3120 advertit
672 3063 777 3141 magis,
799 3075 860 3120 tum
878 3062 983 3120 excitat
1000 3062 1209 3126 vehementius.
1248 3048 1318 3126 sod

79 3159 172 3237 ipsum
187 3159 246 3235 jam
270 3157 450 3217 attendamus
473 3158 676 3234 Theaetetum,
697 3181 785 3238 quum
804 3160 829 3218 is
848 3158 914 3218 e'um
932 3159 1045 3219 Socrate
1073 3161 1243 3242 colloquens
1265 3146 1318 3224 ael

78 3255 133 3314 hoc
152 3269 350 3334 argumentum
372 3255 491 3316 accedit.
532 3256 568 3314 ln
593 3257 654 3337 ipso
674 3258 776 3317 horum
796 3258 939 3337 colloquio
963 3273 1020 3318 tota
1047 3260 1131 3320 nobis
1154 3254 1321 3344 apparebit

78 3350 288 3412 adolescentuli
307 3352 429 3414 indoles.

23 3482 26 3487 ·
119 3450 250 3510 Vixdum
269 3451 339 3510 baec
359 3451 396 3511 de
411 3453 565 3513 Theaeteto
583 3453 691 3513 Socrati
706 3456 894 3515 nunciaverat
908 3456 1087 3534 Theodorus,
1103 3480 1211 3537 quum,
1225 3446 1320 3520 eece!

79 3549 140 3629 ipse
158 3549 231 3608 forte
250 3548 414 3610 adolescens
434 3571 498 3609 cum
513 3551 577 3611 aliis
596 3551 716 3612 accedit.
746 3553 816 3613 Nam
836 3554 927 3614 stadio
944 3558 1091 3633 exierant,
1113 3572 1145 3619 ut
1164 3538 1327 3641 ungerell'

81 3661 146 3723 tur,
166 3668 245 3706 nunc
267 3649 348 3707 uncti
366 3649 472 3708 adsunt
489 3652 638 3731 paratique
655 3652 692 3711 ad
712 3668 874 3728 certamen,
885 3653 946 3712 ¹ille
964 3670 1058 3715 autem
1082 3657 1222 3718 medium·
1229 3658 1327 3718 inter

113 3871 138 3939 1)
158 3873 200 3926 Sic
215 3874 299 3926 locum
312 3877 507 3942 interpretando
525 3879 585 3929 mibi
600 3881 671 3930 visus
689 3896 744 3930 sum
760 3881 898 3947 expedire:
918 3900 992 3950 quem
1009 3886 1080 3936 varia
1101 3887 1202 3939 ratione
1220 3896 1328 3939 tenta!

78 3978 136 4021 runt
154 3970 318 4037 interpretes.
355 3968 454 4022 Graeca
475 3974 512 4024 sic
533 3990 562 4025 se
584 3975 693 4026 babent:
717 3957 754 4024 τὸ
786 3987 842 4047 γαρ
870 3961 1041 4090 adpudq
1028 3993 1100 4031 οντα
1107 4018 1117 4046 ,
1152 3994 1193 4046 ως
1224 3966 1328 4033 diist?

78 4047 227 4170 7olarrou,
254 4056 350 4142 πρᾷον
383 4083 420 4120 uo
411 4051 518 4121 εἶναι
545 4055 764 4144 διαφερόντως,
791 4067 839 4128 καὶ
864 4066 913 4129 επὶ
937 4093 1050 4146 rovreto
1075 4067 1208 4159 αἰιλρεῖοι
1232 4066 1331 4155 παρ’

79 4148 236 4233 onerosis,
263 4155 322 4238 ἐγώ
359 4158 415 4240 μὲν
437 4152 513 4223 oo'c
549 4158 584 4225 dv
615 4159 719 4250 αι’όμηι
750 4165 885 4249 γενεσθαι
918 4167 984 4235 οὔτε
1017 4198 1079 4257 ouer
1108 4172 1331 4258 γιγνομένοις·

78 4258 124 4308 Est
146 4259 367 4399 Ιιιιιὲἰίοιῗιιθιιιίιι,
360 4282 476 4333 „quae
503 4276 530 4318 ut
551 4270 576 4318 in
598 4270 715 4322 familiari
735 4290 868 4338 sermone,
888 4279 922 4328 ita
942 4278 1009 4344 apud
1026 4279 1159 4334 Platonem
1179 4283 1331 4351 irequernS

78 4352 181 4394 estnec
214 4348 316 4413 rspicet

111 4425 137 4491 2)
156 4431 254 4483 Theraei
281 4431 376 4484 illel.
396 4435 423 4485 B.
