2796 5048
644 246 704 306 tat

58 405 97 487 de
127 409 336 468 mathematicis
362 407 527 489 disciplinis
554 409 632 486 quod
659 406 737 466 dixit
764 405 833 478 ille,
860 407 1004 464 neminem
1032 427 1077 465 eas
1093 404 1188 465 adbuc
1206 421 1280 465 recte

58 500 216 585 tractassess
240 529 297 587 quo
326 506 443 591 pknius
471 505 669 585 intelligatur,
700 504 769 562 haec
796 501 933 562 videntur
959 502 996 562 de
1023 505 1281 585 eatumqproposito

58 602 208 673 rddenda.
250 605 392 676 Fuerunt'
409 604 534 663 subinde
564 604 775 674 mathematici,
804 603 854 680 qui
874 601 966 660 abditi
984 603 1015 661 in
1035 601 1210 677 bibliotheca
1231 611 1280 661 sua

58 700 254 787 qxclutlerent
284 703 354 762 inde
379 723 476 762 omnes
486 749 495 778 ,
515 716 656 797 qotquot
682 725 759 775 non,
780 715 816 785 ut
831 701 906 780 ipsi,
927 701 1144 809 caeterffjexosi
1162 712 1281 759 atteret

58 794 225 876 Minas,
247 802 279 860 in
299 801 367 860 solis
390 801 540 859 haererent
561 801 649 859 lineis
674 813 701 858 et
719 797 851 872 circulis,
873 797 1162 876 arcendiqteeaussh
1174 798 1280 874 januae

58 894 272 974 inscriberent,
298 898 448 958 Platonem
476 901 484 957 i
519 901 614 958 'taturi
643 897 773 974 scilicet,
798 895 904 977 μηδεὶς
928 884 1151 976 α’)ἦωμλὲτρητος
1172 892 1278 955 εἰσίτω.

58 990 112 1053 hri
139 995 213 1074 quid
242 999 417 1079 spectarint,
447 920 561 1065 uffo:
593 997 646 1057 hoc
674 1010 801 1073 constat,
827 998 970 1057 aberrasse
989 1019 1039 1075 eos
1057 996 1157 1078 procul
1175 1018 1192 1055 a
1211 1018 1279 1056 sen-

59 1093 152 1153 muria
170 1095 317 1171 Platonis,
337 1097 387 1173 qui
408 1097 535 1155 omnium
554 1117 613 1154 esse
630 1096 850 1177 Gsciplinarum
868 1108 896 1155 et
913 1109 1042 1156 mutuam
1057 1109 1085 1154 et
1101 1115 1279 1157 communem

63 1208 127 1249 cun
156 1193 363 1252 mathematicis
392 1194 503 1253 artibus
531 1194 764 1272 conjunctipnem
786 1195 935 1265 smuebat.
977 1192 1034 1253 Sed
1056 1193 1203 1253 doctrinae
1220 1193 1277 1273 ipsi
1345 1188 1349 1193 ’

63 1304 128 1353 mr
156 1311 250 1370 neque
281 1290 484 1351 excellentiam
503 1313 556 1351 nec
577 1293 637 1350 vim
656 1291 787 1352 divinam
805 1307 1031 1374 perspexerunt,
1050 1312 1140 1372 quae,
1160 1284 1278 1369 Platdhe

61 1382 176 1463 iudice,
199 1411 259 1447 non
279 1388 371 1449 solum
389 1390 427 1450 ad
446 1405 584 1451 astrorum
604 1390 808 1470 uuiversaeque
826 1405 946 1451 naturae
965 1390 1160 1451 conditionem
1179 1388 1278 1470 euplo·
1358 1390 1360 1395 ’

67 1483 199 1562 nudam,
221 1509 322 1546 verum
341 1489 468 1548 omnium
488 1490 612 1549 maxime
632 1483 724 1570 πρός
745 1482 813 1571 τήν
832 1489 899 1551 tori
920 1488 1029 1550 καλοῦ
1053 1510 1089 1550 τε
1113 1487 1171 1550 καὶ
1193 1482 1277 1568 ἄγα·

69 1579 349 1666 θοῦῇζήτησιν,
385 1590 434 1646 od
461 1573 826 1672 palmitemque
864 1596 1277 1672 disquisitionrnmet

74 1672 144 1747 ὼ
168 1701 196 1746 et
222 1687 372 1747 tractanda
402 1700 452 1746 est.
478 1683 506 1767 l)
547 1687 686 1769 Exemplo
714 1691 745 1750 id
771 1691 993 1772 comprobarunt
1015 1711 1065 1750 suo
1083 1690 1200 1749 maxirhi
1217 1688 1275 1747 tam

70 1787 182 1862 fitteris,
202 1806 288 1866 quam
306 1785 473 1845 recentioris
492 1787 555 1846 aevi
574 1787 780 1865 mathematici,
801 1792 851 1869 qui
867 1790 1003 1849 acerrimo
1017 1788 1114 1848 iidem'
1121 1787 1276 1850 valuerunt

72 1882 156 1961 poteri
173 1884 301 1964 bonique
319 1904 418 1959 sensu,
439 1884 510 1965 ipsis
530 1898 624 1944 autem
641 1885 719 1946 hisc'e
737 1887 944 1948 mathematicis
960 1887 1065 1952 studiis
1078 1886 1183 1947 eximie
1193 1885 1273 1945 hunc

71 1998 173 2041 nusum
199 1998 228 2043 et
255 1996 393 2044 acuerunt
421 1996 449 2041 et
478 1982 675 2045 excoluerunt.
715 1985 832 2046 Scilicet
859 1985 931 2065 quid
957 1986 1092 2066 pulcrum
1117 1998 1177 2061 est,
1201 1983 1274 2064 quid

68 2072 184 2155 bunum,
204 2081 277 2161 quid
297 2082 329 2141 in
346 2081 540 2161 qualicunque
557 2102 588 2139 re
606 2081 752 2143 excellens
769 2097 797 2142 et
814 2084 1007 2165 praeclarum,
1026 2083 1084 2143 nisi
1100 2081 1179 2163 quod
1196 2081 1289 2185 ider*

67 2189 105 2237 tet
132 2183 255 2259 terum?¹
294 2179 341 2240 Ad
371 2200 470 2243 uerum
495 2194 590 2239 autem
616 2181 849 2262 investigandum
866 2183 1014 2264 pertinent
1030 2181 1084 2241 hae
1102 2179 1275 2261 disciplim

65 2277 248 2349 potissimum.
273 2297 275 2301 ’
298 2263 477 2359 Quapropter
508 2278 590 2338 Plato
624 2279 787 2341 tractandas
820 2301 866 2340 eas
901 2281 1031 2358 censuit,
1060 2301 1122 2341 non
1139 2268 1274 2365 dparui'tt

66 2374 176 2452 mont,
207 2398 261 2437 nec
289 2376 496 2450 ve1·o‚solum,
527 2390 559 2436 ut
587 2377 673 2437 rebus
702 2379 831 2459 physicis
849 2379 1031 2460 explicandis
1048 2377 1268 2461 adhiberwtr,

66 2467 114 2531 ted
142 2477 270 2535 omnium
297 2476 439 2550 maxime,
469 2488 500 2533 ut
528 2475 713 2534 erudirentur
740 2476 777 2535 iis
801 2477 918 2557 ingenia
943 2479 1104 2556 juvenum,
1126 2489 1177 2552 ut,-
1196 2473 1275 2555 quod

68 2549 230 2633 ibrhibus
258 2558 409 2655 pulcrum,
438 2574 469 2631 in
497 2571 600 2632 officiis
626 2573 808 2652 moribusque
836 2574 985 2634 honestum
1005 2589 1085 2634 ‘esset
1102 2588 1129 2634 et
1147 2574 1274 2648 bonum,

70 2674 276 2749 'linquerentur
304 2672 407 2747 facile,
437 2684 484 2746 ut,
513 2657 649 2731 excitato
666 2686 840 2752 purgatoque
868 2673 959 2732 animi
988 2672 1088 2748 oculo,
1109 2674 1216 2731 oerum
1237 2672 1275 2731 in

71 2761 148 2829 “bru
175 2769 329 2846 omnibus,
359 2770 487 2852 pulcris,
507 2769 592 2829 bonis
602 2815 610 2844 ,
627 2770 731 2847 justis,
752 2784 865 2850 tamque
882 2771 992 2832 divinis
1011 2771 1092 2846 illis,
1113 2790 1198 2849 quam
1216 2768 1274 2831 hu-

71 2867 169 2941 mnis,
199 2869 280 2946 quasi
310 2868 491 2951 adspicerent
520 2880 625 2928 mente.
664 2869 729 2951 ‘Hoc
754 2868 973 2950 disciplinarum
994 2868 1274 2941 mathematicarum,

61 2956 101 3023 'tle
126 2964 255 3025 Platonis
282 2969 444 3044 sententia,
474 2988 614 3027 summum
641 2969 816 3048 propositum
844 2982 898 3027 est:
925 2967 957 3027 id
977 2965 1196 3029 veroiomnibus
1214 2966 1274 3023 fere

62 3056 148 3144 ipsius
176 3078 266 3123 aetate
294 3086 402 3128 novum
430 3066 578 3127 accidebat
607 3079 636 3123 et
660 3064 832 3125 inauditum.
873 3064 930 3125 Sed
948 3065 1017 3126 haec
1036 3065 1073 3125 de
1091 3063 1194 3126 studiis
1212 3084 1274 3125 ma-

58 3160 219 3231 thematicis
235 3162 399 3241 sufficiant3
422 3186 500 3224 nunc
520 3164 702 3224 dialecticam
716 3184 926 3244 persequamur.

75 3404 172 3473 rime
188 3408 248 3476 nep.
269 3406 320 3458 vu.
339 3407 396 3459 531.
416 3408 445 3461 c.
