2796 5048
659 18 691 67 Ἠ

643 238 701 296 513

61 403 241 485 sicquidem
263 399 342 460 hunc
371 400 533 480 ingreditur
561 423 625 461 cum
645 404 875 466 adolescentibus
893 428 1049 467 sermonem
1069 407 1215 486 Socrates,
1236 413 1286 491 qui

62 502 102 578 ad
124 498 310 587 tyrannidem
325 496 426 575 ducit,
442 500 568 560 civitatis
588 500 784 562 conditionem
806 505 965 585 pessimam.
1006 505 1084 564 Hinc
1101 522 1195 568 autem
1214 530 1306 569 com·

61 620 165 682 parare
178 600 285 677 justam
304 597 451 671 civitatem
469 618 535 656 oum
556 599 758 678 injustissima,
775 604 885 681 justum
902 602 1134 664 bominem'cum
1161 606 1286 685 injustis·

61 699 152 771 simo,
180 695 305 775 indeque
332 692 370 755 de
397 695 565 776 utriusque,
587 711 615 757 et
632 698 758 759 civitatis
776 713 804 760 et
822 699 966 777 hominis,
982 702 1046 763 ‘rita
1065 716 1141 763 recte
1157 704 1290 784 judicare

63 796 177 856 licebit.
962 788 968 801 ’

147 992 363 1072 Erigitur·
402 993 450 1049 od
480 1002 678 1070 optimae²
699 985 1208 1070 civitotirsolieitotem

184 1111 327 1148 eorum
360 1091 555 1150 conditio
591 1100 842 1169 ciuitatum,
874 1116 1173 1172 quaerore-‚up-
1233 1154 1235 1159 ,

574 1200 640 1249 tae
668 1201 778 1250 suot.

10 1388 12 1395 '
96 1387 231 1459 ¹Acturus
257 1383 395 1465 deinceps
424 1384 505 1445 Plato
534 1385 571 1446 de
594 1388 718 1468 optimae
743 1388 870 1453 civitatis
898 1389 930 1448 in
949 1390 1075 1468 pejorem
1093 1387 1290 1449 conditionem

12 1498 42 1521 ··
63 1483 310 1557 commutatione,
338 1481 376 1542 ad
399 1483 638 1564 Pythagoreorum
664 1486 827 1566 exemplum
845 1506 904 1544 rem
924 1507 939 1544 a
960 1485 1034 1545 coeli
1054 1487 1292 1559 conversionibus

10 1568 12 1573 ¹
63 1602 98 1640 ac
125 1601 309 1640 numerorum
335 1583 446 1642 naturis
472 1582 577 1644 ducit.v
604 1584 661 1658 Qui
690 1584 770 1644 locus
792 1584 824 1642 in
852 1585 913 1662 ejus
939 1584 1053 1665 scriptis
1080 1605 1177 1645 omnes
1199 1585 1292 1654 omnis

60 1680 128 1740 aevi
148 1680 318 1758 interpretes
335 1681 454 1761 pessime
472 1680 593 1756 habuit,
614 1681 739 1742 necdum
758 1668 825 1741 satis
839 1681 995 1762 explicitus
1014 1681 1141 1744 videtur.
1182 1683 1289 1759 Nobis,

59 1799 130 1837 cum
158 1778 248 1858 ipsam
275 1779 398 1837 maxime
426 1779 609 1860 interpretari
628 1779 764 1839 Platonis
783 1779 996 1861 philosophiam
1013 1778 1193 1857 studeamus,
1214 1781 1292 1842 illud

58 1877 244 1959 potissimum
273 1875 563 1962 animadvertendum
592 1890 652 1952 est,
681 1878 772 1958 repeti
801 1877 838 1936 ab
867 1898 899 1936 eo
915 1878 1178 1962 *commutationem
1209 1877 1291 1938 illam
1343 1941 1348 1957 ,

59 1975 197 2058 proxime
210 1987 282 2032 ⁴cum
303 1995 318 2033 a
339 1975 463 2033 musicae
491 1987 575 2052 atque
602 1975 795 2037 institutionis
813 1976 935 2057 puerilis
956 1976 1106 2056 neglectu,
1127 1990 1188 2036 tum
1207 1978 1292 2053 etiam

60 2073 158 2149 inde,
185 2071 263 2152 quod
290 2093 392 2152 genera
420 2072 570 2132 bominum
582 2119 590 2149 ,
619 2095 692 2153 quae
717 2076 749 2134 in
776 2075 903 2154 perlecta
928 2073 1078 2156 republica
1105 2048 1293 2134 recte⁰erant

60 2171 223 2246 distincta,
252 2171 481 2232 commiscentur.
523 2171 621 2232 Musas
647 2173 737 2253 igitur
760 2171 830 2232 haec
859 2173 998 2232 continuo
1015 2171 1145 2232 dicentes
1163 2170 1291 2231 inducit:
1334 2207 1365 2266 ’ἱ

70 2290 150 2328 «nos
173 2270 276 2328 iccirco
296 2269 441 2350 negligere
470 2271 602 2332 custodes
621 2273 784 2353 incipient,
808 2272 945 2331 musicam
965 2292 1045 2345 non,
1067 2284 1098 2330 ut
1117 2269 1218 2345 decet,
1238 2291 1294 2328 ne-

67 2387 128 2446 que
144 2368 346 2447 gymnasticam
366 2384 516 2428 curantes:
540 2370 618 2430 unde
635 2363 833 2450 ἀμουσότεροι
849 2368 925 2429 'fient
939 2371 1063 2447 juvenes
1082 2368 1183 2428 nostri.
1220 2368 1294 2428 Inde

64 2462 328 2554 autem-principes
356 2473 569 2532 constituentur
598 2473 837 2553 negligentiores,
858 2492 942 2551 quam
962 2470 1063 2548 decet,
1083 2470 1121 2532 ad
1140 2485 1216 2533 recte
1236 2473 1293 2533 dis·

10 2633 26 2649 ,
61 2571 265 2645 cernendum,
295 2569 403 2650 quibus
428 2570 567 2650 gerundis
594 2570 680 2649 rebus
704 2570 812 2650 singuli
836 2571 915 2629 cives
935 2570 1037 2629 natura
1057 2571 1116 2630 sint
1136 2572 1215 2652 apti:
1236 2593 1292 2652 quo

60 2669 216 2750 neglecto,
237 2671 333 2729 omnia
351 2669 383 2728 in
402 2669 520 2730 civitate
539 2666 746 2748 perturbentur
764 2688 877 2727 necesse
896 2681 947 2726 est.
958 2692 973 2724 o
991 2665 1019 2747 l)

261 2865 317 2924 De
344 2872 602 2924 timocratio,
627 2873 665 2922 el
692 2871 783 2921 viro
811 2871 1096 2922 timocratico.

107 3064 327 3138 Aristocratiae,
357 3085 442 3142 quam
472 3062 608 3142 optimam
633 3061 713 3120 dixit
740 3061 821 3120 Plato
849 3061 1012 3136 civitatem,
1034 3061 1163 3142 proxime
1182 3062 1293 3122 accedit

62 3165 104 3226 dc
135 3165 196 3242 ejus
222 3163 363 3221 sententia
393 3161 569 3220 timocratia:
598 3161 745 3237 utriusque
774 3172 868 3218 autem
896 3157 1052 3218 discrimen
1082 3174 1113 3219 ut
1132 3173 1208 3219 recte
1225 3181 1292 3241 per-

63 3263 223 3344 spiciatur,
254 3260 290 3318 de
308 3261 434 3341 perfecta
455 3260 507 3319 illa
526 3257 752 3352 republicaxhoc
772 3258 840 3317 item
860 3257 1019 3317 tenendum
1039 3258 1122 3329 nobis
1141 3272 1191 3319 est.
1233 3259 1291 3339 Qui

63 3359 233 3420 defendunt
258 3380 318 3417 eam
341 3373 369 3418 et
398 3372 522 3440 regunt,
542 3357 673 3418 custodes
696 3379 728 3417 ac
750 3357 946 3437 magistratus,
967 3356 1019 3416 hos
1036 3356 1132 3416 uoluit
1156 3356 1232 3436 ipsos
1250 3358 1292 3416 rei

64 3458 207 3518 familiari
232 3457 400 3533 consulere,
423 3473 546 3516 caeteros
570 3458 657 3534 jussit
683 3456 761 3516 cives
791 3456 882 3515 victui
906 3472 1002 3514 corum
1030 3444 1210 3534 prospicere:
1232 3467 1293 3513 tum

64 3577 138 3616 vero
167 3557 310 3616 universis
339 3555 432 3615 voluit
461 3575 526 3613 cum
545 3577 631 3635 opes,
652 3567 712 3611 tum
733 3572 835 3611 uxores
854 3555 939 3613 etiam
957 3565 985 3610 et
1003 3550 1110 3609 liberos
1130 3559 1300 3611 communes*

63 3675 139 3714 esse.
180 3655 216 3713 ln
238 3653 344 3731 quibus
372 3653 488 3733 placitis
513 3653 621 3726 multa,
642 3653 751 3724 fateor,
782 3664 938 3737 occurrunt
964 3649 1099 3709 absurda*
1118 3663 1292 3730 naturaeque

64 3753 212 3812 humanae
237 3751 445 3833 repugnantia,
466 3765 615 3833 propterea
643 3748 777 3828 quidem,
798 3746 875 3825 quod
895 3748 932 3807 ad
952 3749 1070 3804 civilem
1090 3767 1121 3805 ea
1141 3747 1290 3807 hominum

29 3852 39 3885 ·’
64 3849 434 3926 statumaceommodavit3
458 3849 508 3909 sed
528 3848 581 3908 hoc
598 3847 649 3905 ille
670 3846 866 3926 spectabat'in
892 3846 1065 3927 primis,‹ut
1084 3846 1124 3904 ita
1144 3866 1200 3904 una
1221 3861 1292 3906 esset

66 3949 174 4011 civitas
193 3971 246 4008 nec
266 3949 388 4010 diversis
408 3948 586 4028 singulorum
606 3946 709 4005 studiis
729 3946 760 4004 in
778 3957 872 4026 partes
893 3944 1123 4019 distraheretur,
1145 3957 1206 4002 tum
1224 3963 1291 4003 vero
1362 3998 1364 4003 ,

67 4052 112 4110 sic
142 4048 274 4129 sperabat
300 4049 377 4124 fore,
399 4061 430 4106 ut
458 4039 536 4106 cities
558 4066 586 4104 se
607 4046 732 4105 invicem
751 4057 887 4123 tanquam
904 4044 1006 4102 fratres
1024 4042 1198 4121 diligerent,
1220 4055 1289 4100 natu

67 4150 192 4226 majores
220 4161 355 4228 tanquam
391 4156 538 4227 parantes
560 4156 759 4203 revererentur
790 4155 817 4200 et
845 4162 946 4223 pueros
976 4155 1007 4199 ut
1027 4143 1114 4218 filios
1142 4141 1197 4218 ipsi
1227 4161 1289 4198 suos

108 4445 133 4508 ι)
151 4447 188 4497 m
208 4447 269 4514 aa.
282 4445 343 4496 rm.
355 4442 412 4495 sno.
429 4443 461 4494 n.
475 4469 509 4478 -
523 4440 582 4492 aar.
598 4439 629 4491 n.
