2796 5048
96 246 113 303 2

1263 336 1281 377 P
1315 367 1321 379 .

94 416 215 477 antiquae
236 415 348 462 Graecas
372 414 482 479 exilitas,
501 416 681 480 philosophiae
699 419 818 481 ubertas,
841 418 885 467 sed
900 434 1037 483 pausantes
1060 422 1185 487 proprias
1205 422 1266 470 reli·
1282 351 1309 391 ιε

91 500 180 563 glanis
205 498 369 547 Christianae
391 500 510 565 ubertas,
534 503 584 551 late
609 504 699 551 diffuse
722 503 753 551 ad
775 518 874 569 mess,
900 508 927 571 et
950 521 1007 555 cum
1029 521 1089 555 essa
1101 507 1266 573 philosophia

93 586 172 634 amice
188 586 340 650 conspirans.
359 586 492 637 Hodierna
508 588 680 653 philosophiae
696 589 815 640 condih'a.

531 710 567 759 De
582 710 735 779 philosophia
750 708 870 761 Platonis.
1281 711 1318 763 40

125 808 236 858 Platonis
256 810 413 875 philosophia
432 827 483 859 aaa
497 818 534 861 est
552 816 579 859 st
597 812 653 859 siti
663 798 770 861 eomas.
790 812 848 861 Post
867 828 925 861 eum
939 812 1019 863 divisa
1038 814 1064 862 in
1079 820 1162 877 partes
1177 812 1263 875 singu-

90 891 183 977 heres,¹
197 912 245 946 nec
266 896 372 961 junctas
391 898 458 945 inter
480 912 507 945 ee
528 912 613 961 neque
631 898 765 963 cnm'ipso
781 900 852 947 lente
867 898 1000 959 aenum
1030 900 1137 963 Triplea
1150 892 1261 949 Platonis

88 976 247 1045 disquisitio,
265 982 307 1031 eui
324 984 444 1046 congruit
460 984 558 1047 triplus
571 984 742 1033 recentiorum
758 983 890 1047 quaestie.·

259 1104 335 1155 Ducit
351 1104 419 1171 apud
435 1104 561 1175 Platonem
575 1102 727 1173 plsilorophia
744 1106 778 1157 ad
792 1107 923 1175 pulcram
942 1106 977 1157 ad
991 1124 1092 1169 saum,
1111 1108 1146 1159 ad

428 1189 541 1256 justam,
559 1191 695 1257 prwipue
710 1200 793 1243 asstare
809 1194 844 1243 ad
858 1209 953 1243 essum.
1276 1196 1307 1246 tt

123 1291 327 1355 liisquisitionum
345 1291 471 1339 successio
485 1291 608 1339 rationem
624 1293 788 1357 expliciti
803 1294 915 1343 Platonis
929 1292 1065 1357 ingenii
1085 1296 1171 1347 relert.

421 1498 424 1503 Ι
555 1430 615 1481 ue
651 1432 830 1484 seruo,
914 1478 917 1483 .

380 1550 460 1590 trtius
478 1550 663 1591 callosorum
682 1552 845 1593 antomon
863 1550 1022 1591 resolutum.
1277 1542 1312 1595 43

122 1644 287 1693 Socratis
305 1650 331 1692 et
347 1646 573 1710 Pythago-rae
590 1646 620 1694 de
642 1648 725 1695 aedem
740 1646 847 1694 humane
863 1644 1012 1697 sententiae.
1030 1645 1166 1708 Utriusque
1182 1646 1218 1694 ris
1233 1646 1259 1695 in

89 1730 132 1777 Pl
137 1737 276 1779 aienses.
295 1714 426 1793 Socrates,
444 1732 471 1779 in
488 1732 599 1781 Platonis
613 1732 746 1781 Phaedone
763 1734 918 1797 Pythagorea
934 1733 1075 1795 disserens,
1093 1737 1177 1780 temen
1194 1733 1258 1796 phi-

86 1816 199 1881 lssephi,
225 1832 276 1865 uon
293 1817 434 1865 sacerdotis
451 1823 537 1867 tuetur
550 1834 690 1883 personam.
717 1819 832 1883 Corporis
847 1835 905 1867 cum
921 1832 1022 1866 earcere
1038 1818 1199 1882 comparatio.
1225 1817 1259 1864 Ut

85 1896 184 1951 suimus
211 1902 320 1952 carceris
336 1902 523 1966 impedimentis
546 1904 684 1969 liberetur,
697 1901 863 1971 philosophici
880 1920 943 1968 opus
954 1908 1000 1953 est.
1027 1904 1133 1951 Virtutis
1148 1902 1257 1951 studium

85 2004 99 2037 e
120 1988 224 2055 Platone
244 1984 434 2038 commendetur
454 2004 504 2038 non
524 1995 622 2039 tantum
640 1992 672 2040 ob
685 1996 843 2055 praesentem
862 1991 956 2052 vitam,
980 1989 1023 2039 sed
1040 1990 1144 2037 maxime
1165 1988 1256 2048 obsu-

86 2082 177 2124 tusam.
190 2076 306 2124 Cernitur
321 2077 385 2123 ritae
396 2076 495 2124 flaturae
508 2077 616 2124 felicitas
632 2078 752 2145 ueritatis
759 2092 843 2141 purae
856 2076 1009 2140 spectaculo.
1028 2074 1258 2126 ciceroniani

85 2162 219 2211 Hortensii
230 2162 314 2210 lacus.

465 2282 502 2333 De
516 2284 621 2349 pristino
637 2284 715 2333 animi
731 2292 753 2333 et
769 2300 833 2350 pero
849 2290 923 2332 statu.
1236 2274 1241 2285 ’
1271 2280 1308 2332 48

83 2400 87 2407 “
121 2385 205 2435 Animi
228 2386 330 2433 humaui
356 2400 414 2432 cum
432 2378 537 2433 ¹Glaesce
555 2384 653 2431 masiae
675 2385 835 2448 comparatio.
863 2386 930 2447 Quae
959 2382 1082 2431 naturalia
1102 2387 1161 2430 sunt
1178 2383 1254 2430 animi

86 2474 187 2523 studia?
211 2474 317 2521 Peits'ca
336 2478 363 2519 et
384 2471 533 2535 philosophe
551 2470 671 2533 pristinae
693 2471 768 2519 animi
789 2470 941 2518 conditionis
958 2469 1095 2533 descriptio
1113 2469 1138 2516 in
1155 2468 1256 2516 Phae-

86 2560 161 2623 dro,
179 2558 285 2607 sublime
306 2559 434 2606 universae
447 2555 620 2621 philosophiae
640 2556 783 2604 Platonicae
800 2555 937 2604 exordium.

389 2678 426 2729 De
444 2678 522 2727 aahssi
538 2678 564 2726 iss
580 2684 733 2742 praenestem
748 2678 908 2727 conditionem
923 2675 1004 2743 lapsss.
1271 2673 1307 2723 50

121 2778 461 2844 Platonicae’descriptionis
489 2780 628 2829 conclusio.
654 2779 735 2827 Aurea
757 2781 890 2842 paritasuae
919 2784 945 2826 et
965 2774 1168 2841 philosophum
1187 2779 1255 2822 aetas

88 2888 137 2935 qua
156 2888 182 2919 re
207 2868 322 2919 &vassei
344 2868 453 2915 Platonis
472 2866 556 2913 sabula
573 2882 592 2923 a¹
609 2866 672 2913 solis
695 2880 772 2913 caree
793 2866 905 2929 repetita.
935 2864 1028 2911 Pedias
1045 2868 1072 2910 et
1091 2860 1254 2925 philosophos
1318 2920 1321 2924 ,

88 2959 200 3007 imitatus
221 2955 307 3003 Plato:
331 2954 379 3002 alia
396 2953 498 3001 aliunde
516 2952 646 3012 adhibuit,
671 2968 721 2998 non
736 2951 835 2999 lahulae
856 2953 1019 3010 ornamenta,
1042 2948 1084 2995 scd
1105 2946 1255 2995 sententiam

83 3040 244 3093 illustrantis.

251 3159 301 3209 Par
317 3160 492 3227 philosophiam
509 3161 605 3210 arsasius
621 3160 648 3207 ia
664 3159 793 3224 pristimo
811 3164 846 3205 est
863 3163 952 3206 statuas
968 3155 1128 3205 salaceadrss.
1271 3151 1305 3201 54

594 3428 792 3439 ....-—--—-

593 3440 792 3451 ....—--.--—-

360 3731 766 3788 Palestinorum
794 3726 1023 3789 runem,

600 3943 637 3979 PE
663 3939 781 3978 tuone.

60 4058 63 4063 ’
115 4042 289 4107 Philosophiae
306 4040 447 4089 Platonicae
462 4055 476 4086 a
491 4038 658 4099 simplicitate
672 4032 862 4084 commendatio.
882 4029 991 4078 Platonis
1005 4027 1036 4074 in
1046 4040 1108 4088 pen
1117 4025 1125 4072 i
1134 4039 1190 4072 um.
1199 4040 1251 4087 quo

79 4132 152 4180 ruodo
169 4146 200 4179 se
221 4126 401 4213 explicuit?

545 4227 606 4277 DE
645 4228 666 4275 Α
685 4226 707 4275 hl
725 4226 748 4276 0
765 4224 787 4273 R
806 4222 847 4289 Ε..

353 4337 463 4389 Platonis
477 4336 510 4387 de
526 4334 570 4384 hec
587 4342 731 4400 aspectante
746 4329 932 4400 philosophandi
949 4326 1022 4377 satie.

111 4442 183 4490 Varia
194 4452 306 4489 ‘essaeos
321 4442 483 4489 Platsssicssst
496 4435 681 4500 interpretandi
694 4434 765 4483 ratio.
