2796 5048
652 314 661 329 ,
704 260 764 320 tet

179 431 240 491 Ad
266 440 356 488 trae
383 430 490 486 illae
518 435 728 487 civitatis
753 437 921 505 parter,
951 438 1218 510 quatuorque
1245 445 1286 493 in

296 549 337 587 ea
366 535 577 601 uirtutes,
608 535 742 584 animi
771 534 973 606 erigitur
1000 540 1173 591 natura.

156 721 282 785 Condita
305 723 395 804 igitur
419 724 451 783 in
478 723 558 783 hunc
585 720 703 782 modum
732 720 882 805 republica
911 723 1038 805 optimi,
1059 724 1231 808 repertique
1250 728 1283 790 in
1300 729 1344 789 illa

111 824 245 906 justitia,
268 823 394 902 exquirit
418 825 479 901 jam
509 845 595 906 porro
621 821 768 898 Socrates,
789 824 854 900 quis
874 821 960 883 homo
980 824 1107 905 optimus
1128 826 1185 902 sit,
1208 841 1262 904 ut,
1283 829 1346 909 qnid
1390 848 1392 855 ·

114 947 173 985 esse
191 925 223 985 in
243 925 340 984 animo
360 923 487 983 hominis
502 922 617 1001 justitia
639 919 792 995 videatur,
814 934 919 1002 pateat.
962 922 1026 981 Huc
1048 924 1128 983 enim
1152 939 1215 986 tota
1244 927 1299 986 illa
1316 927 1346 988 de

114 1023 264 1105 republica
293 1014 452 1103 disputatio
478 1020 667 1104 pertinuerat.
724 1019 944 1079 «Censebamus
972 1020 1069 1096 enim,
1090 1023 1151 1098 ait,
1172 1025 1198 1082 si
1226 1024 1348 1107 plurium
1390 1034 1392 1039 '

113 1143 228 1198 rerum,
253 1118 360 1201 quibus
387 1120 494 1179 inesset
526 1119 659 1198 justitia,
688 1118 720 1176 in
758 1119 864 1196 majore
894 1116 1018 1197 quadam
1057 1120 1141 1202 prius
1170 1122 1243 1181 'eam
1277 1122 1347 1185 vitle-

113 1242 226 1296 remuS,
248 1219 366 1280 facilius
394 1217 504 1278 deinde
533 1240 584 1278 nos
611 1218 643 1277 in
665 1217 776 1276 minere
788 1261 796 1294 ,
823 1236 927 1298 nempe
949 1216 982 1276 in
1010 1216 1128 1279 homine
1157 1242 1243 1296 uno,
1264 1223 1349 1302 qualis

113 1318 164 1377 illa
183 1321 238 1394 sit,
259 1330 467 1399 perspecturus.
509 1316 581 1376 Tale
600 1314 673 1397 quid
701 1315 787 1374 nobis
813 1335 872 1374 esse
890 1315 995 1375 civitas
1014 1316 1190 1377 videbatur:
1214 1341 1348 1404 quaprop.

113 1430 156 1476 ter·
185 1438 247 1476 eam
275 1417 361 1496 quam
398 1416 535 1496 optimam
568 1412 728 1488 finximus,
764 1411 886 1472 scientes
916 1412 949 1472 in
975 1412 1052 1475 bona
1079 1415 1238 1497 republica
1266 1419 1348 1478 inesse

106 1514 261 1592 justitiam.
312 1513 422 1573 Iccirco
451 1512 530 1593 quod
558 1514 590 1572 in
619 1511 671 1572 illa
708 1510 793 1571 nohis
814 1511 976 1592 apparuit,
1006 1513 1166 1574 referamus
1196 1516 1252 1576 ad·
1269 1538 1348 1578 unum

111 1613 268 1672 hominem.
309 1611 340 1671 Si
357 1612 535 1671 convenient
555 1610 611 1670 sihi
636 1611 783 1686 invicem,
805 1609 931 1670 sufficiet
953 1609 1055 1687 nobis3
1078 1612 1126 1672 sin
1150 1616 1280 1675 veroin
1300 1636 1349 1676 une
1390 1644 1392 1659 ¹

110 1709 193 1770 aliud
212 1707 288 1791 qnid¹
304 1721 459 1791 appareat,
481 1731 578 1769 rursus
607 1708 645 1769 ad
669 1708 818 1769 civitatem
841 1710 993 1784 conversi,
1015 1708 1253 1792 explorahimus.
1295 1712 1349 1776 Καὶ
1390 1722 1392 1783 j

108 1799 190 1886 τάχα
221 1803 257 1867 ἂν
284 1802 354 1889 παρ’
384 1801 497 1890 ἄλληλα
526 1806 701 1881 σκοποῦντες
730 1802 780 1868 καὶ
812 1809 978 1890 spoliavere,
1011 1799 1111 1892 ὥσπερ
1143 1808 1179 1872 ἔκ
1208 1814 1347 1898 πυρείων,
1390 1836 1392 1853 ¹

110 1904 262 1989 ἐκλάμψαι
291 1905 466 1993 ποιήσαιμεν
486 1903 542 1992 τήν
564 1902 762 1992 δικαιοσύνην·
785 1918 815 1968 et
835 1914 975 1988 fertone
1003 1932 1103 1970 aecum
1131 1920 1273 1978 invicem
1301 1920 1349 1978 illo

109 2025 318 2092 comparentes
338 2026 367 2073 et
383 2015 479 2072 veluti
494 2014 684 2089 collidentes,
703 2012 884 2095 efficiemur,
912 2019 966 2086 ul,
994 2018 1144 2090 tanquam
1161 2036 1179 2072 e
1200 2019 1348 2093 silicibus,

109 2113 228 2172 eluceat
245 2136 282 2172 ea
298 2121 339 2171 iis
349 2119 492 2190 justitio.
504 2137 518 2168 n
543 2108 574 2190 l)

388 2307 444 2366 De
470 2315 642 2367 ratione
667 2318 706 2366 et
732 2306 1066 2384 cupiditatibus.

149 2504 345 2565 praemittitur
365 2501 580 2565 animadversio
598 2525 613 2563 e
633 2505 763 2585 gentium
782 2500 883 2564 indole
902 2501 1002 2575 ducta,
1022 2521 1095 2578 quae
1112 2522 1178 2563 rem
1202 2508 1239 2568 in
1260 2511 1350 2592 primis

107 2605 244 2665 illustrat.
291 2604 420 2664 «Nonne
442 2625 556 2663 necesse
576 2617 618 2663 est
628 2650 637 2679 ,
658 2603 772 2683 inquit,
794 2601 943 2674 confiteri,
964 2599 1079 2659 eosdem
1098 2601 1132 2659 in
1151 2603 1250 2666 nobis
1271 2610 1350 2691 ipsis,

105 2726 177 2784 quos
209 2704 242 2763 in
271 2705 409 2777 civitate,
430 2722 522 2762 mores
548 2703 667 2764 inesse?
707 2702 807 2780 Neque
835 2701 913 2758 enim
940 2695 1060 2757 aliunde
1080 2697 1129 2757 illi
1149 2701 1187 2760 in
1207 2707 1349 2768 civitaten

108 2805 266 2862 venissent.
308 2798 478 2862 Ridiculum
507 2801 616 2882 quippe
648 2814 738 2875 esset,
767 2801 792 2859 si
823 2800 889 2878 quis
916 2786 953 2856 ro*
977 2791 1142 2873 θνμοειδὲς
1173 2806 1350 2867 existimaret

106 2922 167 2960 non
188 2922 202 2958 e
222 2901 344 2982 privatis
363 2899 552 2970 hominihus,
574 2921 695 2980 quorum
716 2897 793 2959 idem
812 2910 885 2956 esset
905 2918 937 2958 ac
957 2896 1103 2956 Thracum
1125 2913 1154 2958 et
1176 2901 1348 2984 Scytharum

104 2998 273 3078 ingenium,
295 2999 328 3058 in
354 2999 501 3058 civitatem
529 2997 715 3079 pervenisse,
737 3010 786 3056 aut
812 2988 852 3055 eo*
874 2991 1059 3076 φιλομαθὲς,
1090 3018 1154 3058 non
1179 3023 1197 3058 e
1219 3003 1275 3062 tali
1294 3005 1348 3084 pri-

102 3109 239 3155 uatorum
264 3093 382 3170 indole,
404 3096 500 3176 qualis
530 3096 615 3155 nobis
641 3110 683 3154 est
702 3096 804 3156 naturl
824 3096 953 3175 tributa,
973 3082 1023 3160 aut
1040 3089 1074 3158 τό
1097 3086 1348 3182 φιλοχρήματοὶ,

105 3215 167 3253 non
187 3214 223 3252 ex
245 3215 276 3253 ea
297 3194 478 3274 singulorum
497 3192 649 3254 hominum
670 3194 830 3276 cupiditate
841 3242 850 3272 ,
871 3219 927 3276 qua
945 3220 1007 3259 esse
1025 3198 1172 3260 dicuntur
1193 3205 1348 3266 Phoenices

103 3307 133 3352 et
163 3293 350 3374 aegyptiiis
380 3291 413 3372 2)
453 3293 509 3351 ch
540 3306 635 3351 autem
663 3292 792 3353 Socrates
820 3299 981 3357 necessario
1009 3298 1117 3377 requiri
1149 3301 1194 3360 ad
1216 3302 1346 3383 disquisi·

103 3390 213 3450 tionem
239 3390 441 3471 distinguendi
472 3389 675 3470 diligentiam,
698 3392 788 3462 videt.
835 3396 925 3454 «Hoc
941 3396 1050 3477 igitur,
1070 3398 1132 3475 ait,
1156 3401 1203 3459 sic
1226 3424 1290 3463 sese
1308 3403 1345 3461 lia·

23 3544 26 3548 ,
103 3487 153 3547 bet
182 3510 235 3547 nec
266 3487 389 3549 difficile
414 3491 540 3550 inventu
571 3503 631 3566 cst,
663 3489 742 3552 illud,
773 3514 841 3554 vcro
861 3493 1000 3569 difficile,
1023 3509 1120 3555 utrum
1139 3478 1346 3580 uno-quodam

101 3584 261 3665 eodemque
282 3586 353 3647 haec
373 3587 488 3669 singula
510 3610 644 3669 agamus,
666 3609 721 3665 an,
750 3612 816 3649 cum
847 3594 904 3651 tria
924 3594 1002 3670 sint,
1024 3591 1107 3653 alind
1127 3595 1204 3658 alio.
1249 3602 1346 3660 Utrum

101 3680 161 3742 alio
189 3706 306 3760 eorum,
337 3708 409 3765 quae
435 3686 520 3746 nohis
548 3687 667 3761 insunt,
699 3687 863 3765 discamus,
885 3691 942 3750 alio
967 3695 1142 3768 irascamur,
1166 3700 1261 3758 tertio
1289 3720 1344 3758 con·

102 3785 301 3862 cupiscamus,
323 3807 361 3842 an
379 3798 438 3843 toto
460 3785 556 3843 animo
576 3786 606 3843 in
626 3785 672 3844 his
696 3786 820 3866 singulis
847 3809 1049 3850 moveamur.»
1071 3789 1105 3870 3)
1147 3795 1346 3878 Distinguimr

102 3902 168 3961 crgo
198 3883 324 3962 primum
355 3891 472 3942 retica
497 3885 725 3960 cupiditatibus.
767 3886 839 3944 Nam
858 3902 923 3967 post
944 3889 1061 3970 longum
1082 3889 1120 3948 de
1141 3891 1345 3977 distinguendi

101 3981 213 4038 ratione
243 3982 371 4061 optima,
403 3995 464 4040 tum
501 3983 586 4042 etiam
615 3981 651 4041 de
675 3983 751 4063 ¹ipsis
780 3985 994 4064 cupiditatibus
1020 4008 1210 4068 sermonem,
1242 3997 1346 4055 animus

151 4166 358 4174 ..ψ-«-

136 4285 163 4350 1)
182 4289 219 4339 De
236 4291 298 4357 Jeep.
318 4290 361 4341 lv.
379 4289 438 4341 433.
458 4290 489 4341 A.
508 4318 534 4326 -
560 4289 618 4341 434.
638 4291 667 4342 C.

134 4371 161 4438 2)
181 4375 241 4425 Eoo.
260 4373 318 4426 435.
337 4376 368 4426 D.
387 4402 421 4410 -
439 4375 497 4426 436.
516 4376 547 4428 A.

133 4457 160 4535 3}
180 4461 240 4510 Eod.
259 4458 318 4510 436.
338 4460 369 4511 Α.
389 4461 425 4511 Β.“
