2774 5048
638 241 676 298 iili

73 403 215 467 metandas
243 399 407 460 subtiliores
437 413 464 458 ct
492 400 691 469 sublimiores,
722 400 759 460 ad
779 403 913 463 virtutem
933 404 1048 464 civilem
1073 420 1100 465 ct
1127 406 1277 467 militarem

74 518 132 585 aptae
158 515 252 560 essent
280 513 308 557 et
335 497 570 583 accommodatae.
627 499 686 556 llos
720 499 843 557 maxime
870 501 1035 562 Platonicus
1062 525 1139 563 amor
1166 528 1201 564 ex
1224 507 1278 565 hac

73 599 211 680 ignorantia
230 617 326 655 rerum
345 596 573 676 gravissimarum
593 594 630 653 ad
656 595 775 654 coeleste
802 595 964 660 adducebat
982 622 1070 682 purae
1098 603 1279 682 sinceraeque

73 699 179 757 vuitatis
206 693 418 775 spectaculum,
449 706 498 767 ut,
527 692 581 751 hoc
605 692 809 773 contemplati,
837 697 926 755 vitam
943 699 1128 759 instituerent
1151 703 1278 761 omnium
1359 694 1366 705 ⁸

72 797 200 877 optimam,
226 793 337 870 alisque
364 791 556 870 recuperatis,
587 791 609 849 si
640 791 689 867 qui
720 790 792 863 alii,
818 793 893 852 beati
921 809 1012 853 essent
1042 811 1069 854 et
1097 799 1277 859 immortales.

67 893 114 976 *Sed
134 893 186 951 hac
204 890 242 951 de
262 910 292 948 re
309 889 456 968 deinceps.
496 888 561 946 Alia
582 902 667 957 sunit,
688 891 808 966 quaein
827 890 999 969 pulcerrimo
1016 910 1180 972 argumento
1200 898 1279 976 prius

75 990 208 1050 videamur
229 986 410 1068 exponenda.

103 1087 317 1147 llemoravimus
329 1084 415 1143 modo
429 1084 543 1165 elegans
558 1085 742 1162 antiquorum
755 1083 893 1164 placitum
908 1086 945 1146 de
959 1088 989 1147 vi
1008 1091 1110 1148 amoris
1129 1111 1180 1172 per
1193 1105 1280 1151 totam

80 1208 148 1245 nram
167 1198 299 1244 naturam
317 1182 438 1255 diffusa,
459 1181 506 1240 cui
526 1180 628 1240 mundi
647 1181 719 1241 adeo
736 1176 829 1241 ortum
849 1183 1035 1260 tribuebant,
1055 1201 1131 1247 certe
1149 1187 1280 1249 ordinem

81 1287 123 1361 rjus
137 1299 162 1344 et
179 1283 301 1365 speciem
321 1279 529 1357 admirabilem.
571 1279 740 1338 Dominatur
763 1279 817 1339 hoc
836 1279 1051 1363 philosophema
1074 1285 1106 1344 in
1125 1286 1281 1366 Eryxima-

83 1381 114 1441 rbi
127 1400 266 1455 armona,
287 1379 337 1458 qui
360 1393 423 1459 post
441 1379 610 1437 Pausaniam
630 1377 750 1437 dicendi
778 1379 902 1459 suscepit
926 1394 1037 1460 partes:
1059 1382 1108 1442 sed
1133 1383 1211 1463 quod
1230 1385 1281 1444 ille

83 1480 256 1553 inchoaverat,
283 1476 332 1535 hic
360 1476 558 1557 persequitur,
576 1496 676 1554 ,neque
706 1495 797 1534 unum
824 1475 951 1536 celebrat
979 1478 1010 1537 in
1037 1478 1122 1539 rebus
1149 1481 1281 1542 omnibus

84 1596 195 1651 aucum,
225 1576 276 1635 sed
305 1573 451 1655 duplicem
475 1573 646 1653 distinguit,
666 1573 788 1632 alterum
816 1587 1022 1654 temperatum,
1050 1598 1107 1659 quo
1135 1579 1232 1640 calida
1252 1595 1280 1640 et

85 1674 180 1754 frigida,
198 1677 273 1734 sicea
300 1687 328 1732 et
354 1671 493 1745 humida,
514 1692 666 1751 congruam
694 1686 777 1731 nacta
801 1673 983 1751 temperiem,
1003 1676 1079 1755 agris
1103 1676 1280 1737 fertilitatem

85 1774 261 1853 sanitatemque
280 1769 446 1831 hominibus
464 1769 637 1848 caeterisque
656 1768 851 1828 animantibus
870 1770 1007 1831 afferunt:
1029 1773 1190 1836 violentum
1208 1776 1281 1836 alte-

86 1889 143 1946 rum,
158 1871 326 1944 turbidum,
340 1882 549 1941 contumacem,
564 1889 621 1946 quo
640 1866 834 1926 invalescente
854 1884 1072 1950 corrumpantur
1089 1874 1199 1946 omnia,
1213 1888 1281 1933 tem·

37 2010 40 2037 .
86 1981 179 2045 partes
203 1969 334 2029 oriantur
356 1987 423 2025 cum
440 1965 581 2045 grandine
600 1978 628 2023 et
646 1964 736 2044 glacie
746 2008 754 2037 ,
775 1977 804 2022 et
820 1979 944 2043 segetum
962 1966 1128 2047 rubigines,
1148 1971 1281 2051 pestilen-

37 2046 40 2159 ξ
85 2063 124 2125 tiae
138 2067 205 2126 adeo
223 2081 251 2125 et
270 2064 348 2124 nulli
366 2085 426 2123 non
444 2062 611 2123 animalium
627 2077 655 2122 et
672 2061 836 2143 plantarum
855 2062 957 2123 morbi.
999 2063 1046 2124 Sic
1065 2081 1192 2143 veteres,
1212 2090 1283 2148 quae

37 3122 42 3161 l

37 3182 41 3271 l

37 3606 41 3705 l

86 2164 157 2225 tuno
174 2163 337 2225 sentiebant
355 2161 392 2222 de
409 2182 522 2236 amore,
542 2161 612 2220 haee
627 2161 660 2219 in
674 2181 768 2219 rerum
783 2173 913 2220 naturam
928 2163 1155 2224 transferebant:
1173 2167 1283 2226 eadem·
1347 2234 1349 2245 Ι

86 2279 123 2336 que
137 2263 262 2322 medicus
287 2260 418 2333 hieresin
447 2280 564 2340 corpora
588 2258 738 2319 hominum
766 2277 919 2337 eorumque
941 2261 1117 2321 curationem
1146 2264 1281 2346 applicat.

88 2376 98 2407 t
105 2358 247 2440 Utrumque
267 2377 403 2431 amorem,
422 2358 532 2435 inquit,
547 2358 727 2437 agnoscimus
743 2357 777 2415 in
794 2356 904 2415 artibus
922 2358 1027 2434 variis,
1042 2373 1127 2439 atque
1144 2382 1194 2442 ego
1212 2360 1283 2421 mihi

87 2451 284 2537 deprehendisse
303 2454 403 2515 videor
422 2454 454 2512 in
474 2467 533 2512 arte
556 2466 652 2513 nostra
678 2453 797 2515 medica.
839 2453 910 2513 Nam
929 2453 988 2515 alia
1042 2459 1134 2539 petit,
1155 2457 1232 2538 quod
1252 2458 1283 2516 in

86 2557 228 2636 corporibus
252 2575 372 2627 sanum,
397 2551 474 2627 alia,
494 2550 571 2630 quod
594 2550 625 2608 in
650 2552 685 2610 iis
719 2550 880 2609 morbosum
907 2565 957 2612 est.
994 2476 1095 2614 ζωῇ
1120 2557 1226 2635 igitur,
1247 2555 1283 2616 de

86 2648 217 2713 Pausaniae
246 2651 406 2724 sententia,
427 2649 512 2709 bonis
530 2648 696 2708 hominibus
723 2646 895 2728 gratificari,
914 2648 1066 2730 pulcrum,
1093 2652 1177 2712 malis
1199 2674 1285 2727 vero,

86 2759 147 2831 lupe
166 2766 225 2827 est,
236 2753 276 2811 sic
296 2751 328 2808 in
348 2749 417 2829 ipsis
434 2745 601 2828 corporibus
619 2745 696 2805 bono
710 2748 814 2826 cuique
837 2748 976 2827 appetitui
993 2748 1207 2829 obsequendum
1226 2765 1284 2825 est,
1342 2830 1348 2839 .

86 2848 140 2909 ualo
162 2847 370 2910 resistendum:
401 2847 510 2924 eritque
525 2843 576 2902 ille
591 2843 766 2903 medicorum
784 2846 929 2926 optimus,
951 2848 1002 2924 qui
1017 2848 1121 2927 optime
1137 2862 1285 2926 utrumque

87 2963 185 3008 anunm
212 2946 397 3006 distinxerit:
428 2944 478 3022 qui
503 2956 597 3001 autem
618 2942 672 3000 hoc
695 2943 836 3017 effecerit,
860 2956 891 3001 ut
910 2963 963 3023 pro
982 2943 1070 3004 altero
1085 2947 1149 3024 quis
1167 2946 1286 3006 alterum

88 3047 204 3128 accipiat,
227 3060 258 3104 ut
276 3058 408 3104 nascatur
427 3062 503 3100 amor
522 3040 573 3098 ubi
595 3061 655 3099 non
674 3039 748 3098 adsit
765 3054 793 3099 et
811 3060 869 3099 esse
888 3040 1009 3116 debeat,
1029 3043 1076 3102 vel
1097 3045 1287 3125 restinguatur

89 3139 224 3205 'hisatius
243 3134 396 3222 sitpabesse
406 3187 415 3215 ,
435 3160 488 3198 nae
508 3140 532 3197 is
551 3140 605 3197 erit
623 3139 746 3218 optimus
764 3139 895 3198 artilex.»
923 3135 951 3217 l)

242 3339 378 3398 Virtutis
397 3347 503 3394 auctor
523 3312 609 3412 apud·
621 3335 779 3393 Platonem
798 3307 930 3396 eoelestia
946 3357 1031 3395 aanor
1046 3350 1098 3397 est.

117 3533 183 3596 llaec
204 3550 233 3596 et
251 3534 308 3593 alia
325 3533 534 3614 Eryximachus
554 3531 590 3591 de
610 3551 702 3589 amore
721 3532 753 3590 in
772 3532 864 3590 rerum
888 3547 1008 3607 natura,
1029 3532 1065 3593 de
1083 3535 1188 3613 quibus
1205 3535 1288 3595 nobis

90 3624 175 3693 deinde
195 3632 315 3693 dicendi
333 3633 387 3690 erit
406 3630 493 3689 locus.
536 3628 593 3687 Sed
611 3628 691 3688 Plato
710 3630 866 3708 exquisivit
884 3632 1023 3706 maxime,
1042 3653 1114 3712 quae
1136 3636 1237 3693 amoris
1255 3635 1287 3691 in

37 3726 39 3793 ἶ
87 3720 184 3807 ΙΗοιιιίιιο
202 3744 275 3790 esset
298 3744 325 3789 et
340 3729 495 3788 'hominum
515 3728 633 3786 civitate
657 3726 702 3785 vis
726 3740 754 3785 et
771 3724 932 3787 efficacitas.
974 3730 1121 3810 Proposuit
1146 3752 1228 3806 eum,
1256 3733 1288 3789 in

92 3819 193 3889 Phaedri
212 3829 357 3902 oratione,
378 3841 409 3885 ut
428 3833 554 3883 virtutis
569 3835 738 3899 auctorem,
758 3806 814 3902 qud
829 3824 902 3884 duce
919 3828 1040 3886 maxime
1059 3843 1087 3888 et
1103 3831 1198 3910 turpia
1217 3831 1288 3890 vita-

92 3936 165 3986 remus
177 3941 205 3987 et
223 3927 341 3986 honesta
360 3939 562 4005 appeteremus.
604 3923 661 3980 Nee
680 3923 948 4003 praetermittendus
976 3940 1017 3984 est
1045 3925 1128 3985 nobis
1155 3927 1233 3986 locus
1257 3928 1289 3985 in

96 4087 328 4108 x..—

38 4170 42 4179 Ι
119 4199 138 4267 1)
152 4207 228 4275 spmp.
247 4204 304 4256 185.
325 4204 355 4254 E.
374 4235 405 4242 —
425 4202 481 4254 188.
501 4202 531 4254 D.
551 4201 630 4253 [lucta
645 4201 709 4253 haec
724 4200 825 4269 quidem
840 4213 898 4254 sunt
913 4220 944 4255 ea
958 4203 1078 4255 Heracliti
1092 4211 1117 4253 et
1130 4203 1290 4270 Hippocratis

96 4287 187 4342 rarione:
212 4290 278 4358 (vid.
305 4290 352 4340 Ast
376 4288 408 4340 ad
431 4289 455 4339 h.
473 4289 490 4339 l.
502 4305 535 4355 ορ.
558 4286 608 4338 238
626 4296 652 4337 et
671 4288 798 4355 inprimis
816 4288 942 4352 ibiersei,
963 4289 1038 4355 Spec.
1052 4290 1079 4339 ia
1092 4290 1209 4355 Sympos.
1225 4290 1290 4341 Plat.

96 4376 115 4426 i·
127 4369 154 4423 ti
165 4374 229 4445 sqq.)
244 4375 291 4428 sed
308 4375 380 4426 Plato
393 4374 437 4425 illa
451 4374 620 4440 adpraesens
635 4381 810 4441 argumentum
824 4372 856 4423 de
871 4372 965 4440 duplici
981 4389 1068 4424 amore
1081 4374 1290 4426 accommodavit.

98 4445 156 4509 Quod
169 4462 228 4519 ideo
243 4460 414 4522 monendum,
432 4476 465 4510 ne
487 4457 643 4510 medicorum
657 4458 766 4534 principi
781 4456 938 4510 Platonicam
953 4458 1090 4510 tribuamus
1111 4459 1257 4513 doctrinam.

1055 4545 1072 4601 5
