2796 5048
667 235 726 297 342

87 408 168 466 raris.
180 441 213 452 -
229 403 304 482 Ergo
325 416 386 461 tum
407 400 522 460 demum
543 398 704 478 perfectum
726 398 758 455 in
780 397 898 457 modum
918 397 1110 459 ordinabitur
1146 399 1324 481 respublica,

79 524 168 583 quum
187 499 352 580 hujusmodi
374 500 401 565 ei
422 509 625 579 prospecturus
645 509 740 555 custos
766 495 822 569 sit,
851 496 903 573 qui
932 494 1037 561 borum
1064 500 1206 559 omnium
1236 510 1325 561 teneat

79 600 285 662 scientiam-
306 598 350 657 lta
369 615 482 656 necesse
501 606 571 653 est.»
601 592 631 673 l)
652 595 732 655 Patet
751 614 788 653 ex
816 594 870 653 hoc
899 592 1024 655 Socratis
1051 598 1213 673 sermono,
1244 618 1325 677 quare

78 713 137 759 tam
156 696 313 776 diligenter
334 693 415 753 Plato
435 706 573 771 tantaque
593 692 772 753 sublimitate
801 691 838 751 de
864 712 915 768 co,
945 691 1024 772 quod
1059 696 1179 754 bonum
1205 682 1326 771 est',²de

79 797 134 863 hoc
153 803 302 868 marimo,
322 791 401 872 quod
422 804 524 868 vocat,
545 784 710 871 μαθήματι
715 806 727 865 3
756 792 855 870 egerit.
896 789 943 853 sd
975 791 1123 853 rationem
1155 806 1257 853 autem
1283 792 1326 853 de-

81 892 268 967 clarandam,
299 889 473 970 singularem
499 892 582 952 illam
620 894 699 967 fere,
730 911 786 970 qua
817 887 854 948 de
884 910 917 949 eo
938 889 1015 969 egit,
1044 904 1142 951 totam
1161 889 1327 1025 Ιιίοπκιι

82 991 249 1074 philosopbi
267 989 304 1050 de
324 988 427 1070 pulcro
447 1002 474 1047 et
494 989 572 1049 bono
591 989 754 1049 doctrinam
771 987 937 1049 recolamus.

121 1090 200 1150 Haec
219 1089 271 1148 ille
290 1107 386 1147 rerum
406 1087 539 1168 exempla
557 1109 625 1168 prae
646 1087 766 1146 caeteris
785 1086 921 1147 omnibus
950 1087 982 1146 in
1011 1088 1135 1168 scriptis
1167 1088 1232 1153 suis
1260 1084 1326 1147 cele·

79 1187 177 1248 bravit
194 1187 336 1247 maxime:
354 1185 500 1265 pulcrum
522 1186 554 1245 in
572 1185 704 1246 Phaedro
723 1199 752 1244 et
774 1183 941 1265 Symposio,
976 1186 1009 1247 iu
1029 1184 1079 1249 bis
1099 1184 1143 1245 de
1165 1185 1326 1269 Republica

80 1283 213 1345 libris‘et
233 1286 264 1345 in
286 1283 403 1344 Timaeo
423 1285 531 1343 bonum
540 1306 554 1353 ;
582 1298 733 1361 utrumque
755 1297 849 1342 autem
870 1282 980 1363 dispari
1003 1284 1132 1345 ratione.
1156 1284 1236 1345 Nam
1255 1281 1326 1343 illud

80 1384 120 1441 ita
141 1381 292 1457 laudavit,
320 1396 369 1457 ut,
396 1382 492 1461 prouti
514 1402 600 1464 supra
621 1380 706 1441 nobis
727 1380 839 1461 patuit,
872 1381 973 1460 poesin
1003 1383 1097 1447 oratio
1129 1383 1262 1443 referret
1269 1406 1279 1459 3
1299 1380 1326 1460 2)

79 1479 134 1539 boc
156 1500 242 1555 vero,
262 1478 505 1560 quemadmodum
534 1501 614 1538 nunc
636 1479 787 1553 videmus,
809 1478 866 1553 ita,
889 1492 921 1538 ut
940 1479 1083 1559 imagines
1109 1481 1251 1561 pariter,
1270 1499 1326 1547 ¹net

81 1578 179 1636 minus
208 1578 347 1637 sublimes
378 1577 464 1652 illas,
500 1599 516 1636 a
545 1578 623 1658 poesi
654 1577 791 1651 duceret,
823 1597 924 1637 verum
955 1597 1097 1641 summam
1121 1577 1325 1658 disquisitioni

81 1674 232 1736 adhiberet
250 1675 413 1736 disserendi
435 1675 628 1755 diligentiam.
670 1676 728 1734 Nec
748 1675 880 1754 profecto¹
897 1676 1013 1737 mirum.
1054 1676 1183 1737 Etenim
1205 1675 1246 1737 ad
1258 1677 1322 1754 psl

80 1795 169 1833 crum
188 1772 412 1855 percipiendum
431 1774 547 1849 animo,
568 1773 715 1833 hominem
732 1750 903 1833 censebaia
932 1786 1027 1832 tenera
1050 1772 1125 1833 inde
1156 1788 1254 1841 aetate
1280 1796 1326 1857 ptr

81 1886 155 1933 artes
185 1871 395 1952 elegantiores,
424 1894 476 1955 per
505 1872 642 1931 musicam
672 1869 795 1929 maxime
822 1884 850 1931 et
883 1872 985 1953 poesin
1008 1871 1241 1951 informandum
1262 1894 1325 1935 msc.

81 1969 197 2051 Spirare
216 1970 306 2050 igitur
323 1971 415 2031 oratio
437 1974 529 2051 ipsam
548 1975 664 2051 poe'seos
684 1967 892 2029 sublimitatem
912 1969 1045 2035 debebat.
1088 1970 1140 2033 sd
1165 1971 1242 2033 boni
1263 1990 1325 2033 vero

80 2066 176 2127 ideam
199 2067 285 2127 aliam
313 2068 398 2128 nobis
426 2069 598 2137 monstravit
638 2067 730 2139 viam,
761 2086 890 2145 quaeque
913 2067 1079 2146 juvenibus¹
1101 2069 1245 2131 ineunda
1270 2082 1325 2129 tum

84 2180 173 2241 esset,
194 2180 345 2247 postquam
362 2166 474 2227 artibus
493 2178 588 2225 essent
608 2162 718 2227 exculti
740 2164 827 2222 satis:
849 2164 902 2223 illa
920 2180 1001 2245 erat,
1028 2188 1104 2248 quae
1132 2168 1324 2237 accuratiori-

83 2264 138 2323 bus
156 2265 318 2324 tractandis
343 2262 529 2344 disciplinis,
558 2263 682 2321 maxime
712 2260 882 2323 dialecticae
908 2264 1005 2333 studio
1029 2264 1244 2333 conficeretur.
1282 2262 1324 2327 sl

82 2362 159 2421 hanc
179 2376 274 2421 autem
293 2358 516 2420 describendam
530 2363 658 2442 ipsarum
679 2359 879 2438 requirebatur
903 2361 1128 2443 disciplinarum
1161 2363 1323 2446 diligentia.

82 2457 140 2518 Sed
154 2460 286 2538 quamvis
303 2458 435 2520 diversae
456 2459 515 2519 sint
535 2457 612 2540 apud
633 2457 784 2517 Platonem
801 2456 838 2516 de
860 2474 978 2540 utraque
1000 2459 1066 2529 idea
1087 2460 1324 2544 disceptationes,

82 2579 135 2639 par
155 2571 197 2618 est
215 2557 249 2616 in
270 2558 416 2635 utrisque,
438 2571 470 2617 ut
489 2558 671 2630 monuimus,
693 2554 867 2616 sublimitas.
889 2558 936 2620 Ad
960 2558 1038 2620 illud
1056 2560 1138 2627 enim
1156 2562 1323 2629 redemtor

82 2656 209 2736 pariter,
230 2655 309 2734 quod
329 2655 457 2715 inomni
477 2653 663 2737 philosophia
685 2674 827 2713 summum
846 2657 1028 2735 maximeque
1046 2657 1179 2719 sublime
1208 2672 1271 2741 est,
1296 2669 1324 2717 ut

85 2757 234 2814 veritatem
262 2775 455 2833 assequamur.
498 2754 551 2811 Per
581 2764 655 2810 artes
683 2751 762 2831 apud
791 2773 856 2811 eum
884 2755 970 2821 homo
996 2754 1033 2823 ad
1054 2755 1155 2836 pulcri
1176 2750 1346 2881 scientisq‘g.

85 2851 238 2928 educitur,
259 2851 311 2913 sed
330 2874 363 2912 eo
381 2852 435 2913 hoo
454 2853 532 2913 valet
542 2897 551 2927 ,
573 2864 605 2909 ut
623 2849 718 2930 pulcri
738 2870 831 2910 amore
858 2868 959 2933 captus
978 2854 1198 2934 incensusque,
1230 2854 1340 2921 eodttt'

84 2949 186 3008 ardore
205 2964 330 3009 caeteras
358 2950 456 3026 ideas,
488 2964 516 3009 et
547 2970 605 3008 una
630 2967 696 3006 cum
717 2947 773 3022 iis,
794 2949 872 3026 quod
893 2953 1048 3013 continent
1066 2973 1193 3030 omnes,
1214 2974 1322 3033 ‘omre

83 3062 267 3125 assequatur:
291 3048 458 3129 disciplinis
477 3062 572 3119 autem
592 3046 647 3106 boc
668 3046 763 3126 ipsum
782 3069 889 3111 munus
909 3049 1014 3111 tribuit
1031 3050 1132 3126 Plato,
1157 3066 1193 3114 ut
1223 3051 1262 3115 ad
1280 3072 1321 3113 ve·

85 3164 169 3219 rum,
191 3145 266 3219 imo,
287 3145 367 3224 quod
387 3149 545 3205 maximum
571 3166 630 3205 esse
661 3136 797 3224 μάθημα
817 3147 850 3205 in
880 3149 942 3209 veri
969 3148 1129 3229 disciplina
1159 3148 1261 3225 dixit,
1288 3148 1322 3209 ad

86 3244 192 3301 bonum
214 3263 266 3303 nos
285 3242 435 3303 ducerent.
480 3244 587 3303 Verum
614 3245 778 3306 sublimitas
796 3247 1003 3327 disputationis
1022 3246 1195 3307 Platonicae
1215 3246 1253 3307 de
1271 3247 1320 3306 boc

88 3354 255 3420 argumento
273 3340 310 3399 ab
331 3341 488 3421 imaginum
517 3364 577 3401 non
596 3358 710 3404 tantum
728 3345 901 3425 splendore,
923 3344 974 3406 sed
999 3343 1092 3403 multo
1118 3344 1213 3405 etim
1238 3332 1321 3425 θεὶς

87 3437 123 3496 ab
150 3439 240 3520 ipsius
267 3436 422 3518 diligentia
449 3440 605 3520 repetenda
636 3456 687 3500 est.
731 3443 899 3524 Explicatio
929 3444 1000 3503 baec
1031 3463 1130 3501 eorum
1159 3458 1228 3520 est,
1256 3462 1321 3524 quat

86 3558 172 3617 supra
199 3536 236 3596 de
265 3536 369 3596 mundi
397 3535 604 3618 adspectabilis
633 3555 660 3599 et
687 3542 796 3623 νοητοῦ
815 3542 984 3603 discrimine
1012 3541 1153 3625 diximus·
1177 3542 1215 3623 3)
1239 3542 1321 3603 -lllurn

85 3642 240 3721 speluncae
259 3644 456 3725 comparavit,
478 3642 558 3704 hunc
580 3662 612 3707 ut
632 3647 728 3727 qualis
747 3658 819 3705 esset
848 3632 1044 3721 significaiet,
1072 3639 1110 3699 ab
1141 3640 1248 3735 eodem
1277 3636 1321 3699 ad·

87 3741 240 3821 spectabili
258 3742 369 3803 mundo
389 3743 509 3815 formam
530 3757 557 3802 et
575 3746 698 3807 colorem
728 3744 824 3803 duxit.
867 3741 952 3799 Nunc
977 3742 1084 3797 bonum
1105 3736 1322 3810 declaraturus,

87 3840 199 3918 quasit
217 3839 249 3898 in
268 3839 355 3899 rebus
384 3843 503 3921 νοηταῖς
531 3843 725 3919 excellentia,
756 3840 889 3902 similiter
919 3851 947 3897 et
977 3835 1176 3917 comparando
1208 3852 1322 3916 utroque

87 3937 197 3998 mundo
216 3952 244 3997 et
261 3958 328 3997 vero
344 3942 424 4015 justo
442 3941 546 4002 ordine
566 3942 710 4020 procedit.
733 3943 797 4000 Non
817 3935 931 3998 accedit
950 3934 987 3995 ad
1006 3934 1134 4011 bonum,
1155 3949 1324 4017 anteaquam

120 4249 146 4312 1)
163 4252 202 4302 De
214 4254 275 4319 ltep.
295 4250 337 4301 Vl.
356 4252 414 4303 505.
433 4251 511 4303 1).-
528 4251 587 4303 506.
608 4241 643 4302 As

118 4335 144 4398 2)
163 4339 239 4388 latitia
257 4353 281 4404 p.
296 4336 329 4388 73
348 4354 404 4405 sqq.
423 4336 457 4387 95
477 4354 532 4405 sqq.

120 4420 146 4485 3)
165 4424 241 4474 lnitr'c
260 4441 285 4490 p.
304 4422 353 4473 31⁷
373 4440 428 4490 sqq.
