2796 5048
633 288 637 294 ,
684 223 740 285 341

89 385 293 465 gravissimum
314 384 463 446 haberent.
506 387 584 444 Haec
605 386 655 444 ubi
673 390 921 468 reputaverimus,
944 411 1002 448 non
1023 391 1210 467 mirabimur,
1229 391 1323 466 credo,

90 485 242 544 Platonem
270 482 407 544 hocloco
440 477 475 544 τό
507 479 625 563 ἀγαθόν
651 484 723 565 quid
742 498 832 559 esset,
852 498 933 547 tanto
953 487 1049 547 studio
1068 503 1096 548 et
1115 489 1216 548 ardore
1235 510 1325 568 quae-

89 583 204 664 sivisse,
224 582 524 669 eundemque,quurn
540 585 570 643 id
591 605 740 644 rumorum
759 583 792 640 in
803 582 1137 664 'pbilosophiababitum
1155 589 1192 647 sit
1207 586 1326 662 deinde,

88 673 209 740 effectus
226 683 305 759 ejus,
326 703 400 760 quos
421 677 528 758 τόκους
548 698 650 758 vocat,
672 703 731 740 non
753 701 821 742 vero
841 681 935 761 ipsum
956 683 1118 744 describere
1146 676 1324 747 sustinuisse.

88 777 150 837 Sed
167 780 316 859 pertinent
337 780 407 843 baec
429 805 481 861 eo,
501 799 533 844 ut
543 831 552 859 ,
574 774 835 861 quid‘spectaverit
854 780 981 841 maxime
999 781 1117 842 sublimi
1138 783 1191 843 hac
1212 782 1326 862 disqui-

44 872 48 877 ’
77 876 313 989 1οἰῐίιζῧηίηαῑο,
334 895 513 943 autumemus
530 878 741 961 quodammodo
761 891 790 936 et
807 881 1034 959 praesagiamus;
1065 881 1102 940 ad
1121 881 1327 942 declarandam
1386 915 1388 920 ·

89 996 162 1036 vero
181 988 243 1035 eam
261 977 331 1036 haec
347 993 511 1042 teneantur.
682 976 686 983 ’

131 1074 310 1146 Quaerentes
325 1075 465 1137 Socratici
486 1079 523 1138 de
550 1078 652 1160 pulcro
681 1088 708 1134 et
736 1072 833 1147 bono,
865 1075 992 1135 moribus
1018 1075 1170 1153 solebant,
1200 1079 1327 1158 magistri

89 1172 137 1229 sui
157 1171 266 1247 instar,
287 1177 471 1256 prospicere,
485 1192 525 1237 ut
546 1191 573 1236 et
592 1196 656 1235 suos
676 1169 863 1231 emendarent
885 1186 912 1231 et
928 1174 1050 1233 aliorum
1079 1176 1239 1256 ipsiusque·
1256 1178 1328 1235 civi·

88 1269 160 1326 tatis
178 1284 236 1328 tam
254 1260 346 1330 mores
365 1295 452 1352 quam
472 1275 548 1355 leges
567 1273 605 1332 ad
630 1269 787 1331 honestatis
806 1269 980 1350 virtutisque
998 1293 1030 1331 ar
1047 1274 1178 1351 justitiae
1198 1295 1327 1337 normam

88 1354 306 1448 componerenl.
348 1370 489 1432 Similiter
508 1373 606 1449 Plato,
629 1368 715 1428 sedis
731 1386 818 1444 quum
835 1367 1069 1450 philosophando
1080 1392 1180 1431 verum
1200 1373 1328 1452 respice-

89 1478 136 1523 ret
153 1467 293 1526 continuo
313 1482 341 1528 et
357 1468 412 1555 boc
432 1469 544 1529 homini
564 1467 695 1529 inomni
715 1464 791 1525 vitae
821 1466 936 1545 negotio
963 1468 1187 1548 exprimendum
1214 1489 1272 1527 esse
1293 1471 1325 1529 in

88 1563 194 1644 primis
212 1572 515 1648 censeret,'utrumque
531 1567 617 1627 nobis
630 1561 719 1637 illud,
745 1555 781 1620 τό
803 1557 895 1624 καλόν
908 1587 938 1625 τε
955 1563 1009 1625 ool
1030 1560 1166 1646 ἁγαθόν,
1187 1581 1326 1647 tanquam

88 1663 226 1742 exempla
247 1659 280 1722 ἕν
299 1663 345 1749 τῷ
366 1657 443 1738 dm,
474 1667 507 1725 in
525 1663 635 1755 mpndo
659 1660 759 1746 νοητῷ
788 1668 956 1745 proposuit,
986 1667 1024 1726 ad
1049 1690 1173 1748 quorum
1202 1668 1327 1747 speciem

88 1761 248 1840 perfectam
267 1778 295 1823 et
314 1780 388 1826 artes
407 1779 594 1847 tractaremus
614 1779 642 1824 et
663 1785 729 1826 vero
749 1777 838 1838 uitam
858 1762 1059 1844 effingeremus
1080 1768 1157 1827 vitae
1176 1779 1235 1825 tam
1262 1764 1327 1845 pri-

89 1872 174 1917 vatae
193 1881 279 1939 quam
298 1864 436 1944 publicae
453 1862 604 1923 rationem.
646 1862 733 1920 Porro
743 1907 752 1937 ,
774 1875 806 1920 ut
825 1862 958 1939 aequales
977 1865 1039 1941 ejus
1065 1864 1150 1923 multi
1169 1876 1197 1921 et
1220 1861 1327 1942 posteri

88 1955 220 2034 deinde,
241 1960 280 2018 ita
300 1961 361 2042 ipse
381 1964 488 2021 bonum
508 1959 593 2040 longe
623 1961 731 2037 majore
751 1958 834 2033 loco,
855 1980 940 2038 quam
956 1961 1091 2041 pulcrum
1107 1961 1250 2020 habebat:
1262 1957 1325 2017 dis-

88 2073 189 2113 serens
207 2069 301 2116 autem
323 2058 360 2119 de
387 2060 459 2120 boni
489 2059 686 2139 praestantia,
717 2060 754 2117 et'
772 2078 909 2116 summam
939 2080 1038 2119 rursus
1066 2058 1170 2118 babuit
1197 2057 1328 2118 veritatis

88 2153 254 2229 rationem,
281 2160 394 2217 erboni
412 2160 511 2217 ideam
537 2155 669 2215 idearum
692 2176 751 2214 esse
774 2155 937 2236 principem
956 2155 1053 2217 dixit:
1083 2155 1161 2237 quod
1188 2152 1327 2233 quemad-

88 2250 209 2311 modum
227 2254 430 2335 accipiendum
447 2236 494 2332 sit,
515 2255 547 2312 in
567 2253 665 2313 eadem
675 2253 872 2334 disputatione
884 2277 936 2315 nos
954 2254 1038 2316 docet
1048 2255 1185 2318 Socrates.
1207 2247 1327 2333 Μέγισ-

88 2370 144 2409 τον
162 2343 301 2434 μάθημα
322 2376 381 2415 esse
402 2357 443 2414 ait
462 2346 518 2434 τήν
543 2347 667 2433 ἀγαθοῦ
692 2347 792 2428 ἰδέαν,
823 2355 905 2431 cujus
930 2354 1038 2434 quippe
1068 2357 1270 2416 communione
1299 2368 1327 2413 et

84 2452 165 2530 justa
183 2468 212 2513 et
227 2469 339 2515 caetera
357 2455 454 2519 omnia
475 2450 568 2513 utilio
599 2453 685 2539 fiunt.
709 2456 792 2513 «Hac
814 2452 963 2532 neglecta,
994 2452 1109 2531 inquit,
1138 2454 1249 2514 etiamsi
1281 2452 1327 2514 vel

88 2538 228 2635 maximdf
236 2566 348 2612 caetera
368 2565 550 2628 teneremus,
572 2553 627 2612 scis
646 2573 713 2613 sane
733 2551 845 2611 nullam
865 2569 917 2608 nos
936 2548 1006 2609 inde
1024 2550 1179 2610 utilitatem
1195 2565 1328 2632 capturos

88 2668 170 2707 esse:
193 2648 277 2711 iu'cm
307 2651 332 2710 si
360 2650 572 2730 possideremus
598 2649 731 2728 aliquid,
762 2650 831 2719 huie
857 2661 952 2707 autem
982 2649 1087 2705 bonum
1108 2671 1168 2707 non
1186 2647 1327 2716 essetad·

83 2747 234 2825 junctum.
276 2750 323 2807 An
343 2769 412 2809 vero
433 2748 568 2829 prodesse
588 2747 673 2807 nobis
693 2762 796 2829 putas,
815 2746 911 2806 omnia
931 2744 1095 2825 possidere,
1107 2745 1192 2804 bonis
1211 2767 1324 2805 carere:

88 2843 141 2905 vel
160 2847 257 2904 omnia
277 2859 373 2905 mente
393 2859 510 2921 tenere,
534 2845 612 2904 nihil
632 2867 701 2907 vero
712 2891 720 2920 ,
740 2843 819 2924 quod
838 2843 972 2924 pulcrum
990 2835 1157 2921 bonumque
1184 2847 1324 2904 esset?-

88 2942 157 3001 Non
183 2945 312 3023 profecto
341 2943 485 3022 equidem.
508 2975 540 2985 -
561 2942 590 3023 l)
619 2942 725 3018 Quid?
756 2962 854 3002 nonne
883 2941 938 3000 boc
965 2941 1171 3017 manifestum,
1195 2943 1272 3020 justa
1293 2964 1325 3002 ac

89 3039 194 3120 pulcra
213 3022 339 3119 multos:
359 3063 433 3122 quae
454 3042 645 3118 viderentur,
666 3042 776 3101 etiamsi
796 3062 857 3099 non
877 3053 989 3115 essent,
1010 3053 1107 3098 tamen
1134 3038 1270 3099 lubenter
1298 3055 1326 3100 et
1351 3061 1352 3064 ’

88 3137 217 3198 facturos
236 3161 296 3205 esse
312 3154 340 3200 et
358 3161 535 3222 possessuros
545 3165 553 3217 3
576 3141 652 3200 bona
672 3161 741 3201 vero
759 3138 925 3220 possidere,
955 3159 1027 3216 quae
1056 3137 1228 3198 viderentur
1246 3139 1327 3198 dun-

88 3250 196 3349 taxa,
220 3239 331 3297 nemini
364 3236 514 3312 sufficere,
544 3238 595 3298 sed
624 3259 696 3316 quae
714 3259 824 3319 „reapse
853 3249 922 3296 sunt
945 3235 1021 3296 bona
1051 3257 1150 3298 omnes
1169 3257 1324 3315 quaerere:

88 3353 215 3414 speeiem
236 3322 268 3393 ih
287 3335 334 3395 bis
355 3343 538 3396 contemnere
559 3357 791 3416 unumquemque
809 3336 966 3406 solere?-
987 3336 1024 3394 Et
1052 3336 1177 3393 manime
1206 3354 1326 3394 sane.—

87 3430 177 3506 Quod
196 3433 286 3513 igitur
304 3448 485 3493 consectatur
505 3435 601 3493 animo
620 3436 714 3494 omnis
734 3434 818 3493 horno
829 3479 838 3508 ,
859 3435 997 3512 cujusque
1015 3432 1113 3491 caussh
1132 3433 1190 3511 agit
1210 3433 1325 3505 omnia,

88 3550 237 3610 augurans
254 3551 322 3597 esso·
333 3531 410 3591 illud
429 3532 562 3617 aliquid,
584 3532 723 3591 dubitans
743 3544 838 3590 tamen
860 3551 913 3589 nec
940 3543 1042 3590 tenens
1070 3530 1138 3587 satis
1165 3527 1237 3607 quid
1268 3529 1325 3605 sit,

63 3636 122 3686 'ac
142 3623 294 3711 propterea
311 3629 348 3689 de
367 3630 487 3689 caeteris
510 3651 571 3689 non
601 3630 781 3708 assequitur,
811 3625 955 3706 numquid
983 3627 1119 3686 utilitatis
1148 3627 1324 3709 praebeant:

87 3724 128 3784 de
145 3724 200 3784 boc
221 3726 311 3805 igitur
331 3728 461 3806 negotio,
483 3726 562 3807 quod
580 3726 638 3785 tale
659 3740 701 3785 est
720 3740 906 3805 tantumque,
932 3726 1074 3784 caecutire
1099 3725 1243 3806 oportebit
1271 3747 1325 3806 op-

86 3822 262 3906 timosillos
283 3810 316 3882 iii
330 3825 449 3884 civitate
470 3806 567 3900 viros,
588 3824 695 3905 quibus
712 3825 807 3884 omnia
828 3845 925 3882 sumus
955 3824 1204 3897 qommissuril—
1231 3824 1326 3896 Mini-⁴

86 3940 189 3980 me.-
209 3922 286 3980 Reor
304 3921 453 4002 equidem,
486 3923 616 3999 custodi,
634 3923 685 4002 qui
700 3924 778 4001 justa
798 3934 827 3980 et
845 3921 948 4003 pulcra
968 3935 1080 3998 teneat,
1106 3923 1218 4001 ignoret
1237 3941 1325 3993 vero,

86 4039 146 4096 qua
167 4018 279 4077 ratione
296 4016 369 4079 haee
398 4024 471 4079 douo
501 4022 579 4094 sint,
611 4044 671 4081 non
688 4019 784 4079 'multi
813 4018 977 4079 faciendam
1005 4040 1102 4078 eorum
1131 4019 1324 4098 cognitionem

86 4122 168 4173 else:
191 4117 215 4174 si
236 4116 325 4192 adeo,
346 4119 397 4196 qui
413 4119 467 4178 boc
489 4119 620 4198 ignorat,
650 4134 748 4179 tenere
779 4118 831 4178 illa
859 4120 966 4199 possit,
1000 4105 1052 4197 ego
1081 4138 1149 4176 vero
1179 4116 1323 4174 neminem

85 4231 234 4289 auguror,
256 4213 345 4291 hujus
360 4217 512 4296 ignarum,
534 4217 586 4276 illa
606 4232 799 4277 assecuturum
818 4239 929 4278 esse-
951 4217 988 4276 Et
1005 4229 1081 4275 recte
1097 4215 1214 4293 quidem
1234 4235 1326 4287 augu—

127 4401 525 4474 nmmummn
