2796 5048
650 248 709 308 los

53 412 165 486 decus,
190 411 427 492 gravissimasque
446 422 510 490 post
530 405 621 471 vitain
639 429 756 490 poenas.
796 408 913 466 Praeter
929 406 999 465 haec
1018 407 1169 467 considera
1187 408 1293 482 etiam,

53 510 208 586 Socrates,
236 507 319 568 aliud
344 506 491 586 quoddam
519 508 657 567 orationis
676 527 784 587 genus,
812 525 869 584 quo
887 525 1003 578 omnes,
1022 505 1054 563 in
1072 506 1174 585 primis
1192 512 1292 586 poetae

54 622 199 682 utuntur,
218 607 270 666 ubi
290 605 327 664 de
341 605 455 683 justitia
475 619 561 684 atque
581 607 725 682 injustitia
751 617 852 684 agunt.
891 604 1032 663 Universi
1060 603 1138 661 enim
1166 623 1224 661 uno
1244 623 1293 662 ore

52 720 189 791 canunt,
216 704 289 764 boni
317 703 390 784 quid
418 705 639 784 temperantiam
666 716 750 782 atque
772 702 916 782 justitiam
936 722 1016 775 esse,
1035 699 1158 759 difficile
1177 721 1247 761 vero
1265 713 1294 759 et

51 802 248 878 laboriosum,
275 802 528 881 intemperantiam
560 821 628 860 vero
659 816 687 860 et
716 802 910 878 injustitiam,
934 798 1101 876 ,iracundum
1128 797 1247 876 quidem
1266 811 1295 857 et

50 902 146 961 facile
166 913 358 982 comparatu,
386 900 527 980 opinione
545 919 615 959 vero
632 920 666 957 ae
696 899 758 978 lege
783 913 880 980 turpe.
920 899 1069 958 Caeterum
1097 896 1205 974 injusta
1234 896 1294 954 sere

51 1000 177 1059 utiliora
196 1019 255 1058 esse
271 996 376 1056 dicunt
390 998 496 1075 justis,
516 1017 550 1056 ac
565 997 656 1055 malos
672 996 805 1055 homines
815 1042 824 1071 ,
844 997 866 1055 si
888 997 995 1056 divites
1015 1007 1084 1052 sunt
1101 1013 1134 1052 ac
1153 1007 1294 1074 potentes,

48 1097 157 1159 beatos
174 1095 364 1178 praedicant,
384 1095 494 1178 bonos,
521 1095 546 1153 si
566 1095 727 1153 imbecilles
745 1115 779 1152 ac
806 1112 949 1175 pauperes
976 1105 1061 1167 sunt,
1091 1092 1209 1150 miseros
1240 1112 1294 1151 ro-

48 1207 136 1255 cant.
176 1195 287 1253 Mirum
306 1207 402 1253 autem
421 1193 565 1266 maxime,
584 1193 662 1271 quod
682 1193 719 1252 de
736 1193 801 1252 Diis
819 1213 851 1251 ac
871 1192 979 1251 virtute
999 1191 1101 1268 ajunt,
1131 1189 1206 1248 Deos
1225 1188 1296 1269 plu-

49 1293 141 1353 rimis
156 1292 242 1353 bonis
260 1290 430 1350 bominibus
447 1290 598 1348 infelicem
618 1291 708 1349 vitam
727 1289 861 1364 dedisse,
879 1289 963 1347 malis
982 1307 1052 1349 vern
1071 1287 1197 1346 felicem.
1229 1287 1296 1346 Cir-

49 1391 201 1451 culatcres
218 1391 339 1470 insuper
358 1401 386 1448 et
404 1401 485 1449 rates
503 1388 540 1447 ad
565 1391 671 1467 januas
691 1388 817 1448 divitum
839 1386 1029 1462 accedentes,
1057 1384 1235 1468 persuadent
1260 1384 1295 1444 il·

49 1488 113 1565 lis,
132 1507 163 1547 se
182 1490 242 1548 mm
262 1487 370 1546 babere
389 1486 535 1545 divinitus
558 1485 616 1544 sibi
634 1506 819 1560 concessam,
842 1498 874 1544 ut
891 1486 913 1544 si
935 1483 1013 1564 quod
1028 1485 1121 1544 seclus
1139 1484 1177 1543 sit
1195 1502 1296 1565 perpe·

50 1600 185 1660 nutum,
215 1587 335 1666 expient
356 1584 434 1643 illud
453 1598 481 1644 et
499 1605 590 1665 parvo
609 1584 728 1662 quidem
746 1598 861 1660 sumtu,
891 1598 954 1643 turn
982 1586 1088 1660 etiam,
1113 1584 1136 1643 si
1157 1583 1222 1662 quis
1239 1582 1296 1641 ini·

49 1685 134 1743 mico
153 1685 215 1745 siro
229 1685 308 1761 justo
325 1683 389 1741 sive
408 1682 516 1758 injusto
536 1700 640 1740 nocere
661 1681 752 1756 velit,
772 1702 801 1739 se
820 1679 851 1739 id
872 1682 976 1742 lacere.
1018 1685 1157 1742 Asserunt
1176 1681 1296 1761 quippe,

48 1784 132 1845 Deos
151 1802 183 1840 ae
200 1803 267 1840 enm
285 1778 518 1855 blandimentis,
538 1793 600 1838 tum
620 1781 751 1841 vinculis
768 1778 928 1854 inducere,
958 1794 990 1839 ut
1010 1780 1066 1839 sibi
1088 1780 1131 1838 in·
1148 1778 1196 1837 his
1215 1778 1297 1838 obse·

49 1893 198 1962 quantur.
239 1877 286 1938 Ad
302 1877 375 1937 haec
392 1879 490 1938 omnia
511 1884 659 1959 poitarum
679 1881 803 1938 afferunt
820 1876 918 1952 dicta,
948 1878 1134 1936 Homericum
1152 1877 1293 1935 maxime:

510 2012 551 2023 -··
567 1975 706 2059 στρεπτοὶ
727 1969 764 2037 dd
782 1997 813 2036 τε
835 1974 884 2037 καὶ
905 1973 975 2037 θεοὶ
996 1969 1091 2035 αὐτοί.
1115 1974 1144 2055 1)

49 2080 162 2141 Libros
179 2077 252 2138 adeo
267 2078 379 2137 Musaei
398 2090 427 2135 et
446 2077 555 2158 Orphei
575 2080 805 2152 circumferunt,
836 2077 997 2137 secondum
1016 2096 1088 2154 quos
1115 2096 1194 2135 sacra
1221 2075 1294 2134 cele·

49 2178 165 2252 brant,
185 2175 393 2257 persuadentes
412 2197 472 2235 non
492 2177 615 2255 privatis
634 2179 726 2237 solum
737 2222 746 2251 ,
767 2174 921 2236 sedetiam
945 2175 1133 2249 civitatibus,
1153 2174 1296 2253 expiatio·
1326 2158 1356 2221 '²-

53 2296 111 2337 nes
132 2274 271 2332 scelerum
290 2293 343 2353 per
360 2273 501 2333 sacrificia
518 2273 711 2353 ludorumque
736 2274 946 2335 oblectamenta
965 2272 1029 2330 fieri
1048 2285 1107 2330 tam
1126 2269 1296 2333 virentibus

50 2393 146 2455 quam
165 2372 305 2447 mortuis3
328 2371 535 2452 praetermissis
556 2393 627 2431 vero
644 2372 811 2447 sacrificiis,
838 2373 937 2452 gravia
967 2392 1021 2430 nos
1048 2389 1173 2429 manere.
1216 2369 1295 2426 Haec

50 2470 176 2544 omnia,
197 2491 215 2528 o
234 2468 380 2542 Socrates,
401 2469 472 2527 talia
497 2488 531 2526 ac
550 2481 631 2528 tanta
642 2515 651 2544 ,
681 2470 719 2529 dc
746 2472 854 2530 virtute
883 2490 916 2527 ac
944 2470 1036 2544 vitio,
1067 2469 1243 2547 deorumque
1267 2478 1296 2524 et

47 2569 212 2649 ‘bominum
230 2566 267 2626 de
289 2565 336 2624 his
354 2568 567 2626 existimatione
587 2567 740 2644 feruntur,
763 2566 836 2645 quid
854 2589 922 2627 vero
941 2581 1075 2648 putemus
1094 2579 1207 2626 acturos
1224 2565 1297 2623 haec

52 2666 212 2725 audientes
224 2667 370 2744 juvenum
387 2666 522 2741 animos,
541 2666 591 2745 qui
609 2666 727 2726 solertes
745 2666 863 2746 ingenio
882 2678 911 2723 et
930 2663 968 2722 ad
987 2664 1083 2722 omnia
1102 2662 1183 2721 dicta
1201 2661 1297 2721 veluti

53 2762 244 2839 involantes,
276 2782 312 2820 ex
342 2763 379 2822 iis
407 2783 481 2842 quae
509 2762 649 2823 dicuntur
668 2764 834 2823 ratiocinari
856 2774 995 2842 possunt,
1016 2759 1131 2840 qualem
1151 2778 1216 2816 eum
1235 2777 1299 2825 esse

52 2861 161 2921 deceat
190 2873 218 2919 ct
244 2882 331 2940 quam
358 2862 436 2922 viam
464 2861 599 2942 ingredi,
627 2863 677 2942 qui
706 2862 815 2943 optime
843 2862 932 2921 vitam
951 2861 1041 2940 agat?
1062 2857 1110 2916 Sic
1126 2856 1212 2915 facile
1230 2856 1298 2934 quis

23 2998 29 3005 -
52 2960 194 3038 loquetur
222 2978 319 3017 secum
351 2960 512 3020 secundum
542 2961 721 3020 Pindarum:
762 2961 930 3018 arducmna
957 2960 998 3016 ad
1018 2964 1166 3034 justitiae
1193 2974 1298 3012 arcem

50 3065 141 3116 οὲιιπι
169 3045 348 3138 ingrediar,
376 3069 413 3116 ut
432 3066 476 3117 sic
496 3068 637 3118 manitus
652 3069 733 3117 recte
753 3066 872 3132 aivam,
892 3078 934 3114 ara
954 3057 996 3114 ad
1004 3056 1141 3132 fraudet
1158 3074 1206 3112 me
1220 3053 1299 3113 ottr-

52 3156 347 3236 qttaeconaertom?
388 3158 481 3230 Nam,
502 3158 577 3215 sicut
597 3158 698 3235 aiunt,
715 3158 795 3235 justo
813 3156 900 3231 mihi,
930 3155 1036 3214 sinon
1065 3153 1184 3227 videar,
1217 3150 1296 3211 nihil

58 3255 157 3313 virtus
174 3254 323 3335 proderit,
345 3267 446 3314 contra
465 3254 577 3315 labores
594 3267 623 3314 et
640 3276 752 3336 poenae
771 3256 882 3315 instant
892 3279 900 3331 ;
921 3255 1032 3332 injusto
1051 3272 1138 3327 vero,
1163 3252 1188 3310 si
1211 3249 1298 3329 justi·

54 3351 118 3411 ttae
138 3353 262 3431 speciem
275 3351 427 3429 induero,
448 3355 509 3413 vita
527 3354 626 3414 futura
647 3353 750 3415 divina
772 3366 823 3414 est.
866 3355 1064 3433 Quapropter,
1086 3372 1153 3410 cum
1173 3348 1295 3430 species,

56 3462 92 3507 ut
111 3449 196 3525 ajunt
215 3450 381 3530 sapientes,
402 3452 553 3511 veritatem
571 3453 671 3513 vincat
690 3465 777 3529 atque
795 3449 833 3510 ad
851 3451 964 3509 beatam
984 3452 1075 3510 vitam
1093 3446 1295 3521 uniccvaleat,

53 3546 117 3607 buc
136 3565 181 3604 me
201 3559 293 3606 totum
313 3562 489 3631 convertam.
532 3549 750 3623 Veruntamen,
771 3546 849 3606 dicat
876 3547 1001 3626 aliquis,
1029 3544 1109 3605 haud
1138 3544 1225 3605 facile
1253 3555 1296 3603 est

55 3643 170 3718 latere,
192 3643 243 3704 ubi
264 3647 392 3724 injustus
411 3647 511 3707 fueris.
552 3649 677 3708 atvero
695 3667 812 3721 eorum,
840 3667 914 3724 quae
940 3665 1043 3724 magna
1071 3656 1139 3703 sunt
1162 3657 1190 3703 et
1216 3663 1297 3725 prae·

55 3740 157 3816 clara,
178 3741 224 3800 nil
242 3757 285 3802 est
303 3743 401 3805 facile.
443 3745 642 3826 Quapropter,
663 3745 687 3804 si
714 3732 791 3803 bea'ti
810 3762 871 3827 esse
898 3742 1040 3818 velimus,
1071 3742 1144 3802 illuc
1173 3740 1297 3802 tenden-

53 3837 150 3912 dum,
169 3858 227 3918 quo
245 3859 409 3900 sermonum
429 3844 549 3922 vestigia
572 3845 679 3902 ferunt.
721 3842 763 3900 Ut
782 3841 939 3916 lateamus,
968 3842 1182 3920 conjurationes
1209 3840 1296 3898 socic-

52 3949 187 4015 tatesque
203 3937 364 3999 ineundae.
406 3938 482 3998 Sunt
501 3941 571 4000 item
590 3939 786 4021 persuasionis
805 3940 951 4019 magistri,
972 3959 1094 4019 quorum
1112 3958 1166 4020 cpe
1184 3936 1294 4017 populo

54 4054 90 4094 ac
115 4032 269 4112 judicibus
299 4055 366 4094 cum
392 4036 633 4117 persuadebimus
653 4051 714 4097 tum
733 4038 793 4098 vim
815 4038 992 4113 inferemus,
1013 4048 1046 4098 ut
1063 4035 1161 4096 nullas
1181 4036 1297 4095 facino-

54 4151 124 4191 rum
142 4151 251 4212 pcenas
270 4133 393 4193 luamus.
435 4133 544 4192 Verum
554 4179 564 4210 ,
586 4136 702 4214 inquit,
723 4136 797 4196 Deos
816 4155 909 4215 neque
929 4134 1018 4194 latere
1034 4154 1129 4213 neque
1146 4133 1177 4194 vi
1194 4153 1289 4214 aggre-

91 4423 173 4489 011.
191 4415 218 4485 ι’,
236 4441 276 4478 vs.
295 4424 355 4478 teo.
373 4426 463 4494 Eurip.
475 4428 571 4479 Medea.
583 4432 625 4479 rs.
639 4425 697 4479 96⁴·
716 4423 833 4489 πείθειν
853 4424 939 4507 δῶρα
960 4423 1010 4487 καὶ
1026 4416 1122 4499 &eoric
1145 4416 1242 4505 λόγος.
