2774 5048
697 225 757 285 364

108 386 365 450 ‹at-declarandum
382 399 536 445 moverunt
555 387 698 461 multum,
720 405 821 468 parurn
840 392 1066 463 promoverunt3
1097 377 1182 452 Plato
1209 377 1330 459 simplici·

109 502 153 548 ter
178 488 277 546 ideam
303 505 362 545 esse
390 486 583 565 pronunciat,
614 486 735 566 perlecti
763 485 903 565 speciem,
936 470 1029 540 rinos
1060 476 1228 558 quendam,
1263 479 1332 555 cujus

110 587 225 660 omnia,
246 603 318 663 quae
339 582 425 641 nobis
445 581 522 642 bona
541 598 700 665 apparent,
731 583 886 663 participia
912 583 981 642 sint.
1023 575 1242 660 Metapbysici,
1270 572 1334 654 qnod

111 682 148 743 de
167 680 303 762 sophistis
318 681 494 758 pronunciat
513 680 614 755 Plato,
636 683 668 740 in
689 682 810 741 obscuro
826 681 994 756 latuerunt3
1020 676 1050 760 l)
1070 675 1155 748 Plato
1173 694 1253 749 vero,
1271 668 1336 752 quod

112 779 198 840 nobis
215 779 285 838 licet
302 775 339 835 de
356 778 418 857 ipso
441 780 654 859 pronunciare,
685 794 714 840 et
733 781 795 861 ipse
826 781 858 838 in
887 778 981 837 lucem
1011 775 1123 857 prodiit
1150 787 1181 834 et
1204 770 1337 831 hominem

112 875 272 959 protraxit,
293 876 476 957 praecipiens
491 877 682 953 mortalibus,
704 891 736 937 ut
756 879 789 937 in
806 875 949 935 mundum
966 868 1074 956 topatio
1092 871 1249 953 prodirent
1268 882 1337 946 atque

114 974 153 1034 ad
170 975 327 1054 perlectam
337 973 478 1051 idearum,
499 977 531 1034 in
551 964 653 1056 primis
671 980 738 1035 boni
758 977 882 1057 speciem
899 992 1018 1058 agerent
1036 968 1339 1049 viverentque3Deuu

114 1087 210 1133 autem
227 1071 339 1132 homini
361 1074 544 1155 exemplum,
565 1075 647 1155 quod
663 1077 826 1135 imitaretur
845 1077 878 1135 in
911 1076 1009 1152 hisce,
1039 1069 1188 1156 proponit.
1232 1063 1290 1125 Sed
1311 1061 1339 1122 de

114 1169 225 1231 mundo
243 1168 345 1255 νοητῷ
363 1173 530 1249 praesertim
548 1172 692 1235 diversam
722 1172 853 1232 Platonis
872 1187 900 1233 et
930 1172 1095 1235 Aristotelis
1122 1159 1339 1250 philosophandi
1381 1180 1383 1215 ε

114 1271 256 1330 rationem
286 1272 357 1331 hinc
384 1272 602 1352 perspiciamus.
645 1269 831 1346 Aristoteles,
868 1273 992 1331 utitem
1021 1267 1172 1340 vidimus,
1213 1250 1340 1322 mundum
1379 1220 1383 1345 l

115 1371 346 1446 adspectabilam
365 1371 398 1429 in
415 1362 553 1450 νοητόν
573 1368 763 1445 traducebat,
790 1366 822 1449 2)
853 1370 933 1430 unde
964 1368 1096 1435 universi
1122 1363 1237 1446 species
1261 1355 1341 1417 efficta
1380 1350 1383 1439 l

116 1481 160 1527 est
177 1468 329 1527 machinae
346 1470 497 1547 cujusdam
515 1469 642 1550 ingentis
661 1467 770 1526 instar:
794 1480 826 1526 ut
845 1482 924 1548 patet
943 1489 980 1528 ex
1008 1465 1112 1526 iisdem
1142 1461 1214 1522 illis·
1234 1455 1272 1516 de
1293 1455 1340 1514 lto
1381 1456 1383 1519 l

118 1565 209 1624 effatis
229 1580 312 1626 etex
332 1579 392 1627 tota
411 1569 603 1628 recentiorum
621 1564 902 1645 metaphysicorum,
923 1589 940 1626 a
958 1565 1087 1628 Cartesio
1107 1561 1197 1636 inde,
1227 1557 1265 1618 de
1289 1548 1363 1613 uui·¹

119 1683 202 1722 verso
221 1663 364 1725 doctrina.
405 1666 487 1726 Plato
506 1682 605 1727 contra
632 1656 765 1747 νοητόν
784 1664 928 1724 mundum
951 1665 984 1724 in
1011 1659 1246 1741 adapertoln'lom
1273 1650 1340 1711 adbi-

119 1759 204 1820 buit:
226 1761 259 1821 id
280 1777 376 1822 autem
394 1765 426 1825 in
446 1767 548 1844 primis
567 1764 621 1825 hac
642 1767 733 1847 ipsius
753 1765 807 1824 Dei
827 1764 954 1844 imagine
976 1760 1149 1822 illustravit.
1169 1757 1246 1816 Nam
1264 1753 1341 1811 Deum

119 1856 210 1917 finxit
230 1859 332 1919 rudem
357 1862 586 1943 indigestamque
604 1865 753 1924 materiem
772 1863 791 1923 i.
814 1884 839 1922 e.
868 1883 913 1921 res
942 1860 1076 1920 sensibus
1101 1869 1256 1940 patentes,
1282 1866 1340 1930 quet

119 1954 244 2016 fluerent
271 1958 412 2039 nulloque
440 1960 543 2022 ordine
569 1975 774 2036 moverentur,
811 1961 849 2021 ad
879 1960 1011 2020 idearum
1040 1957 1188 2039 speciem,
1224 1949 1341 2032 quaein
1380 1966 1383 2039 j

119 2054 231 2115 mundo
248 2056 347 2143 νοητῷ
367 2060 482 2138 lucent,
504 2061 661 2142 lingentem
671 2107 680 2137 ,
701 2073 942 2141 componentem,
963 2057 1161 2117 ordinantem.
1380 2078 1383 2183 p

120 2229 1103 2317 Platoriiooedeideisdoctrinoesublimitas.
1150 2249 1340 2310 Attium

265 2355 414 2432 Plato,
435 2378 551 2435 quom
572 2358 774 2415 bominem
795 2346 1219 2431 decoramentum?

162 2548 242 2608 Talis
260 2565 355 2610 autem
374 2572 439 2610 cum
457 2551 623 2611 Platonicae
640 2551 790 2612 doctrinae
808 2550 881 2610 ratio
899 2550 956 2626 sit,
977 2547 1050 2628 quid
1077 2547 1216 2607 dicamus
1242 2542 1278 2603 de
1299 2537 1340 2597 illi

119 2647 263 2708 tandem?
285 2649 420 2710 Altiusne
439 2651 540 2726 Plato,
566 2672 652 2730 quam
671 2650 837 2726 hominem,
867 2669 953 2728 quam
981 2645 1193 2729 philosophum
1222 2637 1340 2707 decebat,

119 2745 273 2808 evolavit?
300 2750 342 2807 De
360 2749 513 2809 Aristotele
542 2747 574 2807 id
605 2747 748 2807 affirmare
768 2762 795 2807 et
823 2746 1029 2828 metaphysicis
1059 2740 1274 2803 recentioribus
1295 2754 1340 2795 utu
1381 2758 1383 2823 3

119 2841 318 2907 dubitaverim
343 2846 487 2926 equidem.
528 2848 638 2909 Divina
665 2869 728 2922 res,
760 2869 819 2906 non
847 2846 976 2905 humana
1001 2857 1044 2903 est
1063 2861 1253 2916 caussarum,
1275 2850 1340 2914 (μω
1375 2832 1378 2839 ’

121 2955 302 3021 spectarunt,
323 2945 455 3005 scientia.
496 2945 687 3005 Mechanicae
708 2945 848 3007 convenit
876 2957 1010 3019 nostrae,
1039 2940 1171 3020 indeque
1192 2939 1232 3000 ad
1250 2932 1338 2996 metit·

121 3039 202 3096 nicas
222 3041 326 3101 mundi
347 3042 423 3122 leges
439 3045 612 3103 transfertur
628 3058 705 3103 recte
716 3068 724 3121 3
757 3042 825 3119 sed,
847 3041 925 3121 quod
945 3041 992 3099 illi
1023 3037 1266 3099 contendendum
1288 3029 1338 3113 pli·

122 3135 241 3216 losopho
259 3158 318 3197 esse
338 3152 487 3216 statuunt,
509 3156 540 3200 ut
558 3143 665 3201 caussis
685 3162 781 3201 rerum
803 3143 933 3200 omnium
961 3154 989 3199 et
1016 3137 1176 3220 principiis
1207 3125 1339 3214 exploratis

121 3235 329 3313 inventisque,
350 3257 395 3295 res
415 3238 501 3297 nobis
521 3260 619 3297 omnes
639 3239 756 3302 divinas
775 3239 972 3318 humanasque
998 3236 1206 3318 explicarent,
1235 3230 1267 3292 id
1283 3222 1339 3288 scili·

122 3345 168 3391 cet
196 3331 340 3393 humanae
368 3335 544 3413 cognitionis
564 3335 638 3395 fines
657 3337 742 3418 longe
771 3338 912 3418 longeque
941 3348 1067 3416 superat.
1110 3323 1187 3393 Tam
1218 3330 1274 3391 alte
1291 3341 1339 3415 Ι11011

121 3431 249 3493 evolasse
278 3433 447 3508 Platonem,
478 3454 493 3493 e
522 3447 580 3493 tota
607 3435 660 3494 bac
691 3449 788 3494 nostra
817 3435 1020 3515 disquisitione
1048 3446 1143 3514 patet:
1182 3431 1268 3501 Non,
1281 3420 1340 3500 =q1¹l¹¹

122 3530 307 3590 contenderit
324 3531 451 3591 subinde
470 3532 562 3592 illuc:
586 3531 617 3591 id
638 3533 714 3593 effici
734 3555 769 3592 ex
786 3535 849 3614 ipso
866 3533 921 3593 hoc
946 3534 1066 3592 Timaeo
1087 3530 1195 3590 multis
1223 3527 1289 3589 locis
1306 3537 1340 3600 pv

122 3639 195 3703 test;
218 3628 269 3688 sed
289 3630 325 3690 de
347 3630 533 3712 philosophia
553 3632 610 3693 viri
622 3677 630 3706 ,
642 3631 679 3690 de
697 3634 760 3713 ipsa
779 3634 841 3710 ejus
861 3628 1086 3712 philosophandi
1107 3623 1339 3705 rationessagimrv

123 3738 165 3783 est
184 3740 279 3784 autem
295 3727 366 3787 haec
386 3729 548 3789 Socraticae
568 3730 656 3810 plane
674 3751 740 3788 cum
758 3730 973 3810 simplicitatis,
999 3742 1061 3787 tum
1086 3725 1251 3787 modestiae
1265 3718 1338 3801 piem·

124 3823 160 3882 In
179 3837 267 3882 semet
286 3825 381 3904 ipsum
400 3827 496 3887 redire
515 3828 721 3908 philosophum
741 3828 846 3907 jubet,
878 3842 910 3887 ut
930 3827 1034 3887 studiis
1053 3824 1115 3885 suis
1133 3823 1254 3906 pulcri,
1272 3811 1339 3882 boni,

120 3923 213 4001 justi,
234 3924 327 3982 saneti
349 3925 508 4004 exploratis
525 3926 701 4007 diligenter,
722 3939 872 3988 convertat
892 3947 924 3986 ea
944 3924 982 3985 ad
999 3924 1129 4006 perfecta
1146 3922 1252 3999 horum
1269 3931 1339 3977 cmm·

124 4021 235 4101 plaria:
257 4021 298 4081 sic
318 4037 497 4084 autemeam
515 4025 646 4106 perficiat
665 4046 724 4084 sese
735 4071 744 4101 ,
771 4038 833 4084 turn
850 4024 888 4083 ad
916 4023 1036 4086 divinae
1055 4035 1179 4108 naturae
1210 4012 1338 4100 perfectio

162 4320 190 4384 l)
208 4322 312 4391 Sophist.
327 4320 385 4373 234.
400 4321 431 4373 Α.
448 4319 497 4373 cff.
513 4320 590 4373 latitia
603 4339 628 4388 p.
643 4320 701 4372 268.

160 4403 193 4466 2)
208 4406 285 4459 letitia
303 4425 328 4473 p.
347 4405 406 4459 356.
679 4436 693 4467 ὑ
781 4460 785 4466 ,
