2796 5048
355 1371 978 1499 'utrariosorrffa

213 1741 444 1788 PROOEMIUM
478 1740 516 1787 Ill
540 1739 1147 1800 ruttusornltttrtarotsscau.

383 1888 397 1935 h

601 2051 762 2080 -ᾳ

110 2322 294 2405 Philosophia
324 2322 434 2382 tametsi
462 2344 478 2381 a
505 2323 663 2384 cultissimo
690 2345 802 2403 quoque
831 2324 938 2406 populo
966 2325 1088 2384 maxime
1119 2336 1148 2382 et
1165 2321 1243 2381 culta
1261 2321 1299 2380 sit

63 2437 98 2482 et
115 2422 257 2482 celebrata
267 2468 276 2496 ,
296 2435 392 2480 tamen
410 2422 488 2480 omni
507 2442 577 2484 aevo
595 2424 802 2504 vituperatores
821 2421 924 2480 habuit
944 2436 972 2482 et
991 2415 1168 2483 adversarios
1187 2420 1298 2500 gravis-

64 2522 164 2580 simos.
194 2521 341 2579 Vocarunt
358 2540 420 2577 eam
439 2519 524 2579 multi
541 2521 714 2601 argutiarum
733 2533 761 2578 et
786 2520 916 2579 inanium
935 2521 1152 2579 contentionum
1171 2532 1298 2578 matrem.

66 2620 201 2678 Fuerunt
228 2618 278 2676 alii
290 2664 298 2692 ,
319 2618 369 2696 qui
395 2617 523 2676 moribus
551 2639 611 2677 eam
640 2631 667 2675 11
695 2618 837 2677 humanae
857 2617 990 2676 felicitati
1008 2619 1198 2698 perniciosam
1217 2616 1300 2674 dice-

67 2729 156 2790 rent,
176 2728 273 2796 utpote
290 2714 438 2794 religionis
456 2715 595 2775 omnis‘et
613 2736 763 2796 germanae
781 2716 897 2777 virtutis
918 2714 1106 2774 fundamenta
1126 2713 1299 2773 labefactan-

65 2829 137 2874 tem.
179 2813 281 2872 Exorti
308 2827 376 2873 sunt
405 2814 492 2890 item,
512 2814 562 2893 qui
588 2829 749 2890 accuratas,
770 2835 843 2894 quae
872 2827 1030 2889 vocantur,
1051 2812 1196 2873 doctrinas
1216 2812 1301 2871 unice

67 2912 262 2987 admirantes,
289 2912 342 2972 vix
372 2911 490 2992 dignam
518 2933 579 2972 eam
605 2911 762 2987 haberent,
783 2933 868 2991 quam
893 2913 966 2971 serio
984 2913 1208 2993 impugnarent,
1228 2932 1301 2970 con-

66 3025 232 3071 temnerent
250 3031 318 3071 tero
342 3024 370 3068 et
394 3009 541 3086 riderent,
563 3025 594 3070 ut
618 3011 813 3071 doctrinarum
833 3010 962 3069 omnium
982 3009 1173 3085 levissimam,
1194 3011 1301 3090 quippe

68 3130 143 3189 quae
160 3108 281 3187 singulis
302 3108 361 3167 fere
379 3109 519 3168 aetatibus
544 3106 602 3166 alia
618 3108 747 3189 prodiret
767 3123 795 3168 et
815 3108 891 3168 nova
910 3108 1013 3189 specie.
1055 3110 1183 3184 Quarum
1202 3127 1301 3188 repre-

68 3206 244 3265 hensionum
273 3207 297 3266 si
320 3217 436 3266 'caussas
460 3207 640 3286 quaerimus,
661 3206 741 3266 haud
767 3207 893 3288 prefecto
913 3206 1018 3287 positas
1036 3206 1102 3266 illas
1128 3207 1301 3286 reperiemus

69 3307 102 3364 in
121 3307 184 3385 ipsa
202 3304 403 3387 philosophia,
424 3306 521 3366 sedin
536 3305 686 3364 hominum
697 3307 781 3364 unice
801 3325 894 3364 errore
904 3350 913 3379 ,
933 3306 984 3384 qui
1004 3304 1219 3364 confunderent
1236 3302 1300 3383 phi·

69 3403 230 3484 losophiam
258 3425 323 3462 cum
352 3403 588 3485 philosophorum
608 3404 668 3464 sive
696 3404 814 3483 argutiis
833 3403 894 3461 sive
920 3403 1020 3484 impiis
1035 3399 1300 3478 cavillationibus,

69 3523 123 3561 nec
145 3520 226 3576 vero,
245 3501 318 3580 quid
337 3503 399 3583 ipsa
418 3515 489 3562 esset
506 3523 646 3582 quamque
663 3502 719 3560 late
737 3514 847 3582 pateret
856 3547 865 3575 ,
885 3514 950 3581 apte
967 3501 1173 3581 perspicerent.
1204 3497 1300 3578 Vulgo

68 3600 151 3659 enim
168 3598 228 3659 dici
245 3599 401 3680 haberique
426 3600 497 3660 solet
520 3599 651 3659 doctrina
675 3602 735 3660 sive
754 3606 899 3674 scientio,
921 3619 935 3657 1
956 3600 1109 3678 principiis
1128 3597 1301 3678 quibusdam

68 3710 202 3756 accurate
221 3696 350 3758 definitis
368 3696 456 3756 ducta
480 3711 507 3755 et
530 3697 677 3784 explicita.
718 3696 819 3771 Qualis
838 3698 861 3756 si
886 3696 1022 3755 habenda
1042 3697 1078 3756 sit
1097 3696 1280 3778 philosophia
1291 3741 1299 3769 ,

70 3793 151 3854 idem
175 3815 243 3854 sane
271 3796 296 3854 ci
326 3797 442 3855 evenire
467 3795 588 3870 debeat,
617 3795 698 3875 quod·
725 3794 816 3854 nullis
845 3817 904 3854 non
933 3795 1091 3874 doctrinis,
1112 3793 1298 3874 quantumvis

68 3894 230 3968 accuratis,
268 3894 385 3953 evenire
412 3893 502 3967 solet,
534 3907 583 3969 ut,
613 3894 792 3953 labefactatis
820 3893 991 3975 principiis,
1020 3896 1081 3976 ipsa
1102 3904 1222 3953 corruat.
1264 3891 1301 3947 At

51 3983 141 4054 'vero
165 3993 189 4051 si
214 3993 363 4074 antiquos,
390 3992 413 4050 si
437 3991 584 4051 Platonem
606 3991 757 4066 audimus,
787 4014 847 4050 non
867 3994 986 4051 scientia
1011 3993 1062 4054 illa
1086 3988 1220 4049 habenda
1245 4001 1299 4062 est,

70 4089 122 4150 sed
141 4090 270 4149 studium
288 4090 442 4165 scientiae,
464 4111 524 4149 non
537 4089 683 4166 doctrina,
698 4090 748 4149 sed
759 4089 958 4149 doctrinarum
973 4093 1101 4151 omnium
1120 4103 1148 4149 et
1165 4088 1297 4146 maxima·

69 4209 147 4287 rum¹
165 4189 270 4248 artium
292 4189 486 4270 procreatrix:
517 4202 684 4268 tantumque
711 4188 809 4263 abest,
831 4201 862 4246 ut
891 4209 966 4248 vana
989 4190 1026 4248 sit
1052 4203 1080 4247 et
1107 4190 1236 4261 incerta,
1267 4198 1299 4243 nt

70 4285 282 4348 fluctuantibus
309 4299 338 4345 et
367 4285 567 4347 corruentibus
595 4308 646 4368 per
675 4287 851 4346 saeculorum
884 4285 1035 4345 decursum
1062 4283 1298 4366 philosophorum

68 4384 261 4469 opinionibus
279 4400 308 4444 et
327 4383 484 4460 doctrinis,
506 4386 567 4466 ipsa
585 4399 680 4444 tamen
700 4386 810 4464 integra
827 4399 939 4445 maneat
957 4398 985 4443 et
1004 4383 1198 4445 immutabilis.
1220 4384 1297 4463 Ope-

443 4648 460 4679 0
689 4644 703 4671 P
