2796 5048
673 229 713 287 68

80 406 206 473 patrem,
227 405 344 451 matrem
365 392 489 450 Peniam.
532 391 603 449 Nam
624 410 712 468 quum
732 401 803 448 esset
822 404 887 448 nata
907 391 1005 448 Venus
1014 374 1032 462 ‚⁸
1043 392 1214 449 convivium
1234 392 1307 453 cele-

80 489 203 549 brabant
222 490 289 564 Dii,
310 509 375 547 cum
384 489 507 563 caeteri,
530 501 591 546 tum
608 488 726 546 Metidis
742 486 837 561 lilius,
860 490 955 547 Porus.
986 491 1058 547 Cum
1076 504 1171 549 autem
1191 511 1307 550 coenas-

79 601 160 662 sent,
186 587 285 646 cibum
308 584 523 662 mendicatum,
552 585 659 665 quippe
691 584 872 643 affluentibus
897 585 960 644 illic
979 586 1091 666 epulis,
1116 590 1239 648 accessit
1262 590 1306 649 Pe·

80 687 129 744 nia
149 699 176 744 et
195 685 307 744 adstitit
325 683 445 744 foribus.
487 686 562 744 Tum
582 683 688 757 Porus,
709 683 740 741 in
759 682 840 743 Jovis
857 704 1021 765 progressus
1040 684 1172 761 hortum,
1196 700 1308 746 nectare

81 783 177 843 ebrius
200 796 387 863 gravatusque
402 782 571 841 dormiebat.
613 781 700 839 Penia
729 781 817 860 igitur
842 780 896 840 hoc
925 780 1036 862 agitans
1063 784 1241 860 consilium,
1262 798 1308 859 ut,

80 882 163 962 inops
182 881 261 962 ipsa,
283 900 318 938 en
343 881 412 940 Poro
437 880 530 939 filium
553 881 733 959 conciperet,
751 882 836 957 juxta
860 880 946 938 illum
970 881 1106 940 accubuit
1129 897 1157 941 et
1176 873 1310 963 concepit

80 982 236 1038 Amorem.»
263 976 291 1057 l)
311 978 336 1037 E
353 999 409 1057 qua
431 977 530 1036 sabula
550 977 635 1036 facile
656 976 788 1036 ducimus
811 978 969 1058 placitum,
990 1000 1026 1036 cx
1053 979 1219 1059 indigentia¹
1243 981 1310 1038 oriri

80 1099 201 1137 amorem
219 1097 347 1137 omnem:
369 1076 520 1152 anquirere
548 1089 708 1149 amantem,
730 1097 785 1153 quo
809 1076 896 1147 hunc*
913 1076 1092 1156 indigentiae
1120 1098 1238 1137 sensum
1263 1098 1311 1137 ex·

79 1176 173 1257 pleat
194 1188 305 1257 reperto
319 1193 387 1235 vcro
406 1173 474 1247 isto,
495 1172 595 1231 insitas
610 1173 730 1245 virtutes
748 1193 845 1232 omnes
863 1174 1026 1255 explicare,
1042 1197 1179 1254 suamque
1199 1179 1310 1256 assequi

79 1275 291 1355 perfectionem.
323 1271 414 1356 Quae
426 1268 524 1329 eAdcm
553 1270 657 1349 aliquis
677 1270 853 1329 facilitate
844 1293 877 1331 ιιι
896 1285 984 1331 totam
1003 1295 1097 1333 rerum
1116 1288 1252 1362 naturam
1267 1296 1312 1335 ae·

79 1370 245 1432 commodet.
261 1367 293 1449 2)
313 1369 371 1427 Nec
390 1389 544 1450 negamus,
559 1366 725 1447 hujusmodi
743 1369 816 1447 quid
835 1366 932 1429 animo
950 1373 1121 1452 concepisse
1133 1352 1322 1459 Diotimam,

79 1470 198 1550 quod
174 1490 235 1548 ejus
254 1487 344 1527 sermo
371 1487 422 1525 nos
444 1465 573 1526 docebit.
615 1465 673 1525 Sed
697 1465 819 1526 multum
842 1467 968 1527 abluisse
994 1484 1146 1549 putamus,
1168 1485 1203 1532 ut
1233 1472 1313 1533 illud

80 1569 119 1627 ita
138 1566 327 1648 perspiceret,
347 1564 387 1622 ita
407 1565 505 1644 paucis
526 1563 621 1625 verbis
644 1577 736 1644 posset
759 1565 922 1645 explicare,
946 1581 976 1626 ut
996 1589 1048 1626 nos
1065 1570 1197 1630 solemus.
1241 1570 1313 1630 Sen-

79 1666 146 1724 sisse
165 1663 198 1723 id
217 1663 335 1722 obscure
363 1662 498 1737 ridetur,
518 1683 571 1722 nec
595 1676 686 1722 totum
713 1663 745 1721 in
774 1683 896 1723 amorem
921 1679 949 1724 et
968 1680 1100 1726 naturam
1123 1667 1312 1749 applicuisse.

79 1763 205 1822 Omnino
231 1760 309 1840 quod
332 1759 417 1820 modo
445 1761 482 1821 de
510 1760 672 1821 amantibus
697 1761 794 1820 nobis.
807 1763 992 1837 occurrebat,
1023 1764 1105 1825 aliud
1131 1766 1206 1845 quid
1235 1767 1313 1827 velle

81 1861 227 1939 utriusque
241 1858 386 1934 animum,
406 1859 484 1939 quod
502 1859 598 1919 dicere
617 1880 677 1917 non
696 1853 895 1939 possitsa'llri
916 1855 1114 1938 μαντεύεσθαι
1135 1860 1155 1925 ὃ
1173 1858 1313 1942 βούλεται

79 1956 127 2018 καὶ
147 1953 339 2030 αἰνίττεσθαι,
355 1958 492 2019 convenit
500 1956 588 2039 plane
606 1971 634 2016 ct
649 1957 881 2021 inDiotimamet
892 1964 1021 2022 intutam
1035 1967 1249 2046 antiquitatem.
1271 1969 1312 2028 Ut

80 2060 199 2142 sculptis
217 2057 391 2140 imaginibus
409 2055 561 2135 Aegyptii,
581 2055 621 2113 sic
642 2053 745 2115 Graeci
759 2057 867 2117 fabulis
876 2105 885 2134 ,
907 2061 1068 2140 significare
1086 2065 1264 2126 studuerunt
1284 2048 1332 2125 et*

79 2160 159 2236 quasi
178 2157 329 2219 vaticinati
349 2167 429 2228 sunt,
443 2173 515 2230 quae
534 2150 691 2226 abstracte,
713 2167 744 2212 ut
763 2157 859 2233 ajunt,
879 2171 907 2216 et
924 2161 1024 2238 paucis
1038 2161 1134 2222 verbis
1148 2165 1312 2244 exprimere

80 2256 209 2315 nondum
231 2266 372 2335 poterant.
414 2251 521 2309 Pariter
546 2249 769 2311 existimandum
789 2252 825 2312 de
844 2257 1044 2338 Aristophanis
1061 2255 1170 2320 fabula.
1214 2262 1311 2322 Etiam

78 2353 132 2411 hae
152 2352 323 2433 exprimitur
342 2348 519 2429 indigentiae
539 2367 655 2422 sensus,
676 2349 726 2427 qui
749 2350 893 2412 inaniore
914 2354 1095 2417 dominatur:
1117 2374 1311 2419 veruntamen

79 2471 151 2529 quae
167 2449 235 2509 inde
246 2436 317 2508 du
387 2466 468 2526 quasi
461 2444 584 2504 elicuit
604 2446 847 2526 Hemsterbusius,
869 2473 961 2532 neque
977 2454 1180 2536 Aristophanes
1193 2478 1310 2540 perspe-

12 2608 15 2613 ,
80 2549 155 2607 nisse
170 2548 305 2623 ridetur,
378 2544 465 2607 Plato
479 2543 638 2625 explicuit:
662 2553 779 2625 uterque
793 2570 861 2610 vcro
875 2562 1020 2610 naturam
1035 2553 1180 2614 declarare
1195 2565 1311 2616 amoris

79 2646 190 2706 studuit
200 2626 374 2724 ,effecitqde
392 2642 469 2703 illud
488 2642 541 2703 hac
561 2642 661 2701 fabula
680 2643 763 2725 longe
782 2647 965 2724 evidentius,
986 2673 1070 2728 quam
1099 2652 1174 2712 effici
1192 2676 1309 2715 accura-

79 2744 187 2803 tissima
214 2742 408 2824 disputatione
435 2741 581 2821 potuisset.
623 2741 741 2802 Placent
760 2759 854 2804 autem
879 2747 962 2806 nobis
989 2748 1104 2808 fabulae
1132 2751 1201 2810 illae
1232 2753 1309 2813 hanc

80 2842 245 2921 praesertim
262 2839 300 2899 ob
319 2859 459 2911 caussam,
474 2837 551 2916 quod
572 2838 702 2898 sensibus
716 2844 896 2903 conveniunt
915 2847 1019 2907 nostris
1029 2893 1037 2922 ,
1056 2849 1113 2907 imo
1132 2848 1226 2909 oculis
1245 2870 1307 2932 pro·

80 2952 212 3018 ponunt,
232 2959 304 3018 quae
322 2938 400 2996 intus
419 2936 557 2995 sentimus
582 2938 687 2996 animo.
729 2939 800 2996 Nam
829 2962 901 3019 quae
927 2946 1114 3005 continentur
1139 2949 1176 3007 iis
1203 2951 1309 3010 amoris
1341 2974 1345 2981 ·

80 3034 227 3110 notioneS,
251 3049 318 3096 sunt
334 3034 388 3093 hae
407 3033 447 3091 sic
468 3033 599 3114 propriae
619 3046 736 3092 naturae
755 3050 885 3113 nostrae,
907 3055 938 3099 ut
956 3041 1063 3103 lateant
1082 3045 1115 3104 in
1132 3046 1227 3105 nullis
1251 3069 1308 3108 non

81 3132 232 3212 linguis,
224 3156 257 3191 in
275 3132 394 3194 vocibus
412 3132 534 3190 maxime
544 3176 553 3205 ,
573 3131 679 3209 quibus
702 3134 827 3194 caritatis
846 3139 943 3197 caussA
966 3162 994 3199 se
1018 3157 1117 3202 mutuo
1134 3145 1308 3225 compellare

13 3270 15 3275 ·
81 3245 207 3290 amantes
228 3231 320 3291 solent
328 3239 475 3308 ,partem
494 3229 670 3288 seinvicem
699 3239 765 3305 sui,
787 3234 945 3295 dimidium
974 3247 1023 3305 eui
1043 3237 1075 3318 3)
1099 3257 1259 3318 vocantes,
1278 3257 1309 3303 ut

82 3330 216 3389 Horatius
235 3313 362 3412 appellat
379 3325 535 3406 Virgilium
555 3346 654 3384 suum:

379 3423 475 3483 Navia
485 3469 493 3498 ,
512 3446 587 3502 quoe
607 3427 664 3483 titt
681 3429 829 3486 creditum
867 3447 871 3454 ’

422 3521 515 3582 Debre
535 3523 722 3604 Virgilium,
741 3528 861 3604 finibus
880 3529 995 3591 Atticis

412 3623 501 3680 oddae
526 3624 720 3698 incolumem,
742 3647 867 3702 precor,

423 3720 467 3779 Et
494 3743 591 3780 terres
617 3730 781 3781 animae
807 3725 1028 3787 dimidium
1055 3752 1167 3791 meae.
1191 3731 1224 3813 A)

116 3989 129 4040 1
232 3987 314 4040 .203.
331 3987 361 4039 Β.
986 4034 993 4048 ,

15 4043 22 4053 ⁶
116 3988 142 4139 2l
159 3992 262 4125 slidcl.
281 4065 347 4146 napi
372 4058 455 4133 ἔνωσ,
480 4094 506 4144 p.
526 4075 582 4127 121.
600 4075 690 4127 Creuz.
708 4066 756 4129 καὶ
781 4066 840 4127 πᾶν
865 4065 902 4130 td
929 4069 1005 4150 ἐρῶν
1027 4070 1141 4152 doleret?
1159 4097 1255 4151 τινος,
1279 4067 1316 4140 ori

83 4157 160 4221 ἐστιν
181 4155 283 4233 ἐνδεὲς.

116 4260 142 4327 3)
161 4263 279 4315 Νοιιιιιιιι
292 4262 490 4328 wederbelttvim
503 4263 580 4330 plane
594 4264 711 4329 exprimit
725 4261 824 4315 fabulae
838 4264 992 4315 Platonicae.

116 4345 142 4411 ι)
161 4349 241 4400 Carm.
263 4349 282 4399 l.
302 4346 326 4398 3.
350 4347 392 4398 sic
408 4345 498 4399 Graeci
517 4354 627 4414 poetae,
647 4366 661 4399 e
678 4349 767 4416 quibus
781 4350 882 4401 ductum
893 4359 934 4400 est
948 4351 1111 4403 lloratianum
1119 4352 1225 4419 boore,
1246 4372 1275 4409 v.
1289 4374 1313 4410 c.

83 4434 210 4500 Μάκαρα.
229 4433 302 4485 Anal.
322 4432 432 4484 Bruuck.
447 4434 467 4481 1.
484 4449 508 4498 p.
522 4434 554 4484 5:
