2796 5048
682 232 737 290 561

89 392 233 481 negligit,
253 392 396 473 quomodo
424 394 502 454 buno
525 394 676 457 laudantes
705 419 765 457 nun
795 395 980 460 errabimus?
1001 420 1068 461 uam
1082 410 1148 482 aget
1167 400 1228 478 ita,
1248 400 1317 477 vel,

87 493 162 572 quia
189 490 267 551 nihil
296 493 434 551 interesse
451 494 539 553 totius
557 507 657 575 putat,
678 495 701 553 si
722 516 811 575 parra
830 481 1124 577 negliguntur,-vel·,
1140 498 1228 579 quia,
1249 498 1319 562 licet

89 592 234 651 iuteresse
254 592 406 671 opinetur,
428 592 534 651 inertiit
560 592 738 671 mollitieque
767 593 918 667 detentus,
941 586 1131 755 σοςῖνὶῗῗῇΞΕ
1149 596 1196 658 Sic
1221 619 1250 658 se
1273 620 1320 659 res

91 688 190 749 babet.
221 717 256 726 ·-
285 688 342 748 Sed
374 711 453 748 nunc
494 690 540 750 illi
577 691 635 752 duo
671 691 765 750 tribus
801 691 885 751 nobis
913 714 995 774 respo
1072 682 1222 807 aitqua,
1251 697 1320 757 licet

92 808 153 847 esse
183 788 258 847 Deos
282 787 461 861 concedant,
492 788 564 849 alter
594 802 690 848 tamen
723 788 810 848 facile
848 789 1025 872 placabiles,
1055 776 1203 873 alffi'tjn
1232 794 1319 855 rebus

88 887 195 968 paruis
235 885 413 966 negligentes
452 900 552 967 putat:
590 888 771 967 primumque
810 888 849 947 sic
880 889 1110 968 interrogentur:
1149 872 1234 961 ambo
1272 912 1322 953 vos

58 1060 62 1067 Ι
93 986 170 1047 Deos
197 984 322 1043 asseritis
350 986 442 1059 scire,
473 984 591 1061 videre,
622 978 779 1064 audireque
808 989 917 1047 omnies
947 987 1023 1047 nihil
1051 1008 1132 1069 posse
1154 989 1230 1070 ipsos
1249 990 1322 1069 effu:

92 1103 159 1164 gere
188 1090 305 1156 eorum,
335 1098 479 1161 quaeant
508 1104 593 1143 seusu
614 1098 663 1143 aut
681 1083 833 1143 intellectu
849 1086 1075 1166 percipiuntur?
1106 1088 1249 1148 Haeccine
1280 1088 1322 1159 ita

92 1201 153 1240 esse
184 1170 299 1254 dicitis,
331 1202 368 1239 an
397 1181 505 1241 aliter?
539 1215 568 1226 —
599 1181 655 1241 Sic.
684 1211 720 1222 -
747 1183 860 1243 Deinde
891 1185 986 1244 omnia
1019 1206 1065 1245 eos
1102 1207 1201 1267 posse,
1232 1206 1322 1264 quae-

92 1299 209 1358 cunque
220 1278 355 1339 mortales
369 1279 578 1341 immortalesve
597 1283 741 1362 possunt?
761 1319 796 1329 -
817 1282 929 1356 Quidni
947 1296 974 1341 et
992 1283 1062 1343 haec
1083 1282 1267 1345 concedent?
1286 1318 1308 1328 -

89 1378 188 1439 Bonos
215 1378 320 1452 etiam,
351 1378 407 1436 imo
433 1380 554 1458 optimos
585 1399 663 1453 esse,
690 1401 741 1439 uos
767 1381 895 1460 quinque
925 1381 1047 1441 confessi
1069 1403 1175 1447 sumus.
1195 1413 1231 1423 -
1250 1382 1321 1461 Osq-

89 1477 176 1570 nino.
204 1518 240 1528 -
278 1476 367 1567 surra
405 1496 471 1557 ergo
502 1477 606 1536 nnus
633 1474 715 1558 capr,
747 1478 829 1537 nuru
868 1478 989 1538 morian
1019 1492 1157 1561 possunt,
1187 1466 1322 1558 quasue

86 1575 210 1656 quidem
241 1576 312 1634 tales
343 1591 428 1652 suut,
465 1575 563 1654 quales
596 1598 655 1635 esse
682 1576 895 1636 consensimus:
927 1598 994 1636 nam
1029 1598 1065 1636 ex
1094 1579 1210 1658 ignavia
1237 1578 1323 1639 nobis

86 1674 196 1745 inertia
218 1675 328 1733 oritur:
351 1675 526 1755 negligentia
552 1689 646 1734 autem
666 1697 703 1735 ex
731 1675 836 1736 inertia
856 1689 941 1753 atque
965 1674 1097 1735 mollitie.
1120 1721 1152 1732 ..
1172 1674 1249 1735 Vera
1274 1675 1320 1735 lo-

84 1773 195 1854 queris.
225 1805 258 1815 —
287 1766 389 1857 Ἀργίρι
419 1768 476 1851 μὲν
507 1767 547 1855 dn*
575 1771 623 1834 καὶ
653 1769 791 1858 ῥαθυμίᾳ
820 1766 916 1847 ου’διίς
944 1766 1050 1851 'einrici
1077 1771 1170 1835 θεῶν·
1201 1768 1237 1834 ου’
1262 1768 1320 1856 γάρ

72 1872 225 1958 ..μέτεστιν
247 1868 329 1961 αὐτῷ
347 1897 404 1935 που
427 1874 547 1950 δειλίας·
569 1879 674 1936 nullus
696 1899 766 1958 ergo
786 1875 922 1936 Deorum
936 1882 1058 1935 inertid
1077 1870 1320 1958 nenegligentia

84 1980 254 2061 quidquam
293 1979 443 2059 negligit:
484 1981 603 2038 nullius
629 1988 708 2039 esaim
739 1987 880 2061 ignauiae
911 1977 996 2038 Deus
1024 1990 1068 2039 eat
1090 1988 1256 2060 particeps.

83 2083 187 2141 Recte.
208 2077 367 2136 -Utrum
398 2097 484 2151 vero,
505 2099 522 2136 ο
541 2076 633 2150 boue,
654 2091 682 2136 te
701 2077 797 2137 dicere
817 2076 1069 2138 existimabimus?
1112 2079 1185 2138 Deos
1204 2091 1321 2161 propter

86 2177 281 2258 ignorantiam
293 2221 301 2250 ,
323 2196 388 2234 cum
408 2175 562 2256 providere
580 2173 723 2250 debeant,
745 2198 804 2235 uon
826 2176 994 2257 providere,
1025 2199 1082 2251 an,
1105 2177 1190 2235 sicuti
1211 2167 1321 2257 imprb-

88 2275 147 2334 bos
162 2272 289 2359 &mines
308 2273 432 2333 dicimus
444 2303 460 2348 ,·
474 2273 591 2332 meliora
611 2274 729 2353 quidem
745 2273 865 2348 videre,
886 2274 1027 2334 deteriora
1047 2275 1146 2355 sequi,
1167 2275 1218 2347 sic,
1229 2262 1321 2349 Deus,

35 2438 43 2449 „
91 2372 226 2454 quamvis
240 2373 331 2432 sciant
350 2368 565 2452 providendum
585 2374 643 2430 essi
654 2418 662 2446 ,
684 2371 818 2430 similiter
840 2395 898 2431 non
919 2373 1097 2454 providere?
1118 2411 1152 2422 -
1173 2358 1327 2449 Quomodd

84 2470 122 2532 id
142 2469 205 2531 lieri
227 2471 341 2553 possit?
362 2495 397 2506 ·-
418 2464 534 2530 Ου’κοῦν
559 2464 601 2550 dp*
625 2463 664 2530 ια’
694 2491 724 2549 γε
752 2464 929 2550 ἀνθρώπινα
954 2464 1116 2553 αρᾴγματα
1135 2469 1192 2552 τῆς
1212 2492 1243 2532 τε
1264 2468 1320 2549 ἒμ-

80 2569 193 2657 ψύχου
212 2569 329 2655 piniger
352 2566 469 2655 φύσεως
490 2564 570 2650 ἅμα,
591 2571 640 2631 καὶ
662 2566 894 2650 θεοσεβέστατον
914 2564 990 2632 αυ’το’
1010 2570 1072 2633 ἐστι
1092 2564 1210 2633 πάντων
1232 2566 1338 2646 ζώων,

78 2674 264 2764 ἄνθρωττος·
289 2687 452 2755 praeterea
471 2697 520 2734 res
540 2676 698 2733 'hnmanae
725 2682 853 2732 uiuentis
873 2683 1005 2731 naturae
1029 2680 1197 2761 participes
1224 2684 1318 2737 sunt:

78 2795 113 2845 et
149 2785 232 2843 bomo
264 2792 327 2862 ipsc
357 2804 435 2862 prae
472 2790 601 2840 caeteris
629 2782 812 2840 enutrientibus
839 2780 900 2838 Dei
928 2782 1028 2839 cultor
1064 2780 1317 2860 diligentissimus

77 2879 152 2947 τοῖ’.)
174 2913 208 2925 --
228 2884 469 2955 Consentaneum.
489 2914 525 2926 —
545 2881 623 2955 Quin
656 2881 740 2938 etiam
770 2878 901 2938 mortalia
929 2893 1033 2938 cuncta
1062 2879 1191 2938 virentia
1217 2879 1333 2939 aDiis

77 2982 242 3066 possideri,
281 2979 522 3061 quemadmodum
552 2992 580 3037 et
618 2977 729 3037 coelum
758 2978 939 3051 universum,
971 2976 1104 3036 dicimus.
1141 3008 1176 3019 -
1211 2976 1316 3036 Procul

77 3081 184 3143 dubio.
207 3120 238 3131 -
259 3081 323 3143 Jam
348 3079 455 3160 igitur,
486 3079 547 3136 sive
575 3097 663 3156 parva
693 3076 782 3151 haec,
803 3077 865 3135 sive
896 3096 997 3154 magna
1024 3075 1097 3157 quis·
1114 3072 1224 3134 dixerit
1248 3075 1314 3155 Diis

77 3201 162 3255 esse,
184 3160 267 3239 nullu
292 3179 391 3253 modo,
422 3199 487 3237 cum
515 3174 761 3257 providentissimi
790 3188 873 3252 atque
902 3174 1002 3255 optimi
1034 3173 1110 3247 sint,
1140 3171 1313 3254 negligenda

78 3278 145 3338 illis
162 3268 288 3360 ipsorum
315 3278 452 3358 possessio
473 3290 523 3335 est.
541 3304 576 3315 —
594 3273 682 3332 Nullo
710 3272 804 3332 modo.
823 3300 856 3310 -
876 3270 956 3347 Quid
976 3272 1068 3331 uero?
1090 3271 1113 3330 si
1131 3271 1259 3331 medicus
1279 3270 1313 3331 in

77 3398 201 3458 corpore
225 3377 355 3436 curando
382 3376 492 3456 mag'nis
518 3373 698 3454 providerit,
728 3380 815 3453 parra
845 3370 1045 3444 contemserit,
1065 3367 1139 3429 bane
1159 3389 1187 3426 se
1207 3388 1311 3448 corpus

76 3473 227 3536 babebit?
255 3518 287 3529 ..
315 3477 380 3534 Non
406 3494 483 3532 sane.
502 3501 536 3511 -
556 3471 612 3530 Sed
637 3491 689 3530 nec
716 3470 936 3549 gubernatores,
959 3488 1011 3526 nec
1033 3468 1231 3546 imperatores,
1254 3486 1308 3526 nec

34 3610 37 3621 ·
77 3573 321 3656 patresfamilias,
353 3595 406 3632 nec
442 3571 592 3629 civitatum
607 3569 839 3670 duodennes,
871 3587 962 3645 neque
992 3564 1046 3623 ulli
1074 3564 1191 3622 omuino
1218 3562 1308 3640 tales,

76 3672 182 3754 paucis
209 3695 241 3733 ac
269 3673 367 3753 parvis
396 3668 553 3750 neglectis,
583 3681 660 3726 recte
688 3666 778 3725 multa
809 3678 836 3724 et
865 3662 994 3743 ingentia
1023 3677 1139 3742 regent:
1160 3655 1230 3722 oaldi
1250 3657 1307 3745 ydp

77 3769 149 3838 ἄνευ
180 3777 311 3859 σμικρῶν
337 3766 409 3850 τους
439 3754 584 3855 μεγάλους
615 3767 706 3850 φασὶν
734 3765 762 3829 οἱ
797 3760 949 3846 λιθολόγοι
978 3762 1085 3839 λίθους
1115 3755 1149 3825 εὖ
1173 3767 1314 3826 κεῖσθον.

76 3902 152 3941 nam
169 3882 283 3958 lapidea
302 3902 414 3960 quoque
426 3897 548 3959 magnos
567 3883 630 3933 sine
646 3881 754 3952 parvis
774 3874 844 3931 bana
863 3877 946 3929 strui
972 3869 1308 3951 neganturclritecti.-
1372 3896 1375 3901 ’

76 3980 117 4041 Et
143 3992 220 4039 recte
249 3979 366 4060 quidem
394 3978 450 4037 illi.
472 4010 505 4018 —
525 3964 588 4057 Mn*
608 3969 705 4033 τοίνυν
724 3964 825 4050 τόνγε
847 3961 1205 4058 θιόνᾶξιώσωμένποτε
1225 3968 1293 4046 uun<

74 4078 139 4140 τῶν
162 4064 362 4163 ’δημιουργῶν
392 4069 588 4159 φαυλότερον·
620 4096 777 4134 caveamus
804 4083 924 4147 autem,
952 4094 988 4130 ne
1007 4068 1107 4128 Deum
1128 4070 1304 4127 mortalibus

75 4182 233 4260 opificibus
262 4182 400 4239 viliorem'
423 4190 573 4257 putemur.
613 4180 664 4239 llli
685 4179 813 4254 scilicet,
833 4191 940 4258 quanto
960 4177 1108 4258 peritiores
1128 4175 1197 4234 artis
1215 4189 1302 4248 sunt,

75 4293 160 4341 tanto
185 4282 217 4340 in
246 4280 372 4362 propriis
398 4279 524 4360 ipsorum
551 4278 686 4358 operibus
710 4292 738 4337 et
754 4299 842 4359 parva
860 4275 944 4351 simul
965 4289 994 4334 et
1010 4294 1111 4353 magna
1131 4272 1301 4353 exquisitius

75 4378 294 4458 absolutiusque
318 4378 488 4461 perficiunt:
516 4379 593 4438 Deus
619 4399 704 4453 vero,
734 4379 783 4456 qui
813 4373 1037 4456 sapientissimus
1066 4386 1126 4445 est,
1147 4386 1175 4432 et
1203 4390 1303 4431 curare

1117 4494 1155 4552 36
