2796 5048
1143 241 1145 249 ι
1221 200 1234 232 “
1273 208 1276 212 *

664 266 722 336 563

76 456 142 494 cum
172 433 442 494 mathematicorum·
467 432 628 493 rationibus
659 436 814 513 conjuncta
838 446 898 508 est,
919 431 1096 495 difficultas:
1118 437 1198 516 quod
1217 439 1310 514 Quin·

75 533 197 592 tilianus
216 530 433 591 animadvertit.
473 528 583 607 Pt,at0
604 531 662 607 ait,
682 555 752 601 cum
776 540 810 589 in
829 480 902 591 elati
921 532 1118 611 quidusdam,
1137 545 1204 596 tum
1219 558 1307 616 prae·

76 639 161 709 cipue
190 638 224 688 in
254 626 400 705 Timaeo,
409 651 456 691 aa
467 631 605 712 intelligi
623 633 762 710 quidem,
790 637 852 689 πίον·
871 634 986 707 udaie,
1015 639 1070 712 ραν·
1087 643 1221 695 musicen
1240 659 1312 716 ραυ-

77 753 132 810 ρυο
161 731 327 811 diligenter
351 736 560 811 perceperint,
590 741 695 807 pateat.
728 726 757 811 l)
807 730 887 804 Quae
914 750 980 788 cum
1007 733 1167 815 communis
1195 734 1234 797 sit
1264 756 1314 797 vc·

76 843 171 909 terum
200 826 237 888 de
268 814 560 901 ‹limacea-sententia
572 873 580 904 ,
597 829 775 908 ¹frustraque
805 827 901 887 adhuc
934 828 1093 889 laborarint
1120 834 1313 911 recentiores,

80 942 112 986 ut
140 931 320 1008 superarent
354 923 541 986 difficultates
563 927 661 1004 Amas,
701 947 751 1008 ego
787 938 854 987 sane
887 925 982 985 audax
1008 948 1066 987 esse
1092 944 1120 989 et
1149 932 1316 993 temerarius
1377 972 1380 979 ·

79 1026 214 1101 uiderer,
236 1026 260 1085 si
278 1016 497 1106 interpretando
517 1025 665 1106 explicare
687 1039 778 1086 totum
797 1025 876 1085 huno
899 1025 1046 1105 dialogum
1056 1029 1235 1108 aggrederer.
1256 1031 1315 1093 Nec

80 1124 150 1184 vero
177 1125 210 1184 id
243 1124 280 1183 ab
312 1123 400 1183 initio
425 1124 533 1204 negotii
569 1125 681 1207 suscepi
692 1170 701 1199 ,
741 1138 773 1183 ut
803 1124 911 1204 scripta
944 1123 1073 1184 Platonis
1100 1124 1199 1187 dedita
1229 1131 1314 1210 operi

81 1226 303 1304 interpretarer,
323 1222 374 1283 sed
403 1221 457 1281 hoc
483 1221 594 1281 scilicet
621 1224 766 1297 maxime,
790 1237 839 1298 ut,
864 1222 1049 1304 philosophi&
1078 1226 1140 1303 ejus
1159 1247 1195 1284 ex
1224 1227 1315 1309 ipsius

81 1323 195 1404 scriptis
225 1320 420 1402 explicandi,
450 1320 529 1381 hisce
559 1322 599 1380 ita
624 1321 711 1379 simul
740 1320 879 1380 nonnihil
909 1321 984 1380 lueis
1013 1322 1199 1385 effunderem.
1259 1327 1316 1387 Ita·

81 1444 136 1503 que
166 1443 218 1482 nos
244 1420 360 1495 adhue,
390 1432 423 1480 ut
451 1418 581 1499 singulos
608 1419 794 1479 tractavimus
813 1419 1013 1500 philosophiae
1033 1421 1199 1482 Platonicae
1220 1424 1343 1501 locos,·

82 1522 120 1581 ita
150 1519 265 1600 singula
294 1520 372 1599 eJ'us,
401 1518 475 1598 quie
501 1517 574 1577 illuc
592 1518 761 1598 pertinent,
782 1516 962 1598 dialogorum
997 1512 1136 1601 genera,-
1160 1523 1330 1600 creticum„

82 1619 284 1693 dialecticum,
304 1617 471 1705 politicum,
493 1616 620 1676 ethicum
639 1616 784 1676 illustrare
806 1617 978 1678 studuimus.
1020 1618 1079 1676 Nec
1098 1617 1221 1696 dubito,
1242 1622 1315 1702 quin

82 1739 161 1778 nune
181 1718 218 1777 de
242 1716 360 1776 Τίνπαοο
378 1714 508 1795 Platonis
527 1735 561 1774 eo
584 1715 689 1774 rectius
705 1714 868 1792 judicaturi
889 1715 977 1775 simus
988 1762 996 1791 ‚
1017 1737 1074 1794 quo
1092 1718 1185 1799 magis
1204 1741 1319 1783 omnem

75 1815 249 1899 philosophi
275 1814 437 1875 doctrinam
463 1812 500 1873 de
521 1813 607 1873 rebus
628 1813 740 1874 divinis
761 1828 845 1892 atque
871 1814 1147 1883 humanis·assecuti
1169 1817 1344 1889 fuerimus..

81 1916 242 1975 Videamus
260 1913 413 1988 continno,
434 1913 507 1992 quid
525 1934 558 1971 eo
577 1911 731 1972 scribendo
753 1927 852 1972 auctor
872 1915 1053 1994 spectaverit.

123 2011 261 2074 Confecti
280 2005 397 2069 Patrae
407 2057 416 2086 ,
436 2011 597 2092 scriptoque
616 2011 772 2092 deinceps,
796 2026 827 2071 ut
847 2013 920 2071 mihi
940 2012 1058 2091 quidem
1070 2011 1318 2089 videtur,Plroe·

83 2116 176 2187 done,
205 2131 278 2191 opus
309 2110 465 2169 maximum
493 2122 524 2169 et
548 2124 612 2190 apte
643 2131 707 2171 cum
726 2107 843 2169 Politia
862 2113 1050 2190 conjunctum
1075 2130 1221 2190 aggressus
1237 2116 1320 2178 Plato

83 2226 140 2271 est:
162 2206 240 2288 qnod
259 2229 296 2267 ex
314 2208 376 2303 ipso
398 2208 514 2267 Timaei
534 2208 655 2268 exordio
674 2223 762 2290 patet
803 2210 875 2268 Nam
889 2208 1010 2290 fingitur
1027 2208 1155 2270 Socrates
1174 2233 1319 2275 sermones
1347 2204 1376 2263 .'

85 2309 171 2382 illos,
199 2327 269 2386 quos
293 2306 365 2366 de
353 2321 432 2386 Justo
461 2307 554 2388 deque
585 2309 692 2388 optima
720 2308 838 2368 civitate
868 2329 933 2367 cum
962 2307 1130 2384 Glaucone,
1161 2288 1319 2380 Adimanto

86 2406 276 2485 caeterisque,
297 2405 349 2485 qui
376 2404 533 2481 affuer,ant
555 2396 695 2465 h'abuerat
715 2406 891 2487 aliquando,
914 2405 1011 2487 pridie
1031 2406 1168 2485 Timaeo,
1190 2411 1322 2493 Critiae,

85 2506 282 2580 Hermocrati,
316 2517 377 2563 tum
407 2506 492 2564 etiam
529 2517 630 2584 quarto
659 2504 794 2579 cuidam,
825 2506 876 2583 qui
907 2526 986 2563 nunc
1015 2454 1193 2566 valetudinis
1218 2494 1318 2570 caussa
1373 2543 1377 2550 ·

84 2604 211 2680 abesset,
233 2624 397 2663 enarrasse:
419 2601 571 2683 linguntur
598 2601 629 2661 hi
651 2603 739 2676 item,
760 2602 868 2661 auditis
886 2582 1066 2661 sermonibus
1084 2602 1165 2678 illis,
1186 2605 1227 2665 sic
1249 2597 1319 2677 con·
1341 2612 1345 2617 '

84 2704 197 2764 venisse
222 2702 300 2761 inter
328 2722 371 2777 se,
394 2715 441 2776 ut,
462 2701 559 2782 prouti
590 2722 669 2760 nunc
694 2700 772 2759 hisce
803 2699 929 2781 dapibus
949 2702 1062 2781 excepti
1082 2723 1098 2760 a
1118 2701 1232 2763 Socrate
1253 2690 1320 2785 fue·¹
1368 2764 1371 2768 .

83 2815 168 2876 rant,
198 2801 239 2860 ita
263 2800 318 2879 ipsi
343 2814 455 2881 postero
479 2799 527 2858 die
552 2801 616 2858 vice
643 2799 693 2859 suia
720 2799 863 2859 Socratem
891 2799 951 2858 suis
969 2799 1148 2862 sermonibus
1166 2798 1317 2884 exceptrui

83 2913 187 2985 essent.
228 2896 275 2958 Sic
293 2919 396 2980 nempe
415 2884 618 2979 accipiendum
637 2896 775 2979 prooemii
794 2897 911 2957 initium
930 2912 972 2956 est
982 2943 991 2972 ,
1011 2897 1090 2976 quod
1109 2898 1148 2957 ita
1167 2921 1198 2961 se
1217 2892 1306 2977 hahet

87 3021 102 3055 a
139 3021 178 3072 ις,
211 2991 280 3076 δύο,
308 2999 402 3079 τρεῖς·
431 2989 450 3056 o‘
476 2992 512 3056 δὲ
533 2991 573 3078 dri
605 2991 745 3078 τέταρτος
772 2986 909 3076 aipein-ol
930 2991 995 3077 φίλε
1012 2992 1237 3083 flammari,
1248 3022 1318 3081 ,twa

83 3097 165 3182 χθὲς
193 3095 250 3179 μὲν
277 3093 483 3179 δαιτυμόνων,
513 3092 551 3160 τοὶ
579 3097 632 3160 νῦν
662 3093 730 3160 (Γ
718 3091 921 3219 ερτιατόρεονρ
954 3098 1043 3176 Τιμ.
1094 3092 1248 3169 ido-iderti
1272 3106 1326 3191 τίς

83 3198 168 3289 αὐτῷ
193 3193 419 3277 συνέπεσεν,
393 3226 417 3264 ω
447 3195 644 3283 Σώκρατες·
646 3195 691 3275 ου’
708 3195 765 3283 peip
793 3195 830 3262 ίίν
846 3195 932 3262 {aar
960 3199 1051 3283 τῆσδε
1071 3182 1303 3269 οίπελοίπετο”
1259 3229 1317 3291 tin

82 3303 245 3381 ξυνουσίας.
288 3307 353 3374 Σω
377 3301 491 3368 Οὐκοῦν
512 3328 568 3368 σον
588 3300 687 3367 rcitda'
705 3297 778 3368 uei
814 3327 862 3381 oa,
890 3301 939 3366 καί
960 3326 994 3367 το
987 3297 1092 3385 dudo
1113 3305 1167 3371 aod
1188 3301 1316 3385 οίποντος

84 3390 274 3492 ἀναπληροῦν
299 3403 408 3493 με’ρος,·
419 3411 485 3471 Tr
492 3434 525 3489 μ
555 3402 645 3472 Πάνυ
666 3405 724 3488 μὲν
696 3327 897 3473 (aady
848 3405 897 3483 κμί
926 3428 1001 3469 κατα
1029 3406 1155 3488 diruptio
1174 3431 1206 3490 γε
1228 3404 1331 3473 ouidii

86 3508 270 3592 ἐλλείψομεν·
297 3507 369 3574 οὐδὲ
392 3508 450 3594 γαρ
473 3507 509 3573 c’ir
530 3509 574 3593 εἴη
596 3509 707 3573 δίκαιον
714 3558 723 3587 ,
745 3507 826 3592 χθὲς
854 3504 914 3572 aiud
939 3511 994 3570 ocri
1008 3504 1195 3589 ξενισθίπας
1214 3503 1259 3590 οἷς
1278 3509 1317 3597 ἤν

86 3609 198 3696 πρέπον
228 3611 345 3690 ξενίοις,
371 3609 417 3697 μή
443 3609 480 3676 ου’
506 3608 678 3696 apelleiacae
702 3610 736 3677 σὲ
759 3609 828 3687 τους
855 3607 976 3693 lande
999 3607 1089 3695 η’μυίν
1107 3606 1320 3697 ἀ’ντεφεστιᾶν·

86 3741 185 3794 unua,
215 3720 290 3794 duo,
320 3729 401 3798 trae:
431 3727 562 3797 quartur
587 3741 674 3795 aero,
695 3741 712 3790 o,
736 3724 831 3776 amico
863 3716 999 3792 Timore,
1020 3720 1139 3791 aarum,
1160 3726 1214 3797 qui
1230 3742 1251 3778 α
1269 3743 1315 3779 me

86 3819 155 3876 Ιιονὶ
191 3840 361 3878 sermonum
395 3798 527 3878 condicio
561 3824 675 3895 accepti
711 3827 802 3892 eune,
838 3838 920 3874 πανιο
957 3827 1059 3874 nutem
1099 3838 1145 3891 mg
1181 3823 1317 3879 νίυίεείηι

87 3924 264 3995 accipiunt,
280 3920 414 3977 ἀίίπαπν
443 3915 512 3976 eat?
558 3917 654 3976 Tim.
697 3914 836 3977 Adveded
860 3912 1031 3974 ualetudine
1059 3916 1193 3990 luderet,
1220 3938 1235 3974 ο
1259 3915 1315 3976 Sa-

87 4025 207 4076 cretes:
237 4039 295 4077 πονε
326 4024 406 4076 anim
433 4025 534 4094 apeme
566 4018 602 4075 od
631 4017 683 4077 lroc
709 4025 791 4077 coetu
820 4024 850 4074 et
878 4015 1082 4093 disputatione
1111 4016 1316 4075 abstineant.

90 4113 117 4173 S
123 4137 147 4175 o.
189 4114 274 4199 Ergo
304 4126 409 4192 tuum,
440 4138 455 4176 o
488 4114 626 4191 Timaeo,
648 4125 678 4173 et
704 4117 811 4175 horum
839 4122 900 4173 crit
925 4112 1073 4194 officium,
1100 4121 1206 4191 quarti
1226 4096 1319 4174 ¹illitu

88 4216 221 4274 uirentia
245 4225 353 4294 partae
381 4210 514 4295 replere:
556 4214 651 4274 rem.
693 4214 768 4272 Erat
791 4216 927 4273 omnino:
948 4212 1203 4296 necquidquam,
1223 4213 1321 4303 quoad

126 4492 150 4559 1)
169 4494 230 4546 laea
250 4498 319 4549 θνα.
337 4497 355 4548 1.
376 4495 415 4548 10.
