2796 5048
675 194 735 251 1121}

82 368 154 426 baut
172 376 288 444 sponte,
310 358 455 435 indeque,
477 378 492 413 a
514 356 635 415 divinae
653 368 771 413 naturae
795 338 977 432 perfectione
994 349 1230 429 descendentes,
1250 376 1319 431 quae·

83 484 197 541 cunque
227 460 340 538 exquiri
372 458 401 514 iu
434 454 616 535 philosophia
652 453 764 521 solunt,
795 449 997 530 explicabant.
1044 450 1137 510 Unde
1159 462 1260 534 prtem
1278 453 1318 511 illa

85 559 248 621 Aristotelis
272 556 460 633 philosophia
492 551 528 610 ab
559 554 621 632 ipso
643 554 703 629 jam
734 551 899 629 theologiae
920 550 1042 607 nomine
1078 567 1251 632 nuncupata
1277 565 1316 609 est

85 655 285 721 Conveniebat
304 653 371 710 haec
384 649 611 732 philosophandi
632 650 705 708 ratio
724 648 841 707 illorum
861 646 966 707 studiis
982 647 1248 729 philosophorum,
1266 651 1317 729 qui,

85 773 117 818 ut
139 752 324 824 Aristoteles,
354 750 512 829 sapientiae
533 748 715 819 doctrinam,
746 749 804 805 imo
826 744 960 805 divinam
982 747 1143 806 seientiam
1165 748 1315 819 traderent;

85 855 219 927 Platoni,
239 850 288 930 qui
313 847 563 928 philosophando,
591 860 622 905 ut
642 845 791 917 Socrates,
813 845 832 905 i.
855 865 880 904 e.
902 844 1074 923 quaerenda
1097 848 1245 927 sapientil
1264 873 1317 911 cou-

87 963 282 1025 tentoserat,
305 970 364 1008 non
386 944 590 1005 conveniebat.
633 944 670 1003 Et
691 965 777 1015 vero,
798 943 878 1021 quod
900 942 1057 1021 aliquoties
1079 947 1266 1023 monuimus,
1283 973 1317 1010 su-

89 1066 170 1134 perat
189 1051 257 1109 talis
274 1048 408 1109 doctrina
428 1044 512 1123 louge
532 1042 684 1101 facultates
703 1041 850 1101 hominis:
879 1062 936 1119 quo
957 1041 1090 1116 factum,
1120 1056 1177 1117 ut,
1207 1048 1254 1126 qui
1271 1070 1316 1108 non

88 1148 201 1210 tradere
230 1168 310 1220 eam,
340 1142 390 1204 sed
421 1140 494 1201 adeo
525 1139 663 1201 adhibere
694 1139 732 1199 ad
754 1160 848 1197 rerum
870 1140 999 1198 omnium
1020 1140 1255 1221 explicationem
1274 1149 1316 1207 nisi

88 1261 175 1320 sunt,
196 1246 320 1326 turpiter
341 1243 401 1301 sere
422 1242 482 1299 siut
505 1239 587 1319 lapsi.

126 1344 183 1404 Sed
212 1343 291 1402 dicat
311 1341 361 1399 blo
378 1338 500 1416 aliquis:
532 1337 680 1417 postulare
703 1350 799 1395 tamen
820 1358 836 1394 a
854 1335 1037 1417 pbilosophis
1059 1338 1256 1419 metaphysici
1275 1363 1311 1402 ro

87 1444 167 1518 lent,
187 1456 253 1501 uta
274 1440 364 1520 priori
387 1434 649 1518 philosophentur:
670 1435 794 1493 hoccine
815 1436 904 1514 igitur
922 1455 982 1493 non
1003 1435 1076 1494 fecit
1097 1435 1213 1498 Plato?
1242 1438 1315 1511 Fecit

86 1541 136 1601 sed
154 1540 212 1599 alia
222 1584 230 1612 ,
259 1560 291 1596 ac
312 1534 522 1616 metaphysici‚
542 1533 663 1591 ratione.
707 1534 867 1591 Posuerunt
885 1532 931 1591 illi
951 1532 1159 1613 principium,
1181 1538 1257 1597 unde
1271 1538 1316 1599 dn-

85 1651 185 1698 cerent
204 1637 319 1696 omnia:
345 1635 435 1695 veluti
457 1631 591 1692 divinam
611 1644 761 1701 naturam,
781 1651 867 1709 quam
887 1650 972 1690 nemu
989 1629 1129 1690 confiteri
1153 1633 1268 1696 dubitat
1284 1658 1315 1695 re

84 1757 146 1793 rurn
170 1737 300 1795 omnium
327 1752 456 1792 caussam
485 1748 545 1787 esse
575 1728 753 1807 principem,
784 1727 835 1786 sed
864 1747 991 1786 caussam
1019 1726 1100 1788 hanc
1122 1730 1258 1793 divinam
1276 1754 1315 1816 pro

85 1834 190 1891 mentis
215 1833 360 1890 humanae
388 1829 489 1901 modo,
510 1826 560 1904 qui
583 1826 685 1884 modus
704 1826 794 1906 ipsius
813 1828 941 1907 prolecto
960 1825 1135 1887 divinitatis
1158 1852 1221 1891 non
1238 1854 1313 1913 capax

86 1944 144 2002 est,
168 1929 383 2002 informabant;
408 1925 485 1985 uude
504 1924 599 2003 qualis
617 1944 759 2002 quamque
781 1924 920 1984 deformis
941 1921 1085 2003 prodierit
1107 1941 1234 1988 naturae
1251 1931 1315 1990 illim

88 2028 148 2087 sive
159 2027 249 2086 forma
260 2028 321 2086 sive
333 2025 489 2105 descriptio
499 2023 560 2081 sive
578 2020 722 2095 definitio,
734 2036 836 2102 sponte
847 2021 1049 2101 intelligimus.
1072 2022 1123 2083 Sic
1140 2027 1234 2106 igitur
1242 2031 1316 2110 posito

87 2126 251 2207 principio,
281 2145 370 2204 quum
391 2120 602 2183 descendentes
619 2118 689 2177 inde
710 2122 806 2178 omnia
826 2121 1003 2200 explicatum
1023 2121 1122 2198 irent,
1145 2123 1260 2186 humile
1274 2127 1315 2187 lior

86 2236 147 2281 erat
157 2243 271 2302 reapse,
290 2223 424 2300 quamvis
439 2217 564 2279 sublime
583 2216 741 2292 videretur,
761 2218 973 2300 metaphysicae
992 2219 1059 2278 iter.
1094 2222 1165 2282 Non
1186 2224 1227 2282 ita
1244 2226 1315 2286 Plato.

86 2321 150 2380 Nou
171 2318 407 2379 descendendum
425 2315 478 2374 ille
493 2313 531 2372 ab
549 2306 724 2388 ὑποθέσεσι,
752 2331 871 2390 temere,
892 2330 923 2376 ut
942 2316 988 2393 lit,
1017 2319 1137 2398 positis,
1159 2322 1214 2382 sed
1233 2344 1309 2383 escen
1353 2368 1355 2373 .

85 2415 215 2477 (lendum
229 2415 403 2497 philosopho
412 2414 451 2475 ad
470 2407 507 2473 td
527 2408 702 2476 eonducta
715 2415 877 2494 judicabat.
909 2414 957 2473 Sic
969 2429 1064 2474 autem
1085 2438 1156 2477 cum
1177 2421 1240 2502 ipse
1257 2423 1313 2481 sole·

88 2529 132 2574 ret
151 2514 368 2595 philosophari,
389 2535 406 2572 a
422 2517 513 2595 priori
532 2517 756 2599 philosophatus
773 2536 854 2589 esse,
875 2513 926 2573 sed
947 2521 1003 2574 roa
1021 2523 1167 2593 ratione,
1189 2518 1315 2579 dicendos

88 2628 139 2673 est.
181 2612 301 2673 Scilicet
331 2633 403 2693 quae
431 2608 788 2689 redundantium,
818 2627 887 2673 sunt
907 2634 938 2673 ea
958 2612 1036 2694 apud
1056 2613 1170 2691 illurn,
1200 2632 1232 2678 ut
1251 2617 1315 2677 vidi-

89 2734 172 2786 mus,
190 2703 227 2770 τὰ
245 2702 332 2786 ὄντα,
365 2715 444 2795 ipsae
473 2731 542 2776 suut
563 2715 663 2791 ideae,
692 2714 846 2796 pulcrum,
875 2710 1001 2787 bonum,
1017 2712 1155 2789 justum,
1186 2715 1314 2787 sanc'tm

85 2835 155 2890 quas
181 2834 238 2892 quo
257 2814 322 2890 quis
343 2814 474 2894 puriores
492 2812 685 2893 clarioresque
706 2813 804 2871 animo
824 2821 939 2885 teneat,
969 2830 1002 2869 eo
1019 2808 1103 2868 hunc
1123 2814 1236 2873 rectius
1254 2815 1314 2874 dixit

86 2910 122 2969 de
140 2911 226 2970 rebus
243 2912 355 2991 pulcris
374 2926 402 2969 et
420 2913 574 2993 turpibus,
594 2912 631 2971 dc
653 2912 739 2971 bonis
755 2922 782 2969 et
802 2907 903 2980 malis,
924 2906 961 2966 de
975 2908 1064 2986 justis
1084 2922 1115 2967 et
1134 2911 1271 2988 injustis,
1287 2911 1314 2970 de

18 3078 21 3086 ι
88 3007 199 3067 divinis
218 3010 337 3067 omnino
358 3007 549 3090 humanisque
567 3013 753 3082 existimare,
773 3025 864 3084 eoque
889 3004 1314 3091 propiusadivinasapientia.

85 3107 168 3182 cujus
188 3126 337 3183 nunquam
359 3106 421 3164 lieri
441 3111 585 3189 particeps
604 3110 719 3189 poterit,
738 3107 845 3165 abesse.
889 3101 934 3161 hd
956 3102 1032 3161 hane
1051 3104 1212 3167 scientiam
1230 3128 1313 3187 quem·

87 3201 242 3260 admodum
274 3203 464 3282 procedamus
472 3252 481 3279 ,
507 3209 610 3284 pretori
641 3207 775 3287 exemplo
803 3206 835 3264 in
867 3201 1018 3282 Symposio
1047 3223 1103 3261 nos
1133 3202 1241 3266 docuit
1259 3208 1313 3267 Dio·

87 3301 165 3358 time.
208 3307 232 3357 A
261 3298 347 3357 robus
375 3301 502 3380 pulcris,
533 3324 606 3381 quae
637 3304 769 3362 sensibus
789 3302 1009 3383 percipiuntur,
1040 3300 1224 3364 ordiendum
1243 3326 1312 3387 prae·

88 3396 182 3476 cepit,
212 3409 243 3454 ut
271 3417 322 3477 per
342 3397 393 3457 has
413 3400 510 3480 pulcri
529 3401 688 3480 imagines,
718 3415 854 3478 tanquam
876 3388 1076 3476 α’ναβαθμοΰς
1098 3402 1262 3478 quosdam,
1284 3401 1312 3461 ad

88 3495 222 3574 pulcrum
253 3495 348 3575 ipsum
376 3497 568 3558 tenderemus.
611 3500 676 3558 Huc
698 3512 793 3557 autem
812 3514 962 3578 postquam
982 3501 1228 3580 pervenerimus,
1255 3499 1311 3559 inde

90 3592 173 3651 nobis
198 3595 363 3675 praecepit,
393 3609 424 3653 ut
445 3617 490 3655 res
510 3598 648 3678 deinceps
668 3599 783 3677 pulcras
803 3618 901 3655 omnes
922 3611 951 3656 et
970 3598 1137 3657 accuratius
1157 3598 1312 3659 attendere·

88 3710 151 3747 mus
179 3705 206 3748 et
226 3691 453 3768 dijudicaremus
472 3695 569 3754 verius
583 3693 620 3773 l).
663 3694 721 3753 Sed
742 3695 778 3754 de
798 3693 951 3753 dialectica
971 3695 1103 3754 idearum
1122 3693 1310 3774 disquisitioni

86 3786 271 3861 adhibenda,
300 3812 374 3867 quae
403 3794 519 3871 proprie
547 3814 605 3851 esse
636 3792 763 3851 Platonis
785 3792 979 3872 metaphysica
1001 3792 1141 3867 videtur,
1162 3791 1310 3853 documen-

86 3900 112 3943 ta
135 3885 218 3944 uubis
237 3887 267 3943 iu
287 3890 387 3967 primis
403 3889 528 3966 iusignia
547 3904 615 3948 suut
633 3891 840 3970 metaphysici,
861 3893 909 3969 qui
932 3904 1086 3963 occulitur,
1108 3891 1241 3951 Platonis
1257 3889 1311 3949 dia·

84 3983 160 4062 logi,
182 3985 335 4063 praecipue
365 3985 563 4043 Parmenides
582 4000 609 4045 ct
631 3987 783 4053 Philebus.

82 4173 334 4181 m-..—

77 4290 80 4295 ·
118 4277 143 4337 1)
162 4276 324 4346 Squep 2ll9,
355 4277 413 4328 210.
434 4279 480 4330 cu.
500 4282 574 4331 letitia
593 4299 614 4347 p.
643 4283 695 4333 tut.
