2796 5048
362 372 401 424 lle
417 374 548 441 adunca
565 377 634 444 opud
650 375 779 428 Platonem
794 377 925 443 definiendi
941 379 1045 430 ratione.

120 492 268 564 ‘Opiarsaije
291 493 434 544 Socraticae
456 495 484 544 in
514 495 627 545 Platonis
643 496 778 546 dialectica
798 510 859 545 usus
875 501 902 545 et
917 496 1062 547 illustratio.
1082 497 1164 548 Verba
1184 499 1268 548 verbis

88 579 199 630 delinire
220 595 282 628 nu·
306 580 421 629 sufficit?
443 580 625 632 Phaedrus.
656 581 824 647 Sophiste.
853 583 984 631 Diotimas
1005 598 1118 633 samono
1136 584 1270 634 dialectica

85 667 198 716 Platonis
215 668 372 719 continetur.
389 667 542 718 Dialectioae
559 683 623 717 usas
642 685 672 717 ex
688 669 805 718 Politia
824 669 871 717 vn
890 674 969 733 patet.

230 806 268 856 lle
285 807 377 857 artium
394 808 610 875 doctrinarumque
624 824 671 875 per
687 807 804 873 onolpsin
821 807 976 859 Platonicam
994 808 1172 860 distributione.
1267 807 1321 861 262

121 941 195 991 llnde
206 943 294 992 ortae?
311 943 438 1006 quomodo
452 943 606 994 distinctae?
624 944 682 1008 quis
701 944 940 1006 distinguendorum
956 945 1068 993 auctor?
1093 945 1197 994 Artium
1214 946 1268 995 dis-

86 1027 195 1077 tributio
218 1029 346 1078 Platonica
368 1028 395 1078 in
417 1029 586 1094 Sophiste.
628 1030 728 1079 Artium
749 1032 791 1078 oia
813 1035 840 1079 et
861 1035 964 1079 natura.
983 1032 1167 1080 Doctrinarum
1181 1032 1269 1081 distri-

86 1114 161 1163 butio
183 1114 212 1163 in
233 1114 393 1165 Politico.
420 1116 519 1167 Artium
544 1121 571 1165 et
592 1115 767 1165 doctrinarum
791 1116 818 1164 in
840 1116 940 1165 diverso
964 1117 1093 1182 proposito
1121 1132 1268 1166 consensus.

86 1201 152 1249 llum
171 1200 341 1250 dissecandos
358 1202 534 1267 philosophiae
548 1208 637 1252 auctor
653 1201 742 1251 Plato?
759 1202 943 1251 Politicus.

177 1337 219 1388 Ad
234 1340 407 1390 incantantum
422 1340 489 1391 calet
502 1342 653 1410 pmissinnsm
669 1339 801 1391 dialectica
818 1338 937 1390 Platonis.
957 1341 1022 1404 Quid
1031 1350 1075 1408 ¹est
1090 1335 1226 1392 inuenire?
1268 1338 1319 1391 265

120 1460 262 1526 Διαιρέσεις
276 1465 303 1508 et
317 1463 456 1528 συναγωγαὶ
469 1477 522 1524 quo
535 1460 612 1523 vulgo
628 1460 720 1509 relatae
737 1459 818 1508 sunt?
839 1461 899 1533 'Quo
917 1460 1006 1509 reterri
1023 1476 1065 1508 eas
1080 1459 1150 1508 Plato
1168 1460 1269 1509 voluit?

86 1544 293 1609 Dispuisitionis
321 1545 465 1595 Platonicae
481 1547 557 1609 ratio,
583 1547 714 1595 smotiom'
727 1550 878 1609 comparata.
904 1545 965 1609 Ejus
979 1545 1105 1595 fertilitas.
1136 1547 1268 1609 Compara·

87 1631 168 1678 tionis
191 1646 253 1678 usus
276 1632 302 1680 in
324 1631 434 1694 algebra.
465 1633 519 1697 Quo
544 1631 633 1681 valet?
659 1648 723 1695 quos
741 1633 841 1680 tructus
857 1631 957 1680 ediditi'
983 1631 1112 1696 Algclraa
1130 1636 1156 1679 et
1172 1631 1268 1679 diolco·
1297 1636 1301 1650 '

86 1703 156 1766 nris
170 1719 259 1768 eximia
276 1720 320 1769 m.
339 1720 516 1770 narraras.

401 1856 439 1907 De
456 1857 519 1906 artis
535 1854 644 1906 moesicae
661 1872 694 1906 ac
710 1855 841 1905 literarum
857 1856 1002 1904 inventione.
1266 1855 1317 1906 270

121 1975 265 2025 Philebi
289 1977 454 2026 continuatio.
484 1977 610 2034 Carneadi
630 1974 829 2039 numerandiqus
851 1974 968 2024 incultas.
987 1973 1118 2037 Quomodo
1131 1975 1191 2024 inde
1209 1981 1263 2023 orta

84 2063 186 2111 musico
208 2068 234 2112 et
250 2063 412 2127 alphabetico
434 2059 594 2128 scripturo?
619 2063 725 2112 Humani
751 2061 849 2124 ingenii
863 2076 877 2108 a
892 2061 986 2109 teneris
1003 2061 1152 2124 progressio.
1178 2062 1264 2126 Respi-

84 2150 156 2198 citur
171 2146 271 2199 Theuth
287 2148 443 2214 Aegyptius,
461 2148 593 2198 literarum
609 2150 735 2198 inventor.

180 2287 305 2350 Quatenus
321 2285 465 2349 Aristoteli,
483 2288 518 2338 ad
533 2287 705 2355 syllopistioam
721 2286 893 2347 tractandum,
912 2284 978 2332 ciam
994 2283 1097 2333 munivit
1114 2281 1209 2334 Plato?
1260 2283 1313 2337 273

120 2405 230 2454 Platonis
248 2410 275 2453 et
286 2405 428 2454 Aristotelis
443 2406 474 2454 in‘
487 2407 592 2455 maximo
605 2406 719 2456 dissensu
736 2403 899 2469 conspiratio.
924 2402 1017 2450 Natura
1035 2398 1181 2468 φιλομαθὴς
1200 2420 1264 2468 qua-

81 2491 117 2540 lis
142 2492 266 2556 utrique?
291 2492 396 2555 Artium
414 2492 617 2541 distributionem
638 2496 696 2540 uter
712 2491 782 2556 prius
803 2487 1010 2539 commendavit?
1035 2486 1169 2547 Analytici
1183 2489 1264 2539 Plato·

80 2577 143 2626 nict
162 2595 224 2627 num
239 2579 362 2627 abstinuit
379 2577 547 2628 Aristoteles?
573 2577 685 2627 Euclidis
698 2583 823 2643 στοιχεῖα.
848 2572 989 2624 Aristotelis
1008 2573 1040 2620 de
1061 2578 1116 2620 orto
1134 2574 1263 2624 rhetorica

80 2680 155 2729 opus.
174 2665 286 2716 Platonis
308 2670 337 2713 et
355 2665 498 2714 Aristotelis
512 2665 538 2712 in
556 2664 699 2728 usurpanda
716 2662 842 2725 analytica
857 2660 1004 2709 discrimen.
1023 2658 1137 2706 Accessit
1150 2659 1181 2711 ad
1194 2646 1264 2707 hris-

78 2750 188 2799 totelem
204 2752 284 2801 Plato.
300 2751 483 2802 Phaedrus.
502 2751 731 2800 Mathematica
746 2745 933 2798 demonstratio.

193 2887 408 2941 characterismus
425 2887 571 2939 dialecticae
587 2889 746 2949 Socraticae,
765 2885 925 2944 Platonicae,
943 2880 1130 2932 Aristotelicoe:
1146 2882 1202 2949 quis

444 2977 563 3045 proprius
580 2983 616 3025 cst
633 2973 776 3024 Platonicae
794 2967 945 3021 character?
1261 2968 1313 3022 278

115 3095 250 3159 Socratica¹
261 3096 394 3145 dialectica
411 3095 595 3159 simplicitate,
626 3093 741 3140 acumina
758 3092 902 3158 Platonica,
929 3090 1071 3160 diligantid
1097 3096 1259 3147 Aristotelica

79 3183 283 3232 commendatur.
317 3182 415 3232 Aetatis
440 3181 565 3230 humanae
585 3179 757 3243 progressibus
781 3181 900 3242 congruit
913 3196 999 3230 earum
1015 3183 1149 3234 successio.
1180 3183 1265 3247 Syllo-

77 3268 238 3334 gistioorum
255 3268 464 3334 exercitationum
483 3265 675 3315 commendatio.
706 3264 832 3327 Triplicis
854 3266 966 3315 methodi
990 3268 1087 3330 triplec
1109 3268 1264 3332 propositum
1303 3330 1306 3341 Ι

78 3352 177 3418 quale?
193 3353 308 3417 hnalysis
323 3353 349 3401 in
359 3353 525 3419 philosophia
532 3351 649 3400 naturali
660 3350 839 3400 ususeximius.
857 3352 1055 3417 Anotytioos
1071 3353 1264 3402 demonstratio-

78 3441 143 3502 nis,
161 3455 226 3502 quae
242 3439 387 3489 Aristotelis
400 3441 462 3502 luit,
480 3445 506 3488 et
522 3439 639 3502 anatysis
655 3437 804 3485 Platonicae
823 3437 968 3488 discrimen.
987 3439 1102 3502 hnalysis
1121 3440 1198 3503 hujus
1214 3440 1264 3500 dis-

77 3525 203 3587 teubas,
222 3525 264 3572 cui
280 3541 325 3590 par
343 3526 393 3574 luit
408 3531 507 3574 auctor.
525 3523 669 3573 Platonicae
688 3522 836 3572 dialecticae
853 3524 880 3573 in
899 3526 1022 3590 propositi
1040 3526 1161 3573 varietate
1177 3525 1263 3572 subli-

78 3613 167 3662 mitas.
186 3609 276 3658 Eadem
295 3615 321 3658 et
336 3615 476 3659 ceterarum
492 3609 682 3673 disciplinarum
695 3613 742 3657 est.
760 3609 908 3659 Praeclarus
924 3611 1073 3659 Politian
1090 3611 1136 3659 VII
1152 3610 1232 3659 locus.

163 3750 247 3812 Quare
264 3748 396 3800 dialectico
413 3749 481 3817 opud
496 3748 623 3799 Platonem
640 3765 690 3799 aro
707 3749 800 3799 dicitur
818 3759 840 3799 et
857 3750 1014 3817 sepimentum
1030 3749 1227 3800 dmtrinarum?
1261 3746 1312 3800 285

81 3849 100 3868 ⁸
113 3868 215 3920 Ceteris
243 3869 392 3934 disciplinis
416 3884 475 3919 suae
490 3875 550 3919 sunt
565 3867 709 3933 quibusque
725 3839 869 3926 incitans·
895 3870 987 3919 desunt
1005 3870 1177 3933 dialecticas,
1196 3886 1261 3933 quae

75 3955 137 4004 illas
151 3955 185 4004 ad
197 3956 351 4020 principium
371 3954 536 4007 devoratoria
551 3955 657 4004 reducit.
675 3952 804 4002 Politia
819 3954 862 4004 1v.
878 3957 948 4019 Sym
957 3957 1096 4020 ponium.

146 4093 185 4145 Dc
202 4095 300 4145 critico.
341 4093 373 4144 m
388 4101 449 4144 nato
466 4102 501 4145 est
517 4111 532 4144 s
547 4092 679 4144 dialectica
695 4092 822 4157 Platonis,
840 4095 877 4144 ito
893 4097 972 4161 refert
988 4095 1053 4145 banc
1071 4103 1095 4146 et
1112 4048 1230 4145 illmtrot.
1260 4091 1310 4144 287

110 4212 266 4283 Διακριτικὴ
283 4214 402 4262 Platonis.
422 4215 532 4276 Linguae
551 4211 719 4275 adhibentur,
739 4218 768 4261 ut
780 4214 842 4262 artis
855 4216 987 4283 principia
1002 4214 1175 4264 ostendantur.
1193 4213 1262 4262 Aao-

73 4301 147 4365 lysis
161 4305 189 4348 et
206 4301 315 4348 criticos
328 4299 472 4349 discrimen.
491 4301 545 4366 Quo
562 4300 676 4368 ringulae
694 4300 859 4351 referuntur?
885 4300 1027 4349 Aristotelis
1044 4307 1071 4348 et
1092 4300 1259 4365 posteriorum

74 4386 287 4453 philosophorum
305 4387 386 4449 magis
405 4387 506 4451 propria
521 4387 617 4437 critica.
636 4388 696 4450 Ejus
709 4385 901 4434 commendatio.
933 4421 938 4431 .

1080 4494 1104 4531 11
