<?xml version="1.0" encoding="UTF-8"?>
<!DOCTYPE html PUBLIC "-//W3C//DTD XHTML 1.0 Transitional//EN"
    "http://www.w3.org/TR/xhtml1/DTD/xhtml1-transitional.dtd">
<html xmlns="http://www.w3.org/1999/xhtml" xml:lang="en" lang="en">
 <head>
  <title>
</title>
<meta http-equiv="Content-Type" content="text/html;charset=utf-8" />
  <meta name='ocr-system' content='tesseract 3.04.00' />
  <meta name='ocr-capabilities' content='ocr_page ocr_carea ocr_par ocr_line ocrx_word'/>
</head>
<body>
  <div class='ocr_page' id='page_1' title='image "./initiaphilosoph00heusgoog_0309.png"; bbox 0 0 2774 5048; ppageno 0'>
   <div class='ocr_carea' id='block_1_1' title="bbox 714 226 774 287">
    <p class='ocr_par' dir='ltr' id='par_1_1' title="bbox 645 216 774 321">
     <span class='ocr_line' id='line_1_1' title="bbox 714 226 774 287; baseline -0.016 -1.07"><span class='ocrx_word' id='word_1_1' title='bbox 714 226 774 287; x_wconf 78' lang='grc'><em>266</em></span> 
     </span>
    </p>
   </div>
   <div class='ocr_carea' id='block_1_2' title="bbox 83 302 1326 470">
    <p class='ocr_par' dir='ltr' id='par_1_2' title="bbox 83 302 1326 470">
     <span class='ocr_line' id='line_1_2' title="bbox 282 302 403 341; baseline 0 -18"><span class='ocrx_word' id='word_1_2' title='bbox 282 302 300 341; x_wconf 60' lang='lat' dir='ltr'><em>i,</em></span> <span class='ocrx_word' id='word_1_3' title='bbox 398 316 403 323; x_wconf 88' lang='lat'><em>.</em></span> 
     </span>
     <span class='ocr_line' id='line_1_3' title="bbox 83 354 1326 470; baseline 0.004 -27"><span class='ocrx_word' id='word_1_4' title='bbox 83 442 94 461; x_wconf 47' lang='lat' dir='ltr'>f</span> <span class='ocrx_word' id='word_1_5' title='bbox 124 384 294 462; x_wconf 72' lang='lat' dir='ltr'><em>attulerat,</em></span> <span class='ocrx_word' id='word_1_6' title='bbox 320 354 522 460; x_wconf 38' lang='grc' dir='ltr'><strong><em>ιὶιςῗιιιιιιὲιιιι</em></strong></span> <span class='ocrx_word' id='word_1_7' title='bbox 543 389 669 469; x_wconf 79' lang='lat' dir='ltr'><em>uulgare</em></span> <span class='ocrx_word' id='word_1_8' title='bbox 684 411 782 470; x_wconf 80' lang='lat' dir='ltr'><em>geum</em></span> <span class='ocrx_word' id='word_1_9' title='bbox 801 387 921 449; x_wconf 82' lang='lat' dir='ltr'><em>dicendi</em></span> <span class='ocrx_word' id='word_1_10' title='bbox 931 409 940 443; x_wconf 92' lang='lat'><em>:</em></span> <span class='ocrx_word' id='word_1_11' title='bbox 961 387 1039 443; x_wconf 87' lang='lat' dir='ltr'><em>dnos</em></span> <span class='ocrx_word' id='word_1_12' title='bbox 1058 386 1179 463; x_wconf 83' lang='lat' dir='ltr'><em>quidens</em></span> <span class='ocrx_word' id='word_1_13' title='bbox 1195 409 1256 461; x_wconf 88' lang='lat' dir='ltr'><em>res,</em></span> <span class='ocrx_word' id='word_1_14' title='bbox 1274 410 1326 466; x_wconf 76' lang='lat' dir='ltr'><em>qna</em></span> 
     </span>
    </p>
   </div>
   <div class='ocr_carea' id='block_1_3' title="bbox 80 484 1368 3841">
    <p class='ocr_par' dir='ltr' id='par_1_3' title="bbox 120 484 1368 2437">
     <span class='ocr_line' id='line_1_4' title="bbox 126 484 1327 565; baseline 0.005 -25"><span class='ocrx_word' id='word_1_15' title='bbox 126 506 209 543; x_wconf 87' lang='lat' dir='ltr'><em>nemo</em></span> <span class='ocrx_word' id='word_1_16' title='bbox 237 484 338 544; x_wconf 83' lang='lat' dir='ltr'><em>alius:</em></span> <span class='ocrx_word' id='word_1_17' title='bbox 365 494 566 563; x_wconf 85' lang='lat' dir='ltr'><em>partitiones,</em></span> <span class='ocrx_word' id='word_1_18' title='bbox 597 490 705 565; x_wconf 74' lang='lat' dir='ltr'><em>quilius</em></span> <span class='ocrx_word' id='word_1_19' title='bbox 724 490 759 546; x_wconf 91' lang='lat' dir='ltr'><em>de</em></span> <span class='ocrx_word' id='word_1_20' title='bbox 783 487 872 545; x_wconf 80' lang='lat' dir='ltr'><em>relus</em></span> <span class='ocrx_word' id='word_1_21' title='bbox 894 485 1038 543; x_wconf 82' lang='lat' dir='ltr'><em>dicturus</em></span> <span class='ocrx_word' id='word_1_22' title='bbox 1067 494 1162 559; x_wconf 89' lang='lat' dir='ltr'><em>esset,</em></span> <span class='ocrx_word' id='word_1_23' title='bbox 1192 496 1223 545; x_wconf 90' lang='lat' dir='ltr'><em>et</em></span> <span class='ocrx_word' id='word_1_24' title='bbox 1249 488 1327 545; x_wconf 76' lang='lat' dir='ltr'><em>colbe-</em></span> 
     </span>
     <span class='ocr_line' id='line_1_5' title="bbox 124 577 1327 665; baseline 0.002 -25"><span class='ocrx_word' id='word_1_25' title='bbox 124 589 229 643; x_wconf 83' lang='lat' dir='ltr'><em>tiones.</em></span> <span class='ocrx_word' id='word_1_26' title='bbox 253 580 282 662; x_wconf 91' lang='lat' dir='ltr'><em>l)</em></span> <span class='ocrx_word' id='word_1_27' title='bbox 321 582 396 643; x_wconf 86' lang='lat' dir='ltr'><em>Sunt</em></span> <span class='ocrx_word' id='word_1_28' title='bbox 421 583 531 643; x_wconf 84' lang='lat' dir='ltr'><em>scilicet</em></span> <span class='ocrx_word' id='word_1_29' title='bbox 550 594 737 662; x_wconf 75' lang='lat' dir='ltr'><em>partitiones</em></span> <span class='ocrx_word' id='word_1_30' title='bbox 765 585 835 646; x_wconf 87' lang='lat' dir='ltr'><em>illae</em></span> <span class='ocrx_word' id='word_1_31' title='bbox 860 597 888 643; x_wconf 88' lang='lat' dir='ltr'><em>et</em></span> <span class='ocrx_word' id='word_1_32' title='bbox 906 582 1093 642; x_wconf 76' lang='lat' dir='ltr'><em>collectiones</em></span> <span class='ocrx_word' id='word_1_33' title='bbox 1114 577 1266 665; x_wconf 70' lang='grc' dir='ltr'><em>διαιρέσεις</em></span> <span class='ocrx_word' id='word_1_34' title='bbox 1280 584 1327 643; x_wconf 86' lang='lat' dir='ltr'><em>Pla·</em></span> 
     </span>
     <span class='ocr_line' id='line_1_6' title="bbox 124 680 1328 765; baseline 0.001 -25"><span class='ocrx_word' id='word_1_35' title='bbox 124 683 238 753; x_wconf 82' lang='lat' dir='ltr'><em>tonicae</em></span> <span class='ocrx_word' id='word_1_36' title='bbox 265 695 292 741; x_wconf 90' lang='lat' dir='ltr'><em>et</em></span> <span class='ocrx_word' id='word_1_37' title='bbox 313 680 493 763; x_wconf 74' lang='grc' dir='ltr'><em>συναγωγαὶ,</em></span> <span class='ocrx_word' id='word_1_38' title='bbox 515 706 585 765; x_wconf 92' lang='lat' dir='ltr'><em>quas</em></span> <span class='ocrx_word' id='word_1_39' title='bbox 608 699 673 764; x_wconf 88' lang='lat' dir='ltr'><em>post</em></span> <span class='ocrx_word' id='word_1_40' title='bbox 692 685 839 745; x_wconf 75' lang='lat' dir='ltr'><em>Platonem</em></span> <span class='ocrx_word' id='word_1_41' title='bbox 868 683 997 742; x_wconf 74' lang='lat' dir='ltr'><em>rhetores</em></span> <span class='ocrx_word' id='word_1_42' title='bbox 1025 695 1053 739; x_wconf 90' lang='lat' dir='ltr'><em>ct</em></span> <span class='ocrx_word' id='word_1_43' title='bbox 1079 681 1229 745; x_wconf 83' lang='lat' dir='ltr'><em>dialectici</em></span> <span class='ocrx_word' id='word_1_44' title='bbox 1247 685 1279 745; x_wconf 86' lang='lat' dir='ltr'><em>ad</em></span> <span class='ocrx_word' id='word_1_45' title='bbox 1295 704 1328 741; x_wconf 88' lang='lat' dir='ltr'><em>ar-</em></span> 
     </span>
     <span class='ocr_line' id='line_1_7' title="bbox 124 778 1368 861; baseline 0.002 -24"><span class='ocrx_word' id='word_1_46' title='bbox 124 782 314 859; x_wconf 86' lang='lat' dir='ltr'><em>gumentandi</em></span> <span class='ocrx_word' id='word_1_47' title='bbox 339 798 428 843; x_wconf 87' lang='lat' dir='ltr'><em>artem</em></span> <span class='ocrx_word' id='word_1_48' title='bbox 451 784 625 844; x_wconf 81' lang='lat' dir='ltr'><em>retulerunt</em></span> <span class='ocrx_word' id='word_1_49' title='bbox 673 784 773 845; x_wconf 82' lang='lat' dir='ltr'><em>Dictae</em></span> <span class='ocrx_word' id='word_1_50' title='bbox 800 784 868 841; x_wconf 87' lang='lat' dir='ltr'><em>item</em></span> <span class='ocrx_word' id='word_1_51' title='bbox 900 778 1068 861; x_wconf 76' lang='grc' dir='ltr'><em>συναγωγαὶ</em></span> <span class='ocrx_word' id='word_1_52' title='bbox 1095 782 1163 843; x_wconf 86' lang='lat' dir='ltr'><em>aliis</em></span> <span class='ocrx_word' id='word_1_53' title='bbox 1189 781 1329 843; x_wconf 82' lang='lat' dir='ltr'><em>nominibus</em></span> <span class='ocrx_word' id='word_1_54' title='bbox 1363 836 1368 849; x_wconf 86' lang='grc'><em>,</em></span> 
     </span>
     <span class='ocr_line' id='line_1_8' title="bbox 125 880 1329 962; baseline 0.002 -26"><span class='ocrx_word' id='word_1_55' title='bbox 125 892 212 953; x_wconf 88' lang='lat' dir='ltr'><em>sunt,</em></span> <span class='ocrx_word' id='word_1_56' title='bbox 242 894 274 939; x_wconf 87' lang='lat' dir='ltr'><em>nt</em></span> <span class='ocrx_word' id='word_1_57' title='bbox 302 885 530 960; x_wconf 74' lang='lat' dir='ltr'><em>complexiones,</em></span> <span class='ocrx_word' id='word_1_58' title='bbox 559 883 777 942; x_wconf 81' lang='lat' dir='ltr'><em>conductiones.</em></span> <span class='ocrx_word' id='word_1_59' title='bbox 798 882 829 962; x_wconf 77' lang='lat'><em>2)</em></span> <span class='ocrx_word' id='word_1_60' title='bbox 870 884 957 943; x_wconf 87' lang='lat' dir='ltr'><em>Recte</em></span> <span class='ocrx_word' id='word_1_61' title='bbox 986 897 1082 943; x_wconf 90' lang='lat' dir='ltr'><em>autem</em></span> <span class='ocrx_word' id='word_1_62' title='bbox 1106 881 1145 943; x_wconf 86' lang='lat' dir='ltr'><em>ad</em></span> <span class='ocrx_word' id='word_1_63' title='bbox 1166 882 1285 941; x_wconf 75' lang='lat' dir='ltr'><em>Platonis</em></span> <span class='ocrx_word' id='word_1_64' title='bbox 1298 880 1329 939; x_wconf 88' lang='lat' dir='ltr'><em>soi</em></span> 
     </span>
     <span class='ocr_line' id='line_1_9' title="bbox 122 977 1329 1059; baseline 0.002 -25"><span class='ocrx_word' id='word_1_65' title='bbox 122 977 289 1058; x_wconf 79' lang='lat' dir='ltr'><em>exemplum</em></span> <span class='ocrx_word' id='word_1_66' title='bbox 313 981 412 1040; x_wconf 90' lang='lat' dir='ltr'><em>Cicero</em></span> <span class='ocrx_word' id='word_1_67' title='bbox 435 982 679 1058; x_wconf 75' lang='lat' dir='ltr'><em>philosophorum</em></span> <span class='ocrx_word' id='word_1_68' title='bbox 703 980 780 1041; x_wconf 87' lang='lat' dir='ltr'><em>hanc</em></span> <span class='ocrx_word' id='word_1_69' title='bbox 809 1002 867 1041; x_wconf 88' lang='lat' dir='ltr'><em>esse</em></span> <span class='ocrx_word' id='word_1_70' title='bbox 891 983 1087 1059; x_wconf 78' lang='lat' dir='ltr'><em>disciplinam</em></span> <span class='ocrx_word' id='word_1_71' title='bbox 1112 981 1163 1041; x_wconf 89' lang='lat' dir='ltr'><em>ait.</em></span> <span class='ocrx_word' id='word_1_72' title='bbox 1205 979 1264 1039; x_wconf 72' lang='lat' dir='ltr'><em>Ne‘e</em></span> <span class='ocrx_word' id='word_1_73' title='bbox 1281 998 1329 1037; x_wconf 85' lang='grc' dir='ltr'><strong><em>ιιιι</em></strong></span> 
     </span>
     <span class='ocr_line' id='line_1_10' title="bbox 126 1080 1368 1159; baseline 0.003 -27"><span class='ocrx_word' id='word_1_74' title='bbox 126 1084 190 1134; x_wconf 84' lang='lat' dir='ltr'><em>eine</em></span> <span class='ocrx_word' id='word_1_75' title='bbox 219 1080 459 1157; x_wconf 75' lang='lat' dir='ltr'><em>pbilosophorum</em></span> <span class='ocrx_word' id='word_1_76' title='bbox 490 1081 671 1157; x_wconf 87' lang='lat' dir='ltr'><em>disciplina,</em></span> <span class='ocrx_word' id='word_1_77' title='bbox 703 1098 800 1159; x_wconf 80' lang='lat' dir='ltr'><em>gestus</em></span> <span class='ocrx_word' id='word_1_78' title='bbox 830 1088 861 1139; x_wconf 87' lang='lat' dir='ltr'><em>et</em></span> <span class='ocrx_word' id='word_1_79' title='bbox 889 1087 1015 1157; x_wconf 85' lang='lat' dir='ltr'><em>speciem</em></span> <span class='ocrx_word' id='word_1_80' title='bbox 1042 1087 1191 1159; x_wconf 83' lang='lat' dir='ltr'><em>cujusque</em></span> <span class='ocrx_word' id='word_1_81' title='bbox 1218 1086 1262 1137; x_wconf 86' lang='lat' dir='ltr'><em>res&#39;</em></span> <span class='ocrx_word' id='word_1_82' title='bbox 1285 1096 1329 1137; x_wconf 75' lang='lat' dir='ltr'><em>cer</em></span> <span class='ocrx_word' id='word_1_83' title='bbox 1366 1122 1368 1129; x_wconf 85' lang='lat'><em>.</em></span> 
     </span>
     <span class='ocr_line' id='line_1_11' title="bbox 126 1180 1368 1283; baseline 0.004 -51"><span class='ocrx_word' id='word_1_84' title='bbox 126 1196 197 1234; x_wconf 88' lang='lat' dir='ltr'><em>nere</em></span> <span class='ocrx_word' id='word_1_85' title='bbox 230 1198 322 1257; x_wconf 83' lang='lat' dir='ltr'><em>neque</em></span> <span class='ocrx_word' id='word_1_86' title='bbox 356 1200 421 1237; x_wconf 89' lang='lat' dir='ltr'><em>eam</em></span> <span class='ocrx_word' id='word_1_87' title='bbox 453 1181 618 1255; x_wconf 75' lang='lat' dir='ltr'><em>definiendo</em></span> <span class='ocrx_word' id='word_1_88' title='bbox 645 1180 817 1258; x_wconf 71' lang='lat' dir='ltr'><em>suplicare,</em></span> <span class='ocrx_word' id='word_1_89' title='bbox 847 1201 899 1238; x_wconf 88' lang='lat' dir='ltr'><em>nec</em></span> <span class='ocrx_word' id='word_1_90' title='bbox 930 1180 1066 1237; x_wconf 79' lang='lat' dir='ltr'><em>tribuere</em></span> <span class='ocrx_word' id='word_1_91' title='bbox 1094 1186 1130 1237; x_wconf 85' lang='lat' dir='ltr'><em>in</em></span> <span class='ocrx_word' id='word_1_92' title='bbox 1153 1188 1259 1256; x_wconf 84' lang='lat' dir='ltr'><em>partes</em></span> <span class='ocrx_word' id='word_1_93' title='bbox 1279 1198 1328 1257; x_wconf 84' lang='lat' dir='ltr'><em>pot·</em></span> <span class='ocrx_word' id='word_1_94' title='bbox 1356 1226 1368 1283; x_wconf 58' lang='grc'><strong>1</strong></span> 
     </span>
     <span class='ocr_line' id='line_1_12' title="bbox 124 1279 1328 1357; baseline -0.001 -25"><span class='ocrx_word' id='word_1_95' title='bbox 124 1296 247 1350; x_wconf 80' lang='lat' dir='ltr'><em>sarnus,</em></span> <span class='ocrx_word' id='word_1_96' title='bbox 283 1299 337 1337; x_wconf 89' lang='lat' dir='ltr'><em>nec</em></span> <span class='ocrx_word' id='word_1_97' title='bbox 357 1279 523 1355; x_wconf 83' lang='lat' dir='ltr'><em>judicare,</em></span> <span class='ocrx_word' id='word_1_98' title='bbox 553 1300 628 1357; x_wconf 85' lang='lat' dir='ltr'><em>quae</em></span> <span class='ocrx_word' id='word_1_99' title='bbox 656 1299 746 1352; x_wconf 87' lang='lat' dir='ltr'><em>ocra,</em></span> <span class='ocrx_word' id='word_1_100' title='bbox 777 1300 853 1357; x_wconf 82' lang='lat' dir='ltr'><em>quae</em></span> <span class='ocrx_word' id='word_1_101' title='bbox 873 1279 933 1353; x_wconf 70' lang='lat' dir='ltr'><em>jol</em></span> <span class='ocrx_word' id='word_1_102' title='bbox 933 1299 966 1336; x_wconf 92' lang='lat' dir='ltr'><em>sa</em></span> <span class='ocrx_word' id='word_1_103' title='bbox 994 1287 1078 1351; x_wconf 79' lang='lat' dir='ltr'><em>siret,</em></span> <span class='ocrx_word' id='word_1_104' title='bbox 1108 1298 1203 1355; x_wconf 80' lang='lat' dir='ltr'><em>neque</em></span> <span class='ocrx_word' id='word_1_105' title='bbox 1233 1294 1328 1333; x_wconf 78' lang='grc' dir='ltr'><strong><em>ιιιιιιιι</em></strong></span> 
     </span>
     <span class='ocr_line' id='line_1_13' title="bbox 122 1373 1327 1459; baseline -0.002 -26"><span class='ocrx_word' id='word_1_106' title='bbox 122 1384 351 1453; x_wconf 83' lang='lat' dir='ltr'><em>consequentia,</em></span> <span class='ocrx_word' id='word_1_107' title='bbox 377 1385 583 1458; x_wconf 79' lang='lat' dir='ltr'><em>repugnantia</em></span> <span class='ocrx_word' id='word_1_108' title='bbox 612 1378 712 1435; x_wconf 83' lang='lat' dir='ltr'><em>uidere</em></span> <span class='ocrx_word' id='word_1_109' title='bbox 721 1379 896 1457; x_wconf 81' lang='lat' dir='ltr'><em>,ambigua</em></span> <span class='ocrx_word' id='word_1_110' title='bbox 918 1378 1119 1459; x_wconf 72' lang='lat' dir='ltr'><em>distinguere.</em></span> <span class='ocrx_word' id='word_1_111' title='bbox 1141 1373 1174 1454; x_wconf 79' lang='grc'><em>3)</em></span> <span class='ocrx_word' id='word_1_112' title='bbox 1214 1373 1269 1435; x_wconf 82' lang='lat' dir='ltr'><em>Sed</em></span> <span class='ocrx_word' id='word_1_113' title='bbox 1284 1392 1327 1455; x_wconf 81' lang='lat' dir='ltr'><em>per</em></span> 
     </span>
     <span class='ocr_line' id='line_1_14' title="bbox 124 1472 1327 1557; baseline -0.001 -27"><span class='ocrx_word' id='word_1_114' title='bbox 124 1472 220 1534; x_wconf 83' lang='lat' dir='ltr'><em>tinent</em></span> <span class='ocrx_word' id='word_1_115' title='bbox 252 1474 323 1533; x_wconf 87' lang='lat' dir='ltr'><em>baec</em></span> <span class='ocrx_word' id='word_1_116' title='bbox 358 1476 453 1533; x_wconf 88' lang='lat' dir='ltr'><em>omnia</em></span> <span class='ocrx_word' id='word_1_117' title='bbox 489 1475 526 1534; x_wconf 90' lang='lat' dir='ltr'><em>ad</em></span> <span class='ocrx_word' id='word_1_118' title='bbox 554 1497 617 1551; x_wconf 87' lang='lat' dir='ltr'><em>res,</em></span> <span class='ocrx_word' id='word_1_119' title='bbox 645 1474 682 1535; x_wconf 89' lang='lat' dir='ltr'><em>de</em></span> <span class='ocrx_word' id='word_1_120' title='bbox 710 1475 817 1554; x_wconf 88' lang='lat' dir='ltr'><em>quibus</em></span> <span class='ocrx_word' id='word_1_121' title='bbox 844 1476 957 1557; x_wconf 82' lang='lat' dir='ltr'><em>agitur,</em></span> <span class='ocrx_word' id='word_1_122' title='bbox 987 1475 1213 1549; x_wconf 75' lang='lat' dir='ltr'><em>illustrandae,</em></span> <span class='ocrx_word' id='word_1_123' title='bbox 1240 1490 1327 1553; x_wconf 76' lang='lat' dir='ltr'><em>quoque</em></span> 
     </span>
     <span class='ocr_line' id='line_1_15' title="bbox 124 1568 1327 1653; baseline 0 -26"><span class='ocrx_word' id='word_1_124' title='bbox 124 1570 220 1649; x_wconf 86' lang='lat' dir='ltr'><em>aptius</em></span> <span class='ocrx_word' id='word_1_125' title='bbox 253 1572 288 1631; x_wconf 92' lang='lat' dir='ltr'><em>dc</em></span> <span class='ocrx_word' id='word_1_126' title='bbox 322 1573 358 1632; x_wconf 92' lang='lat' dir='ltr'><em>iis</em></span> <span class='ocrx_word' id='word_1_127' title='bbox 389 1575 450 1634; x_wconf 84' lang='lat' dir='ltr'><em>sive</em></span> <span class='ocrx_word' id='word_1_128' title='bbox 477 1572 602 1634; x_wconf 87' lang='lat' dir='ltr'><em>dicendo</em></span> <span class='ocrx_word' id='word_1_129' title='bbox 627 1574 689 1653; x_wconf 77' lang='lat' dir='ltr'><em>siye</em></span> <span class='ocrx_word' id='word_1_130' title='bbox 718 1572 872 1633; x_wconf 90' lang='lat' dir='ltr'><em>scribendo</em></span> <span class='ocrx_word' id='word_1_131' title='bbox 900 1573 1074 1632; x_wconf 83' lang='lat' dir='ltr'><em>sententiam</em></span> <span class='ocrx_word' id='word_1_132' title='bbox 1100 1586 1228 1633; x_wconf 84' lang='lat' dir='ltr'><em>nostram</em></span> <span class='ocrx_word' id='word_1_133' title='bbox 1253 1568 1327 1630; x_wconf 77' lang='lat' dir='ltr'><em>deela-</em></span> 
     </span>
     <span class='ocr_line' id='line_1_16' title="bbox 125 1664 1327 1756; baseline 0.004 -31"><span class='ocrx_word' id='word_1_134' title='bbox 125 1688 228 1728; x_wconf 85' lang='lat' dir='ltr'><em>remus.</em></span> <span class='ocrx_word' id='word_1_135' title='bbox 270 1670 378 1730; x_wconf 89' lang='lat' dir='ltr'><em>Verum</em></span> <span class='ocrx_word' id='word_1_136' title='bbox 406 1673 553 1733; x_wconf 88' lang='lat' dir='ltr'><em>Platonica</em></span> <span class='ocrx_word' id='word_1_137' title='bbox 584 1672 738 1732; x_wconf 88' lang='lat' dir='ltr'><em>dialectica</em></span> <span class='ocrx_word' id='word_1_138' title='bbox 767 1671 799 1730; x_wconf 92' lang='lat' dir='ltr'><em>id</em></span> <span class='ocrx_word' id='word_1_139' title='bbox 829 1671 918 1731; x_wconf 86' lang='lat' dir='ltr'><em>babet</em></span> <span class='ocrx_word' id='word_1_140' title='bbox 932 1671 980 1756; x_wconf 50' lang='lat' dir='ltr'><em>,in</em></span> <span class='ocrx_word' id='word_1_141' title='bbox 1008 1671 1131 1751; x_wconf 87' lang='lat' dir='ltr'><em>primis,</em></span> <span class='ocrx_word' id='word_1_142' title='bbox 1161 1670 1239 1750; x_wconf 88' lang='lat' dir='ltr'><em>quod</em></span> <span class='ocrx_word' id='word_1_143' title='bbox 1264 1664 1327 1731; x_wconf 75' lang='lat' dir='ltr'><em>verit</em></span> 
     </span>
     <span class='ocr_line' id='line_1_17' title="bbox 120 1766 1326 1852; baseline 0.002 -29"><span class='ocrx_word' id='word_1_144' title='bbox 120 1766 181 1843; x_wconf 76' lang='lat' dir='ltr'><em>jam</em></span> <span class='ocrx_word' id='word_1_145' title='bbox 200 1767 388 1847; x_wconf 84' lang='lat' dir='ltr'><em>significavi</em></span> <span class='ocrx_word' id='word_1_146' title='bbox 380 1793 413 1829; x_wconf 90' lang='grc' dir='ltr'><em>ιιι</em></span> <span class='ocrx_word' id='word_1_147' title='bbox 432 1770 647 1852; x_wconf 89' lang='lat' dir='ltr'><em>superioribus,</em></span> <span class='ocrx_word' id='word_1_148' title='bbox 658 1783 689 1829; x_wconf 92' lang='lat' dir='ltr'><em>ut</em></span> <span class='ocrx_word' id='word_1_149' title='bbox 708 1769 928 1831; x_wconf 87' lang='lat' dir='ltr'><em>discernendo</em></span> <span class='ocrx_word' id='word_1_150' title='bbox 921 1770 1076 1849; x_wconf 80' lang='lat' dir='ltr'><em>investiget</em></span> <span class='ocrx_word' id='word_1_151' title='bbox 1092 1782 1119 1828; x_wconf 92' lang='lat' dir='ltr'><em>et</em></span> <span class='ocrx_word' id='word_1_152' title='bbox 1133 1770 1215 1849; x_wconf 84' lang='lat' dir='ltr'>quasi</span> <span class='ocrx_word' id='word_1_153' title='bbox 1230 1773 1326 1837; x_wconf 59' lang='lat' dir='ltr'><em>oesdtt</em></span> 
     </span>
     <span class='ocr_line' id='line_1_18' title="bbox 125 1866 1328 1949; baseline 0.001 -27"><span class='ocrx_word' id='word_1_154' title='bbox 125 1866 282 1927; x_wconf 86' lang='lat' dir='ltr'><em>veritatem.</em></span> <span class='ocrx_word' id='word_1_155' title='bbox 304 1866 356 1949; x_wconf 79' lang='lat' dir='ltr'><em>lt)</em></span> <span class='ocrx_word' id='word_1_156' title='bbox 370 1869 432 1930; x_wconf 90' lang='lat' dir='ltr'><em>Hoc</em></span> <span class='ocrx_word' id='word_1_157' title='bbox 461 1891 607 1931; x_wconf 85' lang='lat' dir='ltr'><em>veronen</em></span> <span class='ocrx_word' id='word_1_158' title='bbox 630 1872 699 1929; x_wconf 86' lang='lat' dir='ltr'><em>satis</em></span> <span class='ocrx_word' id='word_1_159' title='bbox 717 1870 803 1931; x_wconf 86' lang='lat' dir='ltr'><em>video</em></span> <span class='ocrx_word' id='word_1_160' title='bbox 823 1868 992 1928; x_wconf 88' lang='lat' dir='ltr'><em>dialecticos</em></span> <span class='ocrx_word' id='word_1_161' title='bbox 1012 1868 1188 1927; x_wconf 79' lang='lat' dir='ltr'><em>recentiores</em></span> <span class='ocrx_word' id='word_1_162' title='bbox 1206 1877 1328 1947; x_wconf 74' lang='lat' dir='ltr'><em>spectent·</em></span> 
     </span>
     <span class='ocr_line' id='line_1_19' title="bbox 125 1942 1326 2048; baseline 0 -28"><span class='ocrx_word' id='word_1_163' title='bbox 125 1977 193 2039; x_wconf 90' lang='lat' dir='ltr'><em>aut,</em></span> <span class='ocrx_word' id='word_1_164' title='bbox 213 1966 237 2025; x_wconf 92' lang='lat' dir='ltr'><em>si</em></span> <span class='ocrx_word' id='word_1_165' title='bbox 256 1966 303 2027; x_wconf 82' lang='lat' dir='ltr'><em>vel</em></span> <span class='ocrx_word' id='word_1_166' title='bbox 322 1970 446 2027; x_wconf 84' lang='lat' dir='ltr'><em>maxime</em></span> <span class='ocrx_word' id='word_1_167' title='bbox 463 1980 613 2048; x_wconf 88' lang='lat' dir='ltr'><em>spectant,</em></span> <span class='ocrx_word' id='word_1_168' title='bbox 634 1967 722 2027; x_wconf 83' lang='lat' dir='ltr'><em>latere</em></span> <span class='ocrx_word' id='word_1_169' title='bbox 742 1981 838 2027; x_wconf 90' lang='lat' dir='ltr'><em>tamen</em></span> <span class='ocrx_word' id='word_1_170' title='bbox 856 1988 903 2026; x_wconf 88' lang='lat' dir='ltr'><em>eos</em></span> <span class='ocrx_word' id='word_1_171' title='bbox 922 1967 1068 2047; x_wconf 88' lang='lat' dir='ltr'><em>suspicor,</em></span> <span class='ocrx_word' id='word_1_172' title='bbox 1085 1963 1165 2044; x_wconf 90' lang='lat' dir='ltr'><em>quod</em></span> <span class='ocrx_word' id='word_1_173' title='bbox 1185 1952 1251 2024; x_wconf 78' lang='lat' dir='ltr'><em>dau</em></span> <span class='ocrx_word' id='word_1_174' title='bbox 1267 1942 1326 2043; x_wconf 61' lang='lat' dir='ltr'><em>affl</em></span> 
     </span>
     <span class='ocr_line' id='line_1_20' title="bbox 123 2010 1327 2147; baseline -0.003 -28"><span class='ocrx_word' id='word_1_175' title='bbox 123 2010 266 2143; x_wconf 78' lang='lat' dir='ltr'><em>explicuit</em></span> <span class='ocrx_word' id='word_1_176' title='bbox 284 2066 384 2141; x_wconf 91' lang='lat' dir='ltr'><em>Plato,</em></span> <span class='ocrx_word' id='word_1_177' title='bbox 405 2080 491 2125; x_wconf 87' lang='lat' dir='ltr'><em>totam</em></span> <span class='ocrx_word' id='word_1_178' title='bbox 507 2066 583 2126; x_wconf 83' lang='lat' dir='ltr'><em>hanc</em></span> <span class='ocrx_word' id='word_1_179' title='bbox 602 2065 786 2147; x_wconf 86' lang='lat' dir='ltr'><em>disciplinam</em></span> <span class='ocrx_word' id='word_1_180' title='bbox 811 2065 849 2124; x_wconf 91' lang='lat' dir='ltr'><em>ad</em></span> <span class='ocrx_word' id='word_1_181' title='bbox 872 2065 1135 2123; x_wconf 84' lang='lat' dir='ltr'><em>inveniendum</em></span> <span class='ocrx_word' id='word_1_182' title='bbox 1156 2061 1251 2123; x_wconf 82' lang='lat' dir='ltr'><em>valere</em></span> <span class='ocrx_word' id='word_1_183' title='bbox 1264 2056 1327 2140; x_wconf 78' lang='lat' dir='ltr'><em>potis·</em></span> 
     </span>
     <span class='ocr_line' id='line_1_21' title="bbox 124 2154 1329 2245; baseline -0.005 -26"><span class='ocrx_word' id='word_1_184' title='bbox 124 2163 236 2222; x_wconf 82' lang='lat' dir='ltr'><em>simum.</em></span> <span class='ocrx_word' id='word_1_185' title='bbox 288 2165 367 2225; x_wconf 88' lang='lat' dir='ltr'><em>Patet</em></span> <span class='ocrx_word' id='word_1_186' title='bbox 385 2164 440 2225; x_wconf 92' lang='lat' dir='ltr'><em>hoc</em></span> <span class='ocrx_word' id='word_1_187' title='bbox 465 2164 570 2239; x_wconf 87' lang='lat' dir='ltr'><em>facile,</em></span> <span class='ocrx_word' id='word_1_188' title='bbox 602 2178 635 2227; x_wconf 91' lang='lat' dir='ltr'><em>ut</em></span> <span class='ocrx_word' id='word_1_189' title='bbox 661 2165 765 2245; x_wconf 87' lang='lat' dir='ltr'><em>partim</em></span> <span class='ocrx_word' id='word_1_190' title='bbox 782 2166 842 2243; x_wconf 87' lang='lat' dir='ltr'><em>jam</em></span> <span class='ocrx_word' id='word_1_191' title='bbox 870 2162 1130 2223; x_wconf 83' lang='lat' dir='ltr'><em>animadvertimus</em></span> <span class='ocrx_word' id='word_1_192' title='bbox 1147 2181 1214 2220; x_wconf 90' lang='lat' dir='ltr'><em>cum</em></span> <span class='ocrx_word' id='word_1_193' title='bbox 1233 2180 1267 2218; x_wconf 85' lang='lat' dir='ltr'><em>ex</em></span> <span class='ocrx_word' id='word_1_194' title='bbox 1284 2154 1329 2216; x_wconf 83' lang='lat' dir='ltr'><em>aliis</em></span> 
     </span>
     <span class='ocr_line' id='line_1_22' title="bbox 123 2246 1328 2353; baseline 0.001 -36"><span class='ocrx_word' id='word_1_195' title='bbox 123 2252 186 2337; x_wconf 63' lang='lat' dir='ltr'><em>ej&#39;us</em></span> <span class='ocrx_word' id='word_1_196' title='bbox 211 2261 333 2341; x_wconf 84' lang='lat' dir='ltr'><em>dialogis</em></span> <span class='ocrx_word' id='word_1_197' title='bbox 353 2276 413 2320; x_wconf 89' lang='lat' dir='ltr'><em>tum</em></span> <span class='ocrx_word' id='word_1_198' title='bbox 443 2283 458 2320; x_wconf 93' lang='lat' dir='ltr'><em>e</em></span> <span class='ocrx_word' id='word_1_199' title='bbox 487 2262 628 2339; x_wconf 75' lang='lat' dir='ltr'><em>Sophiste</em></span> <span class='ocrx_word' id='word_1_200' title='bbox 658 2277 686 2321; x_wconf 86' lang='lat' dir='ltr'><em>et</em></span> <span class='ocrx_word' id='word_1_201' title='bbox 713 2262 844 2322; x_wconf 80' lang='lat' dir='ltr'><em>Politice</em></span> <span class='ocrx_word' id='word_1_202' title='bbox 853 2284 868 2332; x_wconf 83' lang='lat'><em>;</em></span> <span class='ocrx_word' id='word_1_203' title='bbox 890 2261 941 2322; x_wconf 89' lang='lat' dir='ltr'><em>sed</em></span> <span class='ocrx_word' id='word_1_204' title='bbox 961 2261 1110 2319; x_wconf 78' lang='lat' dir='ltr'><em>Philebus</em></span> <span class='ocrx_word' id='word_1_205' title='bbox 1137 2246 1328 2353; x_wconf 57' lang='lat' dir='ltr'><em>Platonipusll</em></span> 
     </span>
     <span class='ocr_line' id='line_1_23' title="bbox 126 2358 563 2437; baseline 0.014 -23"><span class='ocrx_word' id='word_1_206' title='bbox 126 2378 178 2416; x_wconf 90' lang='lat' dir='ltr'><em>nos</em></span> <span class='ocrx_word' id='word_1_207' title='bbox 196 2358 312 2437; x_wconf 84' lang='lat' dir='ltr'><em>plenius</em></span> <span class='ocrx_word' id='word_1_208' title='bbox 331 2361 417 2417; x_wconf 86' lang='lat' dir='ltr'><em>etiam</em></span> <span class='ocrx_word' id='word_1_209' title='bbox 438 2359 563 2420; x_wconf 86' lang='lat' dir='ltr'><em>docebit.</em></span> 
     </span>
    </p>

    <p class='ocr_par' dir='ltr' id='par_1_4' title="bbox 123 2456 1351 2739">
     <span class='ocr_line' id='line_1_24' title="bbox 155 2456 1327 2540; baseline -0.004 -26"><span class='ocrx_word' id='word_1_210' title='bbox 155 2456 266 2515; x_wconf 72' lang='lat' dir='ltr'><em>Omnis</em></span> <span class='ocrx_word' id='word_1_211' title='bbox 283 2457 315 2516; x_wconf 90' lang='lat' dir='ltr'><em>in</em></span> <span class='ocrx_word' id='word_1_212' title='bbox 333 2458 380 2517; x_wconf 90' lang='lat' dir='ltr'><em>bis</em></span> <span class='ocrx_word' id='word_1_213' title='bbox 399 2458 521 2539; x_wconf 82' lang='lat' dir='ltr'><em>singulis</em></span> <span class='ocrx_word' id='word_1_214' title='bbox 539 2459 663 2540; x_wconf 82' lang='lat' dir='ltr'><em>dialogis</em></span> <span class='ocrx_word' id='word_1_215' title='bbox 681 2458 846 2539; x_wconf 87' lang='lat' dir='ltr'><em>disquisitio</em></span> <span class='ocrx_word' id='word_1_216' title='bbox 867 2479 897 2517; x_wconf 89' lang='lat' dir='ltr'><em>re</em></span> <span class='ocrx_word' id='word_1_217' title='bbox 915 2460 982 2520; x_wconf 72' lang='lat' dir='ltr'><em>veri</em></span> <span class='ocrx_word' id='word_1_218' title='bbox 1013 2459 1274 2534; x_wconf 84' lang='lat' dir='ltr'><em>disquisitio</em></span> <span class='ocrx_word' id='word_1_219' title='bbox 1293 2460 1327 2509; x_wconf 79' lang='lat' dir='ltr'><em>set</em></span> 
     </span>
     <span class='ocr_line' id='line_1_25' title="bbox 124 2548 1328 2638; baseline -0.001 -26"><span class='ocrx_word' id='word_1_220' title='bbox 124 2553 190 2613; x_wconf 91' lang='lat' dir='ltr'><em>Non</em></span> <span class='ocrx_word' id='word_1_221' title='bbox 209 2554 438 2633; x_wconf 89' lang='lat' dir='ltr'><em>demonstratur,</em></span> <span class='ocrx_word' id='word_1_222' title='bbox 458 2557 509 2617; x_wconf 92' lang='lat' dir='ltr'><em>sed</em></span> <span class='ocrx_word' id='word_1_223' title='bbox 533 2561 698 2638; x_wconf 87' lang='lat' dir='ltr'><em>quaeritur,</em></span> <span class='ocrx_word' id='word_1_224' title='bbox 727 2558 918 2638; x_wconf 85' lang='lat' dir='ltr'><em>disquiritur,</em></span> <span class='ocrx_word' id='word_1_225' title='bbox 938 2557 1101 2619; x_wconf 87' lang='lat' dir='ltr'><em>invenitur.</em></span> <span class='ocrx_word' id='word_1_226' title='bbox 1154 2552 1209 2613; x_wconf 93' lang='lat' dir='ltr'><em>llla</em></span> <span class='ocrx_word' id='word_1_227' title='bbox 1228 2548 1328 2633; x_wconf 75' lang='lat' dir='ltr'><em>vulgaris</em></span> 
     </span>
     <span class='ocr_line' id='line_1_26' title="bbox 123 2640 1351 2739; baseline 0.001 -29"><span class='ocrx_word' id='word_1_228' title='bbox 123 2665 166 2711; x_wconf 89' lang='lat' dir='ltr'><em>est</em></span> <span class='ocrx_word' id='word_1_229' title='bbox 186 2651 370 2731; x_wconf 86' lang='lat' dir='ltr'><em>dialecticae,</em></span> <span class='ocrx_word' id='word_1_230' title='bbox 390 2656 467 2719; x_wconf 86' lang='lat' dir='ltr'><em>haec¹</em></span> <span class='ocrx_word' id='word_1_231' title='bbox 475 2657 658 2733; x_wconf 88' lang='lat' dir='ltr'><em>Platonicae,</em></span> <span class='ocrx_word' id='word_1_232' title='bbox 678 2659 751 2717; x_wconf 89' lang='lat' dir='ltr'><em>ratio</em></span> <span class='ocrx_word' id='word_1_233' title='bbox 769 2659 896 2739; x_wconf 75' lang='lat' dir='ltr'><em>propria.</em></span> <span class='ocrx_word' id='word_1_234' title='bbox 918 2657 1027 2715; x_wconf 91' lang='lat' dir='ltr'><em>Iccirco</em></span> <span class='ocrx_word' id='word_1_235' title='bbox 1045 2652 1175 2735; x_wconf 81' lang='lat' dir='ltr'><em>rogando</em></span> <span class='ocrx_word' id='word_1_236' title='bbox 1193 2668 1221 2713; x_wconf 88' lang='lat' dir='ltr'><em>et</em></span> <span class='ocrx_word' id='word_1_237' title='bbox 1240 2640 1351 2731; x_wconf 80' lang='lat' dir='ltr'><em>resptt&#39;</em></span> 
     </span>
    </p>

    <p class='ocr_par' dir='ltr' id='par_1_5' title="bbox 80 2748 1368 3139">
     <span class='ocr_line' id='line_1_27' title="bbox 80 2748 1328 2837; baseline -0.003 -28"><span class='ocrx_word' id='word_1_238' title='bbox 80 2764 84 2769; x_wconf 88' lang='lat'>&#39;</span> <span class='ocrx_word' id='word_1_239' title='bbox 118 2751 221 2812; x_wconf 89' lang='lat' dir='ltr'><em>dendo</em></span> <span class='ocrx_word' id='word_1_240' title='bbox 240 2754 448 2837; x_wconf 82' lang='lat' dir='ltr'><em>disputationes</em></span> <span class='ocrx_word' id='word_1_241' title='bbox 466 2755 535 2815; x_wconf 89' lang='lat' dir='ltr'><em>illae</em></span> <span class='ocrx_word' id='word_1_242' title='bbox 552 2757 730 2837; x_wconf 88' lang='lat' dir='ltr'><em>procedunt:</em></span> <span class='ocrx_word' id='word_1_243' title='bbox 747 2756 825 2834; x_wconf 91' lang='lat' dir='ltr'><em>quod</em></span> <span class='ocrx_word' id='word_1_244' title='bbox 842 2777 925 2817; x_wconf 85' lang='lat' dir='ltr'><em>verae</em></span> <span class='ocrx_word' id='word_1_245' title='bbox 946 2754 1117 2814; x_wconf 88' lang='lat' dir='ltr'><em>dialecticae</em></span> <span class='ocrx_word' id='word_1_246' title='bbox 1141 2751 1246 2812; x_wconf 88' lang='lat' dir='ltr'><em>tribuit</em></span> <span class='ocrx_word' id='word_1_247' title='bbox 1263 2748 1328 2809; x_wconf 75' lang='lat' dir='ltr'><em>tun</em></span> 
     </span>
     <span class='ocr_line' id='line_1_28' title="bbox 127 2840 1328 2935; baseline -0.004 -24"><span class='ocrx_word' id='word_1_248' title='bbox 127 2852 257 2912; x_wconf 79' lang='lat' dir='ltr'><em>«Non</em></span> <span class='ocrx_word' id='word_1_249' title='bbox 236 2874 329 2928; x_wconf 80' lang='lat' dir='ltr'><em>sines,</em></span> <span class='ocrx_word' id='word_1_250' title='bbox 349 2855 390 2913; x_wconf 89' lang='lat' dir='ltr'><em>ait</em></span> <span class='ocrx_word' id='word_1_251' title='bbox 409 2853 487 2935; x_wconf 87' lang='lat' dir='ltr'><em>apud</em></span> <span class='ocrx_word' id='word_1_252' title='bbox 506 2875 570 2913; x_wconf 90' lang='lat' dir='ltr'><em>eum</em></span> <span class='ocrx_word' id='word_1_253' title='bbox 588 2855 737 2929; x_wconf 87' lang='lat' dir='ltr'><em>Socrates,</em></span> <span class='ocrx_word' id='word_1_254' title='bbox 758 2855 962 2934; x_wconf 84' lang='lat' dir='ltr'><em>gubernatores</em></span> <span class='ocrx_word' id='word_1_255' title='bbox 983 2867 1094 2912; x_wconf 90' lang='lat' dir='ltr'><em>nostros</em></span> <span class='ocrx_word' id='word_1_256' title='bbox 1123 2843 1248 2930; x_wconf 79' lang='grc' dir='ltr'><em>ἀλόγους</em></span> <span class='ocrx_word' id='word_1_257' title='bbox 1267 2840 1328 2917; x_wconf 71' lang='lat' dir='ltr'><em>elsa,</em></span> 
     </span>
     <span class='ocr_line' id='line_1_29' title="bbox 123 2940 1368 3035; baseline 0.005 -26"><span class='ocrx_word' id='word_1_258' title='bbox 123 2942 223 3034; x_wconf 75' lang='grc' dir='ltr'><em>ὥσπερ</em></span> <span class='ocrx_word' id='word_1_259' title='bbox 252 2947 402 3034; x_wconf 73' lang='grc' dir='ltr'><em>γραμμάς.</em></span> <span class='ocrx_word' id='word_1_260' title='bbox 449 2948 676 3035; x_wconf 70' lang='grc' dir='ltr'><strong><em>Νομοθιιήσιις</em></strong></span> <span class='ocrx_word' id='word_1_261' title='bbox 706 2948 747 3034; x_wconf 74' lang='grc'><em>11</em></span> <span class='ocrx_word' id='word_1_262' title='bbox 778 2948 878 3027; x_wconf 86' lang='grc' dir='ltr'><strong><em>ιιυίοἴς</em></strong></span> <span class='ocrx_word' id='word_1_263' title='bbox 908 2975 1020 3033; x_wconf 73' lang='grc' dir='ltr'><em>ταυτης</em></span> <span class='ocrx_word' id='word_1_264' title='bbox 1048 2944 1182 3029; x_wconf 83' lang='grc' dir='ltr'><strong><em>μάλιστα</em></strong></span> <span class='ocrx_word' id='word_1_265' title='bbox 1206 2953 1260 3034; x_wconf 73' lang='grc' dir='ltr'><em>τῆς</em></span> <span class='ocrx_word' id='word_1_266' title='bbox 1281 2970 1329 3011; x_wconf 76' lang='grc' dir='ltr'><strong><em>ιιι·</em></strong></span> <span class='ocrx_word' id='word_1_267' title='bbox 1363 2940 1368 3015; x_wconf 92' lang='grc'><em>1</em></span> 
     </span>
     <span class='ocr_line' id='line_1_30' title="bbox 121 3028 1368 3140; baseline 0.001 -28"><span class='ocrx_word' id='word_1_268' title='bbox 121 3051 204 3127; x_wconf 66' lang='lat' dir='ltr'><em>delae</em></span> <span class='ocrx_word' id='word_1_269' title='bbox 231 3049 331 3117; x_wconf 87' lang='grc' dir='ltr'><strong><em>ανιιλα</em></strong></span> <span class='ocrx_word' id='word_1_270' title='bbox 330 3048 561 3134; x_wconf 67' lang='lat' dir='ltr'><em>edereedere</em></span> <span class='ocrx_word' id='word_1_271' title='bbox 588 3047 626 3139; x_wconf 77' lang='grc' dir='ltr'><em>ἧς</em></span> <span class='ocrx_word' id='word_1_272' title='bbox 652 3055 769 3140; x_wconf 78' lang='grc' dir='ltr'><strong><em>ἐρωτᾶν</em></strong></span> <span class='ocrx_word' id='word_1_273' title='bbox 795 3078 825 3117; x_wconf 79' lang='grc' dir='ltr'><em>ιι</em></span> <span class='ocrx_word' id='word_1_274' title='bbox 853 3053 901 3115; x_wconf 82' lang='grc' dir='ltr'><em>καὶ</em></span> <span class='ocrx_word' id='word_1_275' title='bbox 924 3050 1137 3137; x_wconf 72' lang='grc' dir='ltr'><strong><em>ἀποκρίνεσθαι</em></strong></span> <span class='ocrx_word' id='word_1_276' title='bbox 1160 3028 1368 3137; x_wconf 67' lang='grc' dir='ltr'><strong><em>ἐπισιημιιὲ-</em></strong></span> 
     </span>
    </p>

    <p class='ocr_par' dir='ltr' id='par_1_6' title="bbox 85 3149 1328 3841">
     <span class='ocr_line' id='line_1_31' title="bbox 85 3149 1328 3242; baseline -0.003 -26"><span class='ocrx_word' id='word_1_277' title='bbox 85 3158 90 3175; x_wconf 87' lang='grc'><em>’</em></span> <span class='ocrx_word' id='word_1_278' title='bbox 121 3174 218 3217; x_wconf 83' lang='grc' dir='ltr'><strong><em>σιιιιιι</em></strong></span> <span class='ocrx_word' id='word_1_279' title='bbox 239 3149 296 3217; x_wconf 82' lang='grc' dir='ltr'><em>οἶοί</em></span> <span class='ocrx_word' id='word_1_280' title='bbox 315 3180 333 3218; x_wconf 85' lang='grc' dir='ltr'><em>ι</em></span> <span class='ocrx_word' id='word_1_281' title='bbox 361 3154 487 3219; x_wconf 76' lang='grc' dir='ltr'><strong><em>ἔσονται·</em></strong></span> <span class='ocrx_word' id='word_1_282' title='bbox 511 3165 573 3242; x_wconf 85' lang='lat' dir='ltr'><em>lege</em></span> <span class='ocrx_word' id='word_1_283' title='bbox 591 3168 694 3242; x_wconf 78' lang='lat' dir='ltr'><em>igitur</em></span> <span class='ocrx_word' id='word_1_284' title='bbox 709 3166 878 3238; x_wconf 81' lang='lat' dir='ltr'><em>praecipies</em></span> <span class='ocrx_word' id='word_1_285' title='bbox 897 3161 982 3234; x_wconf 89' lang='lat' dir='ltr'><em>illis,</em></span> <span class='ocrx_word' id='word_1_286' title='bbox 1005 3169 1041 3216; x_wconf 95' lang='lat' dir='ltr'><em>ut</em></span> <span class='ocrx_word' id='word_1_287' title='bbox 1062 3165 1097 3217; x_wconf 89' lang='lat' dir='ltr'><em>in</em></span> <span class='ocrx_word' id='word_1_288' title='bbox 1125 3158 1214 3217; x_wconf 87' lang='lat' dir='ltr'><em>illam</em></span> <span class='ocrx_word' id='word_1_289' title='bbox 1227 3157 1328 3239; x_wconf 79' lang='lat' dir='ltr'><em>potissi·</em></span> 
     </span>
     <span class='ocr_line' id='line_1_32' title="bbox 125 3240 1326 3345; baseline -0.003 -30"><span class='ocrx_word' id='word_1_290' title='bbox 125 3281 206 3318; x_wconf 88' lang='grc' dir='ltr'><strong><em>ιιιιιιιι</em></strong></span> <span class='ocrx_word' id='word_1_291' title='bbox 233 3262 425 3338; x_wconf 88' lang='lat' dir='ltr'><em>disciplinam</em></span> <span class='ocrx_word' id='word_1_292' title='bbox 450 3262 645 3334; x_wconf 77' lang='lat' dir='ltr'><em>incumbant,</em></span> <span class='ocrx_word' id='word_1_293' title='bbox 671 3281 686 3317; x_wconf 89' lang='lat' dir='ltr'><em>e</em></span> <span class='ocrx_word' id='word_1_294' title='bbox 714 3240 772 3336; x_wconf 82' lang='lat' dir='ltr'><em>qud</em></span> <span class='ocrx_word' id='word_1_295' title='bbox 793 3265 924 3316; x_wconf 80' lang='lat' dir='ltr'><em>manime</em></span> <span class='ocrx_word' id='word_1_296' title='bbox 943 3258 1159 3336; x_wconf 82' lang='lat' dir='ltr'><em>interrogandi</em></span> <span class='ocrx_word' id='word_1_297' title='bbox 1178 3254 1326 3345; x_wconf 76' lang='lat' dir='ltr'><em>responder</em></span> 
     </span>
     <span class='ocr_line' id='line_1_33' title="bbox 120 3348 1324 3439; baseline -0.007 -22"><span class='ocrx_word' id='word_1_298' title='bbox 120 3360 212 3437; x_wconf 80' lang='lat' dir='ltr'><em>deque</em></span> <span class='ocrx_word' id='word_1_299' title='bbox 220 3360 408 3434; x_wconf 78' lang='lat' dir='ltr'><em>faculatem</em></span> <span class='ocrx_word' id='word_1_300' title='bbox 429 3382 464 3417; x_wconf 89' lang='lat' dir='ltr'><em>ac</em></span> <span class='ocrx_word' id='word_1_301' title='bbox 480 3366 630 3439; x_wconf 85' lang='lat' dir='ltr'><em>peritiam</em></span> <span class='ocrx_word' id='word_1_302' title='bbox 647 3366 879 3437; x_wconf 81' lang='lat' dir='ltr'><em>consequantur.</em></span> <span class='ocrx_word' id='word_1_303' title='bbox 892 3380 906 3412; x_wconf 91' lang='grc' dir='ltr'><em>ιι</em></span> <span class='ocrx_word' id='word_1_304' title='bbox 938 3355 970 3436; x_wconf 84' lang='grc'><em>5)</em></span> <span class='ocrx_word' id='word_1_305' title='bbox 1004 3348 1181 3435; x_wconf 70' lang='grc' dir='ltr'><strong><em>Ἀδολισχίιι</em></strong></span> <span class='ocrx_word' id='word_1_306' title='bbox 1200 3348 1324 3419; x_wconf 75' lang='lat' dir='ltr'><em>aeonius</em></span> 
     </span>
     <span class='ocr_line' id='line_1_34' title="bbox 123 3444 1325 3538; baseline -0.005 -21"><span class='ocrx_word' id='word_1_307' title='bbox 123 3457 193 3517; x_wconf 87' lang='lat' dir='ltr'><em>baec</em></span> <span class='ocrx_word' id='word_1_308' title='bbox 222 3457 345 3518; x_wconf 87' lang='lat' dir='ltr'><em>Socratis</em></span> <span class='ocrx_word' id='word_1_309' title='bbox 372 3456 569 3538; x_wconf 81' lang='lat' dir='ltr'><em>interrogandi</em></span> <span class='ocrx_word' id='word_1_310' title='bbox 595 3478 626 3515; x_wconf 91' lang='lat' dir='ltr'><em>ac</em></span> <span class='ocrx_word' id='word_1_311' title='bbox 653 3454 866 3517; x_wconf 89' lang='lat' dir='ltr'><em>sermocinandi</em></span> <span class='ocrx_word' id='word_1_312' title='bbox 894 3459 1073 3517; x_wconf 84' lang='lat' dir='ltr'><em>consuetudo</em></span> <span class='ocrx_word' id='word_1_313' title='bbox 1102 3458 1287 3517; x_wconf 88' lang='lat' dir='ltr'><em>dicebatur..</em></span> <span class='ocrx_word' id='word_1_314' title='bbox 1294 3444 1325 3505; x_wconf 63' lang='lat' dir='ltr'><em>Sit</em></span> 
     </span>
     <span class='ocr_line' id='line_1_35' title="bbox 123 3546 1325 3637; baseline -0.001 -23"><span class='ocrx_word' id='word_1_315' title='bbox 123 3570 218 3615; x_wconf 88' lang='lat' dir='ltr'><em>autem</em></span> <span class='ocrx_word' id='word_1_316' title='bbox 247 3555 446 3616; x_wconf 88' lang='lat' dir='ltr'><em>Parmenidcm</em></span> <span class='ocrx_word' id='word_1_317' title='bbox 476 3556 558 3616; x_wconf 88' lang='lat' dir='ltr'><em>Plato</em></span> <span class='ocrx_word' id='word_1_318' title='bbox 586 3556 639 3614; x_wconf 90' lang='lat' dir='ltr'><em>hae</em></span> <span class='ocrx_word' id='word_1_319' title='bbox 660 3554 696 3613; x_wconf 88' lang='lat' dir='ltr'><em>de</em></span> <span class='ocrx_word' id='word_1_320' title='bbox 717 3576 746 3613; x_wconf 88' lang='lat' dir='ltr'><em>re</em></span> <span class='ocrx_word' id='word_1_321' title='bbox 768 3554 904 3612; x_wconf 88' lang='lat' dir='ltr'><em>Socrati</em></span> <span class='ocrx_word' id='word_1_322' title='bbox 894 3557 997 3633; x_wconf 84' lang='lat' dir='ltr'><em>Juvcni</em></span> <span class='ocrx_word' id='word_1_323' title='bbox 1015 3557 1244 3637; x_wconf 85' lang='lat' dir='ltr'><em>praecipientem</em></span> <span class='ocrx_word' id='word_1_324' title='bbox 1260 3546 1325 3613; x_wconf 68' lang='lat' dir='ltr'><em>facti&gt;</em></span> 
     </span>
     <span class='ocr_line' id='line_1_36' title="bbox 125 3632 1325 3739; baseline -0.003 -25"><span class='ocrx_word' id='word_1_325' title='bbox 125 3656 270 3717; x_wconf 86' lang='lat' dir='ltr'><em>utdicat:</em></span> <span class='ocrx_word' id='word_1_326' title='bbox 291 3651 366 3737; x_wconf 74' lang='grc' dir='ltr'><em>καλη</em></span> <span class='ocrx_word' id='word_1_327' title='bbox 387 3652 444 3734; x_wconf 75' lang='grc' dir='ltr'><em>μὲν</em></span> <span class='ocrx_word' id='word_1_328' title='bbox 465 3648 586 3717; x_wconf 78' lang='grc' dir='ltr'><em>οὖνκαὶ</em></span> <span class='ocrx_word' id='word_1_329' title='bbox 607 3652 693 3728; x_wconf 72' lang='grc' dir='ltr'><strong><em>θεία,</em></strong></span> <span class='ocrx_word' id='word_1_330' title='bbox 716 3638 854 3727; x_wconf 73' lang='lat' dir='ltr'><em>sdiadt,</em></span> <span class='ocrx_word' id='word_1_331' title='bbox 876 3646 1197 3739; x_wconf 78' lang='grc' dir='ltr'><strong><em>η’ὁρμι1,ι1νορμας</em></strong></span> <span class='ocrx_word' id='word_1_332' title='bbox 1218 3632 1325 3712; x_wconf 74' lang='lat' dir='ltr'><em>inittli</em></span> 
     </span>
     <span class='ocr_line' id='line_1_37' title="bbox 123 3740 1324 3841; baseline -0.001 -27"><span class='ocrx_word' id='word_1_333' title='bbox 123 3748 240 3836; x_wconf 81' lang='grc' dir='ltr'><em>λόγους</em></span> <span class='ocrx_word' id='word_1_334' title='bbox 272 3754 393 3821; x_wconf 76' lang='grc' dir='ltr'><em>ἕλκυσον</em></span> <span class='ocrx_word' id='word_1_335' title='bbox 427 3755 462 3820; x_wconf 72' lang='grc' dir='ltr'><em>δὲ</em></span> <span class='ocrx_word' id='word_1_336' title='bbox 494 3780 601 3820; x_wconf 86' lang='grc' dir='ltr'><strong><em>σουιον</em></strong></span> <span class='ocrx_word' id='word_1_337' title='bbox 634 3757 683 3818; x_wconf 78' lang='grc' dir='ltr'><em>καὶ</em></span> <span class='ocrx_word' id='word_1_338' title='bbox 714 3750 909 3839; x_wconf 72' lang='grc' dir='ltr'><strong><em>γύμνασονι</em></strong></span> <span class='ocrx_word' id='word_1_339' title='bbox 896 3754 1009 3833; x_wconf 82' lang='grc' dir='ltr'><em>μᾶλλον</em></span> <span class='ocrx_word' id='word_1_340' title='bbox 1043 3749 1094 3818; x_wconf 65' lang='lat' dir='ltr'><em>tii</em></span> <span class='ocrx_word' id='word_1_341' title='bbox 1123 3757 1180 3841; x_wconf 72' lang='grc' dir='ltr'><em>τῆς</em></span> <span class='ocrx_word' id='word_1_342' title='bbox 1209 3740 1324 3823; x_wconf 70' lang='lat' dir='ltr'><em>tumn</em></span> 
     </span>
    </p>
   </div>
   <div class='ocr_carea' id='block_1_4' title="bbox 123 3838 1321 3943">
    <p class='ocr_par' dir='ltr' id='par_1_7' title="bbox 123 3838 1321 3943">
     <span class='ocr_line' id='line_1_38' title="bbox 123 3838 1321 3943; baseline 0 -24"><span class='ocrx_word' id='word_1_343' title='bbox 123 3853 277 3942; x_wconf 71' lang='grc' dir='ltr'><em>ἀχρήστου</em></span> <span class='ocrx_word' id='word_1_344' title='bbox 306 3854 377 3923; x_wconf 79' lang='lat' dir='ltr'><em>eloai</em></span> <span class='ocrx_word' id='word_1_345' title='bbox 401 3860 450 3923; x_wconf 86' lang='lat' dir='ltr'><em>nal</em></span> <span class='ocrx_word' id='word_1_346' title='bbox 479 3855 662 3942; x_wconf 75' lang='grc' dir='ltr'><em>καλουμένης</em></span> <span class='ocrx_word' id='word_1_347' title='bbox 684 3853 744 3921; x_wconf 76' lang='lat' dir='ltr'><em>ini</em></span> <span class='ocrx_word' id='word_1_348' title='bbox 771 3858 832 3921; x_wconf 77' lang='grc' dir='ltr'><em>τῶν</em></span> <span class='ocrx_word' id='word_1_349' title='bbox 860 3861 976 3923; x_wconf 80' lang='grc' dir='ltr'><em>πολλῶν</em></span> <span class='ocrx_word' id='word_1_350' title='bbox 1005 3854 1199 3943; x_wconf 73' lang='grc' dir='ltr'><em>ἀδολεσχίας,</em></span> <span class='ocrx_word' id='word_1_351' title='bbox 1225 3853 1280 3941; x_wconf 76' lang='grc' dir='ltr'><em>ἕως</em></span> <span class='ocrx_word' id='word_1_352' title='bbox 1291 3838 1321 3907; x_wconf 63' lang='lat' dir='ltr'><em>lu</em></span> 
     </span>
    </p>
   </div>
   <div class='ocr_carea' id='block_1_5' title="bbox 131 4020 203 4031">
    <p class='ocr_par' dir='ltr' id='par_1_8' title="bbox 131 4020 203 4031">
     <span class='ocr_line' id='line_1_39' title="bbox 131 4020 203 4031; baseline 0.028 -2"><span class='ocrx_word' id='word_1_353' title='bbox 131 4020 203 4031; x_wconf 73' lang='lat'><em>——</em></span> 
     </span>
    </p>
   </div>
   <div class='ocr_carea' id='block_1_6' title="bbox 87 4050 863 4506">
    <p class='ocr_par' dir='ltr' id='par_1_9' title="bbox 87 4050 863 4506">
     <span class='ocr_line' id='line_1_40' title="bbox 159 4050 457 4157; baseline 0.017 -16"><span class='ocrx_word' id='word_1_354' title='bbox 159 4092 185 4157; x_wconf 83' lang='grc'><em>11</em></span> <span class='ocrx_word' id='word_1_355' title='bbox 204 4050 257 4147; x_wconf 74' lang='lat' dir='ltr'><em>cic.</em></span> <span class='ocrx_word' id='word_1_356' title='bbox 275 4097 355 4147; x_wconf 85' lang='lat' dir='ltr'><em>Bruto</em></span> <span class='ocrx_word' id='word_1_357' title='bbox 373 4113 395 4147; x_wconf 92' lang='lat' dir='ltr'><em>c.</em></span> <span class='ocrx_word' id='word_1_358' title='bbox 414 4094 457 4146; x_wconf 82' lang='lat'><em>88.</em></span> 
     </span>
     <span class='ocr_line' id='line_1_41' title="bbox 158 4176 863 4240; baseline -0.003 -10"><span class='ocrx_word' id='word_1_359' title='bbox 158 4176 184 4240; x_wconf 84' lang='grc'><em>21</em></span> <span class='ocrx_word' id='word_1_360' title='bbox 204 4178 239 4230; x_wconf 90' lang='lat' dir='ltr'><em>ld.</em></span> <span class='ocrx_word' id='word_1_361' title='bbox 259 4182 287 4231; x_wconf 91' lang='lat' dir='ltr'><em>de</em></span> <span class='ocrx_word' id='word_1_362' title='bbox 304 4180 397 4232; x_wconf 88' lang='lat' dir='ltr'><em>lnoent.</em></span> <span class='ocrx_word' id='word_1_363' title='bbox 416 4181 435 4231; x_wconf 87' lang='lat' dir='ltr'><em>l.</em></span> <span class='ocrx_word' id='word_1_364' title='bbox 455 4181 494 4232; x_wconf 73' lang='lat'><em>40.</em></span> <span class='ocrx_word' id='word_1_365' title='bbox 516 4190 539 4231; x_wconf 87' lang='lat' dir='ltr'><em>et</em></span> <span class='ocrx_word' id='word_1_366' title='bbox 559 4181 619 4231; x_wconf 89' lang='lat' dir='ltr'><em>Ern.</em></span> <span class='ocrx_word' id='word_1_367' title='bbox 638 4182 672 4232; x_wconf 85' lang='lat' dir='ltr'><em>od</em></span> <span class='ocrx_word' id='word_1_368' title='bbox 688 4182 793 4232; x_wconf 85' lang='lat' dir='ltr'><em>Brutum</em></span> <span class='ocrx_word' id='word_1_369' title='bbox 811 4180 827 4231; x_wconf 91' lang='lat' dir='ltr'><em>l.</em></span> <span class='ocrx_word' id='word_1_370' title='bbox 848 4181 863 4230; x_wconf 93' lang='lat' dir='ltr'><em>l.</em></span> 
     </span>
     <span class='ocr_line' id='line_1_42' title="bbox 159 4264 413 4327; baseline 0.012 -13"><span class='ocrx_word' id='word_1_371' title='bbox 159 4264 184 4327; x_wconf 87' lang='lat'><em>3)</em></span> <span class='ocrx_word' id='word_1_372' title='bbox 204 4264 239 4316; x_wconf 92' lang='lat' dir='ltr'><em>ld.</em></span> <span class='ocrx_word' id='word_1_373' title='bbox 259 4267 328 4317; x_wconf 85' lang='lat' dir='ltr'><em>Oret.</em></span> <span class='ocrx_word' id='word_1_374' title='bbox 349 4285 370 4318; x_wconf 90' lang='lat' dir='ltr'><em>c.</em></span> <span class='ocrx_word' id='word_1_375' title='bbox 390 4269 413 4317; x_wconf 79' lang='lat' dir='ltr'><em>l.</em></span> 
     </span>
     <span class='ocr_line' id='line_1_43' title="bbox 87 4349 399 4418; baseline -0.016 -11"><span class='ocrx_word' id='word_1_376' title='bbox 87 4402 90 4407; x_wconf 83' lang='lat'><em>.</em></span> <span class='ocrx_word' id='word_1_377' title='bbox 159 4349 184 4411; x_wconf 86' lang='grc' dir='ltr'><em>ι)</em></span> <span class='ocrx_word' id='word_1_378' title='bbox 204 4352 279 4403; x_wconf 78' lang='grc' dir='ltr'><strong><em>ιιι-ιιι</em></strong></span> <span class='ocrx_word' id='word_1_379' title='bbox 297 4369 321 4418; x_wconf 80' lang='lat' dir='ltr'><em>p.</em></span> <span class='ocrx_word' id='word_1_380' title='bbox 341 4351 399 4402; x_wconf 75' lang='grc' dir='ltr'><strong><em>ιιι.</em></strong></span> 
     </span>
     <span class='ocr_line' id='line_1_44' title="bbox 163 4434 514 4506; baseline 0.003 -20"><span class='ocrx_word' id='word_1_381' title='bbox 163 4434 187 4499; x_wconf 81' lang='grc'><em>51</em></span> <span class='ocrx_word' id='word_1_382' title='bbox 206 4438 243 4488; x_wconf 89' lang='lat' dir='ltr'><em>De</em></span> <span class='ocrx_word' id='word_1_383' title='bbox 260 4439 320 4506; x_wconf 81' lang='lat' dir='ltr'><em>liep.</em></span> <span class='ocrx_word' id='word_1_384' title='bbox 338 4438 389 4488; x_wconf 88' lang='lat' dir='ltr'><em>Vll.</em></span> <span class='ocrx_word' id='word_1_385' title='bbox 409 4438 465 4490; x_wconf 74' lang='lat'>534.</span> <span class='ocrx_word' id='word_1_386' title='bbox 485 4438 514 4488; x_wconf 80' lang='lat' dir='ltr'><em>l).</em></span> 
     </span>
    </p>
   </div>
   <div class='ocr_carea' id='block_1_7' title="bbox 0 0 1392 5048">
    <p class='ocr_par' dir='ltr' id='par_1_10' title="bbox 0 0 1392 5048">
     <span class='ocr_line' id='line_1_45' title="bbox 0 0 1392 5048; baseline 0 1"><span class='ocrx_word' id='word_1_387' title='bbox 0 0 1392 5048; x_wconf 95' lang='lat' dir='ltr'><em> </em></span> 
     </span>
    </p>
   </div>
  </div>
 </body>
</html>
