2796 5048
658 256 717 316 stt

50 438 166 481 sumus
184 418 313 500 capturi,
333 431 364 477 ut
382 418 478 498 prouti
499 417 640 477 hactenus
658 417 792 478 admirati
818 423 1036 483 sublimitatem
1057 421 1221 482 Platonicae
1236 415 1306 501 phi7

52 518 217 600 losophiae
232 538 348 591 sumus,
366 517 407 576 ita
425 537 504 576 nune
534 515 662 594 ejusdem
691 519 918 595 simplicitatem
930 567 938 595 ,
967 524 1030 582 sine
1057 541 1114 602 qua
1133 539 1200 578 vera
1219 516 1309 576 subli-

54 619 151 679 mitas
170 615 254 677 nulla
264 627 333 690 est,
354 635 540 694 agnoscamus
558 628 586 675 et
605 634 743 674 amemus.

115 810 417 890 Quidprapre‘e
437 820 499 869 est
519 811 628 887 apud
645 810 868 871 Platonem
887 817 1062 873 meendus
1080 805 1252 893 ’νοητόςς

63 926 395 986 Discernuntur
413 947 433 983 a
449 933 734 985 recentiorum
753 931 1038 1009 substantiis,
1059 933 1309 1003 monadibus,

234 1050 458 1118 essentiis,
476 1036 708 1120 νοουμένοις,
731 1037 774 1104 toi
796 1040 906 1127 uoqtti
928 1048 1137 1108 Platonis.

104 1238 174 1296 Dici
194 1241 314 1299 omnino
332 1239 481 1300 Platonici
500 1263 570 1301 voce
589 1237 682 1322 νοητοὶ
701 1259 821 1327 possunt
839 1267 946 1324 quaes
976 1242 1185 1305 recentioribus
1204 1240 1304 1321 philo-

63 1334 165 1416 sophis
176 1336 281 1412 variis,
300 1358 373 1416 quae
383 1343 604 1404 memoravimus
614 1390 624 1419 ‚
645 1343 813 1404 nominibus
829 1358 979 1405 vocantur.
1001 1347 1074 1404 Nam
1092 1364 1152 1402 non
1173 1339 1230 1399 nisi
1245 1337 1307 1419 ipsl

62 1446 181 1511 mente,
210 1428 293 1520 αὐτῷ
312 1436 357 1520 τῷ
376 1436 436 1522 νῷ,
460 1437 588 1522 intelligi
618 1447 826 1517 substantiae,
855 1446 1011 1517 monades,
1039 1442 1147 1501 similia
1177 1450 1306 1519 possunt.

64 1532 236 1594 Videantnr
250 1535 323 1596 adeo
341 1537 508 1620 philosophi
529 1536 597 1616 illi,
623 1563 741 1623 prorsus
764 1540 892 1600 Platonis
912 1543 1023 1617 instar,
1043 1537 1185 1599 mnndum
1201 1527 1310 1616 νοητδν

62 1632 218 1712 spectabili
229 1635 340 1695 mundo
358 1637 524 1718 opposuisse
534 1663 543 1714 ,·
565 1653 597 1698 ut
616 1662 677 1699 non
695 1641 864 1699 miraremur
881 1660 1054 1720 magnopere
1064 1685 1073 1714 ‚
1095 1640 1118 1697 si
1137 1639 1201 1717 quis
1209 1656 1308 1696 eornm

62 1729 184 1810 placitis
199 1731 343 1793 Platonici
357 1733 460 1817 speohs
480 1737 634 1816 imaginem
651 1737 813 1798 adhiberet.
856 1741 964 1798 Rerum
984 1737 1097 1796 scilicet
1117 1736 1307 1795 substantiam

61 1827 100 1887 ab
118 1848 170 1905 ea,
190 1852 263 1909 quae
283 1832 369 1892 nobis
382 1847 520 1914 apparet,
544 1835 639 1915 specie
660 1836 880 1912 discreverunt3
901 1850 933 1895 ut
951 1849 1045 1895 autem
1061 1835 1131 1894 haec
1149 1834 1310 1916 nohisspc-

61 1927 122 1985 oies
139 1943 275 2009 apparet,
294 1930 335 1988 ita
354 1931 545 1991 substantiam
564 1933 627 1994 sive
644 1935 797 1993 essentiam
823 1933 1039 1993 contenderunt
1054 1931 1107 1991 soli
1118 1933 1179 1990 Deo
1199 1945 1309 2012 patere.

61 2023 153 2085 Unde
174 2025 334 2089 efficiamus
349 2030 454 2105 facile,
472 2028 561 2088 latere
583 2031 616 2089 in
634 2032 681 2092 his
700 2032 788 2113 plane
805 2031 989 2091 Platonicum
999 2029 1088 2105 illud,
1106 2029 1186 2110 quod
1207 2030 1310 2102 fertur,

62 2123 183 2184 umbras
193 2147 246 2186 nos
264 2150 361 2188 rerum
380 2148 516 2201 cernere,
536 2150 580 2189 res
590 2131 666 2211 ipsas
683 2151 736 2190 nec
754 2150 871 2188 cernere
892 2151 945 2188 nec
966 2129 1100 2210 cogitare.
1122 2128 1168 2186 Le
1182 2127 1221 2186 ib
1232 2148 1252 2184 n
1263 2126 1271 2184 i
1282 2138 1312 2184 t-

61 2224 154 2282 aius
174 2223 247 2284 adeo
266 2224 303 2285 do
321 2226 368 2286 his
387 2226 557 2288 substantiis
588 2228 763 2288 vocabulum
788 2229 948 2303 Graecum,
970 2249 1029 2287 non
1049 2225 1167 2307 quidem
1184 2222 1312 2285 Platoni·

60 2340 130 2379 cnm
141 2367 150 2396 ‚
181 2321 231 2381 sed
260 2324 471 2405 Pythagoreum
503 2338 618 2401 tamen,
646 2348 740 2406 neque
782 2327 889 2386 iccirco
921 2349 937 2386 a
968 2324 1098 2385 Platonis
1128 2321 1314 2405 philosophia

10 2418 13 2451 ἰ
61 2417 215 2496 alienum,
233 2423 404 2503 usurpavit,
431 2444 521 2503 quum
541 2426 680 2484 monades
702 2447 748 2484 eas
777 2424 949 2506 appellaret.
993 2423 1051 2483 Sed
1071 2422 1162 2482 multo
1193 2421 1313 2502 propius

10 2532 12 2551 ¹
59 2520 150 2580 etiam
178 2519 217 2579 ad
247 2520 397 2599 antiquam
427 2522 511 2581 illam
545 2522 685 2581 rationem
716 2520 897 2582 Kantius'
920 2537 948 2580 et
986 2520 1314 2580 Hemsterhusius

59 2632 253 2680 accesserunt.
294 2616 422 2678 Kantius
452 2641 498 2679 res
530 2618 662 2679 sensibus
690 2619 898 2702 percipiendas
927 2618 1169 2699 diligentissime,
1197 2630 1229 2674 ut
1251 2616 1312 2674 ani·

63 2717 276 2779 madvertimus
303 2714 350 2797 l),
386 2718 509 2777 archus
533 2719 653 2798 νοηταῖς
679 2717 881 2798 distinguens,
911 2708 998 2801 plane
1028 2715 1177 2774 Platonica
1202 2714 1313 2771 ratione

59 2814 131 2879 illas
167 2804 406 2896 τὰφαινόμενα,
440 2820 492 2881 has
521 2813 560 2879 ed
591 2811 734 2896 νοούμενα
770 2817 908 2893 vocavit,
935 2814 1088 2893 idemque,
1113 2813 1136 2872 si
1155 2812 1253 2870 minus
1272 2808 1311 2868 ad

60 2913 136 2976 haec
145 2915 353 2998 distinguenda
372 2918 540 3000 speluncam
559 2921 702 2996 Platonis,
715 2913 854 2996 ejusmodi
874 2928 950 2973 certe
975 2913 1130 2992 imaginem
1150 2909 1314 2989 usurpavit,

59 3034 138 3094 quae
155 3012 250 3076 videri
271 3037 286 3074 a
305 3016 435 3076 Platonis
450 3018 638 3100 philosophia
667 3041 727 3077 non
747 3017 844 3076 aliena
876 3013 978 3094 possit.
1021 3007 1168 3069 Mundum
1190 3006 1314 3088 adspec-

60 3111 186 3171 tabilem
204 3112 318 3172 insulae
340 3134 399 3175 esse
417 3116 542 3176 similem
564 3116 660 3192 dixit,
687 3129 768 3175 vasto
787 3134 894 3173 oceano
914 3108 1129 3170 circumdatae:
1148 3105 1236 3165 licere
1257 3105 1315 3165 ho-

59 3211 139 3269 mini
158 3212 192 3270 in
209 3210 265 3271 hac
294 3212 411 3289 insula,
440 3235 576 3273 sensuum
596 3215 628 3273 in
659 3214 819 3295 primisque
847 3231 936 3292 purae
961 3209 1082 3267 rationis
1103 3228 1176 3286 ope,
1198 3204 1313 3284 singula

58 3328 137 3389 qnae
156 3308 285 3386 adsunt,
305 3332 491 3391 cognoscere:
512 3335 584 3393 quae
605 3335 674 3376 vero
697 3327 780 3372 extra
802 3331 863 3370 eam
892 3322 977 3383 sunt,
1008 3326 1061 3366 nec
1081 3304 1212 3364 sensibus
1231 3323 1314 3383 posse

58 3426 116 3465 nee
139 3408 211 3487 puri
229 3408 290 3470 sive
309 3409 467 3470 theoretici
478 3458 486 3487 ,
507 3412 558 3471 sed
580 3413 639 3470 una
659 3409 787 3492 practici
806 3410 919 3468 ratione
931 3452 948 3489 ,Ι
960 3424 1032 3484 quae
1054 3401 1092 3467 ad
1108 3402 1147 3461 τά
1170 3389 1317 3477 νοούμενα

59 3523 204 3565 conversa
222 3520 264 3566 est
274 3553 283 3583 ,
302 3508 435 3589 percipi:
458 3509 562 3588 quodsi
582 3509 647 3586 quis
665 3529 697 3566 ea
719 3506 852 3566 sensibus
881 3506 953 3565 velit
979 3504 1112 3582 assequi,
1132 3501 1211 3580 quod
1226 3500 1315 3581 pleri·

58 3621 120 3681 que
139 3600 315 3665 studuerunt
333 3607 540 3688 metaphysici‚
561 3605 630 3664 hnic
650 3604 814 3666 verendum
840 3621 1015 3682 magnopere
1035 3620 1108 3674 esse,
1131 3620 1186 3675 ne,
1206 3597 1317 3680 pariter

43 3711 153 3778 'atque
171 3698 237 3777 illi,
255 3703 289 3762 in
316 3704 371 3763 isto
398 3705 612 3786 metaphysicae
642 3723 753 3762 oceano
781 3700 966 3780 naufragium
995 3697 1131 3778 patiatur.
1173 3695 1230 3756 Sed
1252 3698 1315 3779 ipsa

56 3795 236 3879 philosophi
262 3801 351 3863 verba
376 3824 571 3884 apponamus..
606 3801 642 3861 ln
661 3800 809 3882 prooemio
838 3797 1053 3876 disquisitionis
1074 3796 1111 3856 de
1134 3798 1315 3874 phaenome-

58 3917 194 3972 nmm,
225 3920 297 3977 quae
327 3912 430 3976 vocat,
460 3915 488 3960 et
518 3921 732 3959 neumenarum
762 3897 931 3957 discrimine
951 3896 991 3955 sic
1011 3896 1198 3977 pronunciat.
1243 3892 1316 3951 We'r

59 3995 162 4053 lsalen
174 4002 258 4071 jetzt
276 4000 331 4058 das
358 3998 515 4058 bundles
543 4007 648 4056 roinen
672 3997 702 4056 V
700 3985 856 4057 laetandas
874 3997 961 4053 ne'clrt
980 3996 1074 4053 allein
1104 3994 1315 4064 durcleres5set3

58 4095 129 4152 und
139 4095 234 4170 jelen
261 4095 349 4155 Tuast
366 4099 461 4158 elaeon
479 4099 650 4177 sorgft's'lle'g
668 4104 702 4153 in
732 4095 947 4174 Augenscliein
965 4113 1158 4173 genommeu,
1187 4091 1314 4148 sondern

62 4216 97 4254 es
118 4195 198 4252 auat
218 4195 448 4273 durclemessen,
474 4199 538 4254 und
547 4197 650 4272 Jedem
668 4193 772 4275 Dinge
791 4194 856 4267 aus
867 4192 1030 4250 lemsollon
1049 4197 1130 4248 seina
1152 4187 1246 4245 Stella
1266 4188 1315 4243 le·

58 4348 318 4359 ——u——-—--—-

94 4435 131 4499 11·
144 4436 222 4488 lnits‘a
238 4455 264 4505 p.
277 4435 337 4488 ³35.
360 4452 364 4459 ’
