2796 5048
685 224 744 285 318

93 384 184 447 altum
195 429 204 461 ,
233 386 332 466 prouti
361 384 627 465 praestigiatoribus
651 384 781 444 tabulata
800 398 887 457 sunt,
907 382 1126 464 spectatoribus
1146 385 1277 465 objecta,
1289 409 1319 449 se
1346 436 1348 443 .

94 507 147 565 pra
176 464 249 562 quae
276 480 416 541 miracula
441 480 608 541 ostendunt.
625 523 661 533 -
691 483 768 543 Vide
788 497 884 541 autem
898 483 985 559 juxta
1004 484 1089 543 hunc
1106 502 1231 545 murum
1248 485 1320 547 honi-

93 603 161 656 nes,
193 582 226 639 iu
247 580 300 640 illa
320 580 388 653 via,
408 599 475 638 cum
493 600 561 640 vasa
580 581 674 639 omnis
693 581 824 661 generis,
845 599 918 659 quae
937 601 1024 660 supra
1049 600 1179 639 murum
1196 584 1320 661 ment,

93 680 237 754 ferentes,
268 693 331 737 tum
353 690 460 736 statuas
488 676 638 736 homiuum
668 691 697 738 et
724 678 784 738 alia
811 692 870 739 tam
889 677 1025 759 lapidea,
1044 698 1141 757 quam
1162 678 1320 761 liguenti-

94 776 180 836 malia
189 820 199 851 ,
228 776 309 837 vario
328 772 414 835 modo
434 774 540 833 affabre
559 776 653 836 facta:
677 788 764 855 utque
782 797 835 857 par
853 789 914 850 est,
935 774 1008 835 alios
1024 775 1137 837 herum
1155 792 1320 858 praetereu-

51 920 56 935 .
93 875 167 934 uum
191 874 299 952 illaque
317 872 473 931 ferentium
491 871 643 933 hominum
662 874 831 952 loquentes,
853 886 980 933 tacentes
999 872 1086 933 alios.
1130 874 1197 935 Hte
1216 874 1319 953 Glauce,

46 951 52 966 ’
93 971 246 1033 mirilicam
266 990 383 1043 narras,
403 970 693 1050 iuquit,„imaginem
710 985 738 1030 et
757 972 888 1051 captivos
906 969 1053 1031 mirificos.
1077 969 1221 1033 Socrates
1235 990 1318 1049 auter,

94 1069 225 1130 nostrum
254 1088 323 1128 vero
354 1066 482 1141 similes,
503 1069 628 1148 reponit.
648 1067 677 1148 1)
718 1070 790 1128 Nam
810 1069 956 1149 primum,
976 1067 1104 1129 aliudne
1122 1069 1186 1131 tibi
1206 1072 1319 1133 vident!

93 1167 165 1227 tales
192 1167 324 1225 homiues
354 1164 402 1225 vel
431 1165 475 1223 sui
503 1165 631 1245 ipsorum
647 1166 695 1226 vel
714 1166 841 1227 invicem
859 1178 973 1247 praeter
992 1164 1115 1227 umbras
1134 1171 1317 1249 conspexisse,

92 1286 166 1344 quae
194 1264 231 1324 ab
260 1262 321 1342 igni
350 1262 382 1319 in
411 1261 562 1323 adversam
591 1262 746 1343 speluncae
775 1276 886 1344 partem
912 1262 1047 1323 cadunt?
1067 1302 1108 1315 -
1144 1264 1236 1325 Nihil
1258 1264 1317 1329 alid

92 1383 179 1436 sane,
209 1361 260 1439 qui
288 1379 438 1438 nunquam
468 1360 500 1419 in
528 1361 589 1422 vita
616 1381 732 1422 movere
760 1374 847 1442 caput
885 1361 1043 1442 potuerint.
1073 1399 1112 1411 -
1164 1364 1249 1439 Quid
1271 1384 1316 1427 rut

92 1481 208 1534 eorum,
228 1478 300 1538 quae
317 1456 603 1538 praetervehuntur?
642 1460 746 1519 Nonne
765 1458 869 1519 horum
888 1459 957 1517 item
974 1457 1095 1519 umbras
1113 1459 1317 1522 duntaxat?-

93 1555 233 1631 Quidui?
247 1594 283 1606 -
312 1554 342 1613 Si
362 1554 451 1634 igitur
467 1554 595 1635 colloqui
614 1576 711 1616 secum
732 1556 860 1617 invicem
878 1568 1013 1636 possent,
1033 1576 1141 1617 nonne
1160 1558 1251 1636 haec,
1267 1577 1316 1638 qast

94 1652 200 1714 vident
208 1698 217 1727 ,
239 1653 433 1734 appellaturus
453 1672 500 1712 eos
520 1674 579 1713 esse
598 1653 702 1714 iisdem
721 1654 890 1714 nominibus
907 1666 1005 1734 putas,
1020 1653 1136 1733 quibus
1148 1674 1188 1715 ea
1203 1654 1316 1717 dicun

93 1772 167 1832 quae
193 1751 400 1830 praetereunt?
416 1773 452 1785 -
491 1750 611 1811 Necesse
640 1765 692 1811 est.
706 1790 742 1803 -
779 1751 891 1827 Quodsi
918 1750 988 1811 echo
1007 1770 1044 1811 ex
1063 1750 1202 1813 adversa
1220 1752 1315 1815 cuerit

94 1862 175 1931 pnite
213 1861 359 1908 resonaret
367 1846 384 1923 ,'
406 1846 456 1906 ubi
486 1851 735 1929 praetereuntium
760 1849 867 1928 aliquis
896 1848 1084 1927 loqueretur,
1115 1863 1248 1931 putasne
1272 1848 1315 1911 illu

92 1946 176 2007 aliud
204 1944 278 2024 quid
302 1944 383 2025 loqui
411 1946 599 2025 opinaturos,
619 1968 706 2025 quam
724 1959 921 2007 transeuntem
939 1945 1098 2007 umbram?
1113 1985 1153 1999 -
1185 1949 1253 2009 Neu
1267 1966 1314 2031 pu·

91 2046 166 2104 fecto
193 2065 245 2124 per
271 2044 391 2103 Jovem!
406 2082 442 2093 -
470 2043 520 2102 Illi
547 2045 635 2125 igitur
662 2043 740 2104 nihil
768 2045 888 2104 omnino
916 2042 1000 2105 aliud
1025 2064 1087 2103 esse
1109 2064 1221 2105 verum
1238 2045 1314 2105 exiti·

90 2142 231 2215 mabunt,
261 2140 319 2199 nisi
347 2160 443 2199 rerum
472 2155 532 2200 arte
560 2142 702 2201 factarum
731 2142 856 2201 umbras.
873 2180 909 2193 —
939 2141 1023 2201 Nihil
1042 2143 1201 2204 omnino»
1225 2142 1257 2223 2)
1283 2140 1313 2201 Sit

89 2261 169 2300 orsus
197 2257 314 2296 narrare
339 2236 469 2297 Socrates
497 2238 702 2319 pulcerrimum
730 2240 879 2314 fabulam,
909 2240 1005 2320 pergit
1030 2238 1106 2299 hinc
1126 2239 1169 2302 ad
1187 2241 1312 2317 hominu

89 2358 187 2397 eorum
214 2333 413 2394 conditionem
440 2334 661 2395 describendam
690 2337 786 2416 qualis
812 2338 912 2397 futura
940 2338 998 2412 sit,
1079 2349 1188 2416 tquam
1208 2334 1311 2401 vincula

89 2447 175 2493 crunt
201 2431 289 2492 soluti
312 2445 398 2510 atque
426 2453 441 2491 e
469 2453 583 2494 carcere
613 2434 812 2495 comederint..
854 2434 912 2495 Nos
941 2454 1028 2508 vero,
1057 2435 1240 2515 priusquam
1262 2434 1308 2495 httt

87 2551 311 2614 persequamur,
327 2530 377 2589 'de
401 2531 464 2612 ipsa
491 2531 545 2591 hac
574 2533 730 2613 speluncae
749 2532 873 2612 imagine
892 2530 1032 2591 nonnihil
1050 2533 1307 2595 animadvertamus

128 2629 282 2689 Tribuitur
307 2627 359 2686 illa
390 2628 577 2709 Pythagoreis
606 2632 685 2690 fere:
720 2651 773 2689 nec
803 2650 872 2689 sane
900 2626 963 2688 sine
982 2627 1211 2710 probabilitatis
1229 2626 1305 2711 sperit-
1348 2692 1350 2703 ,

87 2727 197 2788 Similis
223 2739 265 2785 est
297 2727 329 2784 in
356 2726 509 2787 Phaedone
538 2729 713 2808 comparatio
740 2727 812 2801 illa,
839 2747 895 2805 qua
923 2725 1037 2785 animus
1065 2726 1100 2785 in
1130 2726 1190 2787 hoc
1215 2740 1305 2807 corpe!
1347 2794 1350 2821 1

85 2827 213 2900 dicitur,
237 2837 376 2902 tauquam
405 2825 437 2882 in
464 2845 598 2899 carcere,
627 2824 777 2885 habitare:
809 2843 882 2901 quae
907 2823 1052 2883 sententia
1081 2823 1177 2903 plane
1203 2822 1304 2885 schola!
1347 2891 1350 2911 Ι

87 2925 169 2983 illam
196 2923 294 2981 refert.
313 2920 345 3002 3)
392 2923 513 3002 Propius
539 2924 624 2982 etiam
654 2922 693 2982 ad
722 2922 798 2981 hanc
824 2920 980 3002 speluncae
1008 2921 1171 3001 imaginem
1201 2918 1302 2989 accedit,

85 3021 182 3100 quod,
203 3033 274 3079 teste
292 3018 454 3100 Porphyrio
464 3065 473 3094 ,
490 3016 521 3098 l)
542 3020 732 3100 Empedocles
751 3018 938 3078 enunciavit:

359 3110 516 3196 ἠλύθομεν
536 3111 603 3178 ro'd'
620 3111 669 3177 ὑπ’
689 3110 796 3197 ἄντρον
817 3109 990 3196 citiorque.
1006 3113 1038 3195 5)
1345 3186 1350 3199 Ι

83 3220 232 3282 Videntur
251 3238 320 3279 vero
339 3217 508 3298 philosophi
533 3219 659 3278 illinon
678 3220 711 3279 id
730 3218 921 3299 expressisse,
940 3215 1020 3296 quod
1039 3215 1125 3277 Plato
1143 3217 1253 3293 voluit,
1266 3209 1299 3275 el

82 3339 195 3380 carcere
214 3316 267 3375 illo
286 3329 314 3375 et
333 3329 417 3374 antro
436 3315 579 3374 mundum
597 3315 676 3375 huuc
697 3316 897 3389 intellexisse,
919 3336 969 3373 seu
988 3314 1080 3373 vitam
1100 3314 1182 3377 hanc
1201 3326 1298 3375 nom

82 3430 263 3488 terrestrem,
293 3413 341 3473 cui
368 3412 519 3472 coelestem
548 3413 637 3474 vitam
667 3412 864 3493 opponebant.
879 3411 910 3492 6)
951 3411 1033 3470 Plato
1059 3426 1163 3473 autem
1189 3413 1235 3471 his
1251 3411 1299 3469 ins

81 3516 199 3595 giuibus
229 3533 289 3572 non
317 3511 445 3570 futuram
474 3522 588 3569 tantum
619 3509 745 3569 hominis
774 3525 838 3591 pest
858 3522 997 3585 mortem,
1017 3508 1070 3568 scd
1086 3506 1298 3591 praesenteuit
1345 3504 1351 3611 ,

86 3702 340 3715 ——-—-—-·

115 3810 140 3876 1)
159 3811 343 3879 Dignissimum
356 3815 412 3869 est,
431 3807 501 3873 quod
514 3806 571 3857 huic
587 3809 731 3858 sententiae
747 3814 924 3872 comparetur,
940 3805 1031 3855 dictum
1048 3804 1231 3859 Nathauis:
1243 3804 1301 3857 tecit
1346 3786 1351 3819 ἦ

78 3900 128 3951 tue.
166 3897 270 3950 Samuel
290 3894 320 3945 ll.
343 3891 389 3953 lb,
406 3891 430 3941 7,

113 3984 140 4048 2)
161 3986 196 4034 De
215 3984 275 4049 Pop.
293 3978 345 4029 Vll.
364 3975 422 4027 514.
440 3974 471 4026 A.

112 4069 138 4135 3)
158 4070 250 4119 l'lueed.
271 4063 314 4116 82.
335 4061 365 4112 E.
388 4060 429 4111 ubi
451 4060 504 4112 vid.
527 4061 605 4125 Wytt.
630 4059 677 4112 cu.
697 4075 764 4128 quae
785 4061 930 4113 monuimus
949 4077 974 4126 p.
996 4058 1037 4109 46.

112 4156 139 4217 t)
158 4153 285 4221 Porphyr.
310 4151 339 4200 de
362 4155 435 4196 oneo
458 4134 559 4212 Nymph.
579 4161 600 4195 e.
621 4142 647 4195 8.

118 4238 144 4303 5)
164 4236 272 4304 Emped.
291 4250 332 4284 vs.
352 4228 378 4280 9.
403 4229 451 4279 Ed.
469 4230 553 4279 Stura.
574 4228 632 4279 Vid.
654 4245 679 4294 p.
703 4229 761 4280 451.
794 4228 833 4281 Dc
854 4230 967 4281 Platonis
984 4236 1059 4281 antro
1079 4229 1124 4281 cli.
1146 4232 1198 4285 Aac
1215 4233 1246 4287 gd
1262 4230 1305 4284 M.

80 4344 97 4392 p
129 4323 179 4373 556
209 4322 318 4371 Karsten
344 4314 508 4381 Eoipedorles.
528 4330 553 4379 p.
577 4313 626 4369 88.
648 4312 696 4375 89,
723 4313 777 4363 171.

94 4405 139 4469 Ι(ἱ)
158 4408 199 4458 Sic
223 4421 326 4457 versum
347 4399 454 4464 Emped.
473 4399 656 4463 iuterpretatur
678 4399 802 4464 l‘orplryr.
823 4398 880 4449 vid.
904 4400 987 4449 Stura.
1011 4399 1044 4450 ed
1063 4400 1087 4450 h.
1111 4401 1129 4453 l.
