2796 5048
660 269 720 327 258

81 450 146 530 φιιῖς
175 441 470 513 deiciunturtamen
497 443 534 507 ei
554 443 637 509 ἔνικιι
659 443 744 509 πάντ’
769 441 832 507 ἐστὶ
862 440 900 505 eci
915 444 967 506 νῦν
988 441 1149 529 λιγόιιιιιι·
1169 428 1296 531 miiaiin

79 562 160 611 artie
185 561 334 612 rationem
364 553 458 628 liujus
487 556 585 628 ipsius
605 557 714 610 caused
733 572 817 609 nemo
833 550 1018 626 praedentior
1037 558 1203 630 exquirere
1222 552 1298 623 oolitj

77 653 128 711 sed
145 654 220 731 latet
235 653 408 729 plerosque,
429 657 550 727 opinor,
571 652 660 708 rolris
678 652 813 728 quidem,
832 650 1018 726 quaefacilo
1031 658 1174 732 cognosci
1185 640 1298 729 possid,

77 760 227 831 imagines
252 751 396 829 quaedam
418 770 478 807 eree
492 757 656 826 proprias,
679 751 815 808 sensibus
829 751 1044 827 percipiendae
1053 795 1061 823 ,
1083 772 1164 829 quas
1179 750 1298 809 indicent

79 852 136 907 non
166 851 290 929 difficile
320 856 383 921 ort,
415 856 530 925 quotics
557 855 625 925 quic
643 848 774 906 illarum
795 848 931 925 aliquam
951 856 1130 926 exquirenti
1148 872 1209 909 non
1227 870 1298 931 aegri

78 957 108 1004 et
135 968 204 1006 cum
219 948 356 1006 molestia
366 990 374 1019 ,
396 947 447 1005 ced
465 952 531 1004 cine
550 938 788 1005 ratiocinatione
801 946 905 1022 facile
923 948 992 1004 vult
1008 958 1186 1007 monstraro
1195 969 1210 1019 ;
1230 952 1298 1007 rein

79 1064 146 1103 aere
177 1052 320 1103 mammio
346 1046 666 1123 pmcclaeieeimicque
693 1067 752 1104 nen
778 1068 838 1104 ecee
857 1052 1023 1125 imaginem
1043 1048 1145 1105 ullam
1162 1048 1205 1105 ad
1223 1048 1298 1105 teni-

80 1164 151 1201 num
176 1154 300 1221 ceptum
327 1143 476 1221 fictam,
508 1148 570 1220 quot
599 1148 771 1201 monstrato
800 1151 846 1218 ιἰ,
877 1152 931 1223 qui
959 1148 1153 1222 inquirentis
1180 1140 1298 1205 anisium

77 1243 195 1319 explere
209 1248 314 1319 cupit,
336 1248 440 1300 cenaui
453 1242 574 1300 cuidam
592 1244 832 1317 accommodans,
855 1250 932 1301 satie
951 1244 1077 1320 inpleat.
1126 1242 1298 1325 Quapenptn

23 1326 25 1333 ¹
59 1344 196 1416 'oporam
222 1342 296 1398 dare
324 1349 459 1416 opertet,
491 1349 527 1397 ut
545 1344 679 1400 rationes
698 1343 733 1400 de
752 1342 887 1422 cingulis
906 1351 936 1399 et
952 1343 1026 1400 dare
1046 1353 1075 1400 et
1094 1350 1234 1422 accipere
1247 1364 1298 1421 pn

78 1446 182 1498 umus.
224 1436 304 1496 Nam
328 1446 518 1516 incorporeo,
548 1461 636 1517 quoe
649 1442 841 1517 pulcerrima
872 1450 945 1499 cunt
969 1448 1173 1516 unianimo,
1196 1446 1298 1499 retitui

78 1546 200 1595 natione
227 1539 341 1611 nolum,
371 1538 436 1595 alia
464 1559 532 1595 nero
561 1559 595 1596 ro
614 1540 703 1598 neella
723 1542 878 1598 evidenter
896 1541 1176 1600 demonstrantur.
1201 1516 1298 1601 Herod

76 1641 185 1715 gratio
204 1636 288 1693 lmec-
294 1638 377 1694 nobie
397 1643 497 1694 omnia
517 1639 602 1696 dicta
624 1649 705 1698 eunt
714 1664 728 1696 ιι
750 1637 779 1719 l)
820 1640 865 1698 Ex
885 1658 941 1716 qua
960 1639 1174 1699 memorabili'
1165 1662 1198 1699 ιιι
1218 1632 1298 1725 prim:

80 1735 222 1792 sententia
250 1733 311 1793 vim
340 1748 368 1793 et
396 1734 538 1793 rationem
568 1736 655 1794 simul
695 1736 875 1796 inductionis
908 1737 1069 1797 Socraticae
1097 1738 1221 1819 plenius
1247 1724 1298 1797 lie·

82 1851 261 1910 cognoscere.
303 1830 352 1890 sic
384 1831 439 1890 illa
460 1832 610 1912 procedit,
636 1835 733 1913 prouti
753 1856 805 1893 nos
825 1834 986 1895 docuerunt
1004 1835 1145 1896 Socratici
1163 1836 1243 1919 apud
1256 1834 1289 1897 X

83 1927 261 2010 nophontem
286 1949 448 2004 sermones,
478 1943 506 1989 et
533 1930 636 2006 modo,
662 1951 751 2009 quum
771 1931 807 1990 de
826 1934 955 2012 camapio
974 1934 1128 2013 agebamus
1140 1979 1148 2010 ,
1170 1934 1298 2019 vidimus

83 2041 114 2085 ut
137 2027 223 2087 iebus
249 2027 464 2088 obscurioribus
490 2029 703 2088 manifestiores
732 2045 936 2110 apponantur,
957 2052 1079 2110 quarum
1103 2034 1298 2115 comparatio!

83 2123 284 2203 illustrentur3
317 2125 367 2185 sed
399 2125 448 2184 htc
476 2127 624 2201 videmus,
657 2127 730 2185 illuc
758 2149 820 2187 eam
848 2132 1015 2231 praesertim
1034 2131 1152 2207 valer‚c
1173 2146 1206 2191 ut
1216 2150 1298 2211 ,qu-⁶

82 2222 213 2282 sensibus
240 2245 301 2283 uon
329 2237 450 2305 patent,
480 2224 531 2284 sed
561 2226 618 2282 uult
649 2228 781 2305 cognosci
812 2242 908 2287 mente
936 2243 964 2288 et
983 2231 1160 2309 cogitatione
1178 2250 1298 2340 possum·

82 2314 120 2380 tei
145 2312 307 2398 ἀσώματα,
337 2342 432 2381 rerum
461 2322 664 2432 spectabilium
696 2327 907 2404 comparatione
937 2328 1159 2408 intelligantur,
1199 2328 1298 2389 omui!

86 2435 137 2495 ut,
178 2442 219 2480 cx.
247 2421 356 2482 mundo
396 2412 496 2504 ὁρατῷ
534 2422 709 2497 coniecturis
746 2426 862 2503 ιιιιιιι,
903 2427 943 2485 sic
968 2425 1101 2517 judicare
1141 2428 1178 2487 de
1206 2420 1298 2487 manc*

83 2517 181 2606 νοητῷ
209 2522 382 2588 studeamus.
424 2525 504 2597 Quae
534 2520 607 2579 ratio
636 2520 676 2579 sio
706 2534 826 2579 natiuae
856 2538 1047 2584 consentanca
1068 2538 1110 2584 est
1129 2526 1240 2609 ingenis
1232 2522 1298 2583 lu:

83 2624 181 2696 mani,
212 2635 245 2680 ut
269 2619 379 2700 linguis
405 2620 477 2680 adeo
506 2619 635 2680 omnium
663 2620 792 2698 gentium
821 2622 1030 2701 comprobetur.
1073 2625 1166 2700 Nam,
1196 2622 1267 2705 quel

70 2734 73 2739 '
84 2719 281 2802 compluribus
290 2719 522 2779 animadversum
544 2717 726 2799 pbilosophis
736 2731 778 2777 est
790 2764 798 2792 ,
813 2724 1001 2799 quaecunque
1012 2723 1044 2781 in
1053 2721 1165 2803 linguis
1175 2714 1298 2785 vocabu]

86 2840 129 2878 res
147 2817 448 2877 indicantasensibus
467 2831 604 2890 ιιιιιοιιε,
626 2815 673 2875 vel
693 2815 780 2875 dueta
801 2831 868 2876 sunt
879 2863 887 2892 ‚
909 2819 958 2880 vel
977 2820 1100 2893 colorem
1120 2818 1298 2882 certehabe'u

84 2940 99 2976 a
118 2916 218 2990 rebus,
238 2936 310 2995 quae
328 2915 482 2990 videntur,
494 2915 669 2988 audiuntur,
691 2928 865 2993 tanguntur,
881 2917 1012 2976 sensibus
1021 2921 1142 2980 omnino
1150 2920 1298 3002 percipiam

86 3029 141 3074 tur.
183 3016 221 3074 Et
246 3036 335 3088 vero,
362 3014 420 3072 nisi
447 3035 483 3074 ex
511 3013 590 3072 hisce
613 3012 767 3091 cogitando
786 3015 923 3093 imagines
942 3036 1085 3076 sumamus
1102 3018 1141 3078 ad
1160 3020 1213 3079 illa
1230 3012 1298 3078 neii-

87 3111 346 3194 repraesentanda,
368 3134 404 3171 ue
426 3114 549 3192 cogitare
569 3110 687 3188 quidem
707 3111 793 3170 uobis
811 3112 847 3171 de
870 3112 931 3172 illis
951 3112 1060 3175 liceret.
1096 3117 1183 3190 Quod
1202 3104 1298 3177 nosttfil

87 3211 201 3290 liuguae
219 3210 351 3289 Belgicae
371 3211 546 3271 vocabulum
571 3212 775 3269 denkbeeld
799 3224 826 3269 et
842 3211 945 3292 probat
959 3227 987 3272 et
1003 3214 1109 3273 eximie
1127 3215 1256 3276 illustrat.

127 3308 215 3368 Haud
234 3308 338 3369 iccirco
356 3309 405 3367 vel
434 3311 570 3367 miremur
598 3308 646 3369 vel
674 3328 755 3388 aegre
780 3310 905 3369 feramus
916 3356 924 3384 ,
947 3311 997 3369 ubi
1025 3312 1204 3394 hospes-illc
1228 3308 1298 3373 nobi!

89 3408 204 3467 viliores
222 3420 317 3479 artes,
339 3419 371 3465 ut
389 3407 569 3487 piscatoriam
592 3420 621 3464 et
649 3408 820 3482 textoriam,
840 3410 985 3490 proponit.
1027 3411 1172 3492 Imagines
1193 3420 1298 3483 suut,e

87 3505 193 3584 quibus
208 3504 245 3565 ad
261 3525 305 3563 res
322 3505 503 3585 gravissimas
520 3505 725 3585 inprimisque
750 3504 887 3565 sublimes
913 3507 1104 3587 assequendas
1120 3508 1298 3589 conjecturo:

88 3603 233 3685 ducamus.
284 3603 403 3684 Negotia
429 3617 564 3664 memorat
591 3602 728 3685 deinceps
754 3605 786 3663 in
809 3605 951 3683 Sophiste
978 3606 1063 3688 louge
1089 3610 1176 3668 etiam
1199 3608 1294 3669 vilior»

87 3703 174 3778 Nam,
195 3716 278 3784 capto
298 3701 442 3782 sophista,
464 3702 505 3763 sic
525 3722 611 3783 porro
631 3702 732 3782 hospes
751 3702 816 3761 illic
835 3702 966 3765 Eleates:
1002 3726 1017 3759 u
1029 3705 1111 3767 vides
1129 3709 1230 3788 igitur,
1252 3704 1291 3762 iu·

87 3801 168 3879 quit,
190 3821 289 3861 verum
310 3800 465 3879 essequod
486 3800 612 3878 dicitur,
637 3797 765 3859 ποικίλον
785 3803 916 3863 essehoc
938 3804 1064 3878 animal,
1087 3819 1176 3885 utque
1199 3818 1288 3888 prom·

88 3898 138 3959 bio
157 3900 248 3958 fertur
258 3945 267 3975 ‚
288 3921 348 3959 nou
371 3900 459 3960 alteri
486 3921 574 3959 manu
592 3902 903 3983 comprehendendum.
924 3904 1053 3984 -Ergo
1081 3907 1201 3985 utrique
1224 3918 1284 3984 ομ·

122 4159 147 4225 1)
168 4162 264 4213 Politic.
283 4161 342 4214 285.
357 4161 388 4212 D
408 4160 438 4212 Ε
456 4129 561 4215 286ss
599 4164 945 4232 Siclocumiutcrpretundo
962 4168 1099 4234 expedivi,
1119 4158 1280 4234 uscerius*

87 4277 140 4311 uon
156 4276 221 4328 opus
236 4263 285 4325 sit,
304 4279 366 4332 quas
376 4262 480 4329 juvenis
497 4264 640 4330 proposui,
654 4264 724 4332 Sper
740 4267 839 4316 crinin
854 4264 919 4316 Plct
935 4250 1220 4379 p.137.ngaena
1197 4249 1278 4331 fli'l'

87 4350 190 4435 μα’των
208 4372 317 4421 estsine
336 4371 446 4422 meusne
468 4387 482 4421 e
506 4370 606 4438 vulgari
629 4369 742 4423 dictione
760 4356 922 4446 πράγματα
935 4354 1028 4444 ἔχειν,
1044 4369 1088 4420 vel
1101 4339 1279 4438 naviganti

87 4471 206 4526 Proximo
222 4477 248 4526 id
265 4465 376 4553 ριιδίιιις
391 4483 551 4548 exprimitur.
