2774 5048
628 221 667 280 85

74 394 145 440 essem
165 380 389 439 intermissiones
407 381 672 460 relaxationesquc,
693 397 753 442 turn
774 384 877 443 Murus
896 384 1060 445 hominihus
1078 384 1223 446 dederunt
1241 399 1270 445 et

27 552 29 565 Ι
73 481 220 556 Aprilium
239 478 414 559 Mesogiten
435 477 634 557 Liberumque
647 492 770 557 putrem
780 526 788 555 ,
809 483 944 543 festorum
962 485 1065 558 socios,
1088 497 1118 543 ut
1136 483 1273 545 saltantes

27 600 29 621 ¹
73 578 191 638 inchoris
209 591 239 636 et
254 591 407 651 canentes,
427 577 465 637 ad
484 577 611 657 rhythmi
632 578 853 657 harmoniaeque
872 581 988 641 modum
1005 602 1071 641 suos
1089 581 1144 661 ipsi
1162 580 1272 641 ammos

72 698 193 757 naresque
221 689 250 734 et
275 674 371 734 studia
398 691 601 755 componerent
627 691 712 755 atque
740 698 851 737 omnem
876 680 915 737 ita
942 681 1115 760 corrigerent
1134 680 1273 761 pristinae

72 775 242 834 institutionis
262 775 503 855 perversitatem.»
521 771 549 853 1)

96 873 140 932 Fst
163 893 234 931 sane
256 870 388 949 jucunda
412 871 481 931 haec
510 870 734 952 philosophandi
764 874 855 947 ratio,
884 895 955 952 quae
983 889 1113 954 repetens
1139 875 1272 935 omniaa

72 970 243 1031 remotissimis
264 968 436 1049 principiis,
457 968 535 1027 nihil
554 983 647 1028 tamen
667 969 736 1028 inde
755 972 815 1031 sive
835 969 1017 1031 obscuritatis
1034 972 1095 1029 sive
1110 972 1273 1050 jejunitatis

72 1067 211 1142 nnuahit,
232 1065 299 1139 sed,
319 1067 451 1146 quamvis
475 1065 592 1126 subtilis
621 1081 648 1126 et
676 1082 826 1142 accurata,
858 1075 971 1149 poeseos
995 1089 1046 1129 nos
1070 1068 1155 1127 simul
1181 1070 1270 1148 gratia

32 1220 38 1229 ,
72 1179 89 1224 ct
108 1178 253 1225 venustate
278 1162 412 1224 delectat.
454 1166 546 1238 Quam
569 1165 675 1245 imitari
694 1163 872 1241 debuerant,
892 1167 942 1245 qui
960 1179 1023 1246 post
1040 1165 1188 1225 Platonem
1205 1165 1270 1246 phi·

73 1262 207 1344 hsophiam
235 1260 330 1342 pulcri
359 1263 525 1340 attigerunt.
567 1263 637 1321 Nam
666 1265 706 1321 sic
734 1264 770 1323 de
796 1264 897 1343 pulcro
915 1263 1071 1339 disserere,
1094 1277 1125 1322 ut
1148 1265 1221 1323 ratio
1242 1277 1270 1323 et

71 1363 138 1421 natio
167 1360 244 1420 nihil
273 1361 390 1434 minus,·
416 1383 500 1440 quarn
529 1360 681 1440 pulcrum,
702 1364 845 1436 referant,
866 1362 998 1443 pulcrum
1024 1361 1095 1420 adeo
1122 1382 1269 1441 argumen-

34 1474 40 1483 ·
72 1458 138 1529 endo
165 1458 336 1531 obscurent,
358 1458 390 1518 id
413 1481 499 1530 sane,
520 1460 542 1517 si
570 1459 642 1537 quid
671 1459 772 1535 aliud,
794 1463 924 1541 ineptum
948 1474 999 1519 est.
1042 1459 1121 1519 Plato
1147 1460 1269 1538 quoties-

59 1572 161 1635 *cunque
188 1555 225 1615 de
252 1555 364 1615 artibus
390 1559 449 1635 agit
476 1556 699 1635 elegantioribus
720 1596 748 1603 --
770 1561 828 1640 agit
851 1572 945 1616 autem
963 1557 999 1616 de
1017 1558 1052 1615 iis
1069 1578 1270 1637 saepenumero

72 1654 287 1734 etperlubenter
304 1691 336 1700 -
357 1655 439 1713 toties
466 1668 494 1713 et
524 1667 647 1713 mentem
675 1671 788 1717 exercet
812 1671 935 1716 nostram
953 1676 1047 1714 rerum
1069 1653 1270 1734 indagatione,

73 1765 91 1808 ct
104 1773 164 1811 vero
182 1773 296 1810 sensum
315 1752 401 1810 simul
420 1752 516 1832 pulcri
534 1754 703 1830 venustique
718 1755 751 1812 in
769 1755 872 1814 animis
891 1753 994 1813 nostris
1011 1755 1127 1811 suscitet
1140 1767 1169 1812 et
1183 1755 1268 1812 acuit.

73 1849 134 1921 Quod
153 1851 213 1930 ipse
232 1848 349 1909 videtur
367 1845 489 1909 maxime
509 1849 662 1909 scribendo
679 1866 836 1932 spectasse,
857 1850 1044 1931 spectandum
1063 1864 1139 1909 certe
1156 1853 1268 1931 putavit

73 1928 92 2003 in
108 1968 251 2027 puerorum
274 1948 474 2021 institutione,
495 1968 579 2026 quam
606 1962 712 2022 totam,
735 1951 775 2009 uti
801 1949 946 2021 vidimus,
966 1970 983 2006 a
1001 1947 1093 2009 Musis
1110 1947 1268 2009 Musarum·

74 2065 110 2120 quc
125 2044 241 2123 chorego
258 2043 412 2124 Apolline,
433 2046 454 2104 i.
469 2066 494 2104 e.
510 2046 548 2104 ah
562 2046 722 2107 excolendo
737 2049 769 2106 in
788 2048 891 2106 animis
905 2046 1069 2105 harmoniae
1084 2043 1266 2124 rhythmique

74 2162 134 2200 sensu
152 2141 304 2221 studioque
322 2142 452 2202 inchoari
466 2143 561 2220 jussit„
602 2145 742 2204 Ponamus
766 2146 872 2225 igitur,
892 2146 932 2204 ait
950 2142 1067 2203 tandem
1085 2141 1268 2203 Atheniensis

74 2239 123 2313 illc,
144 2237 277 2300 παιδείαν
301 2232 372 2300 ιεἶναι
398 2233 520 2321 πρώτην
546 2236 595 2301 dcci
621 2243 758 2304 Μουσῶν
783 2265 813 2304 τι
839 2241 888 2304 καὶ
912 2235 1108 2313 Ἀπόλλωνος.
1124 2239 1155 2322 2)
1183 2241 1267 2315 Quod

74 2337 100 2396 lta
117 2342 307 2420 intelligemus
333 2343 457 2422 optime,
489 2358 519 2402 ut
542 2343 759 2423 diligentissime
778 2360 806 2405 ct
824 2345 906 2405 chori
923 2343 1002 2425 apud
1020 2342 1142 2401 Graecos
1161 2354 1188 2398 et
1206 2354 1267 2399 tra-

74 2435 128 2511 gicae
146 2441 326 2518 comicosque
344 2446 458 2519 poeseos
477 2443 616 2500 rationem
635 2442 930 2503 animadverterimus.

27 2506 31 2611 l
99 2535 169 2596 Festa
187 2537 331 2597 dederunt
344 2539 394 2598 Dii
407 2540 518 2598 miseris
533 2540 720 2615 mortalibus,
743 2555 788 2615 ut,
802 2541 971 2601 intermissis
985 2537 1144 2612 laboribus,
1159 2535 1268 2594 exhila-

27 2618 31 2723 i
74 2649 204 2695 rarenteos
222 2634 383 2695 identidem
393 2636 565 2715 ,simulque
586 2637 780 2698 emendarent.
802 2640 873 2697 Nam
892 2634 1047 2697 ludendo
1039 2635 1161 2693 maxime
1179 2655 1268 2713 genus

27 2710 30 2797 Ξ
74 2747 177 2791 sunum
195 2733 233 2793 ad
250 2734 383 2813 pulcrum
401 2749 428 2793 et
445 2734 595 2793 honestum
613 2736 747 2795 accedere
766 2757 846 2816 posse
865 2735 993 2801 videtur.
1015 2731 1102 2790 Unde
1120 2729 1267 2803 simillima

27 2850 30 2905 p
73 2846 122 2889 soce
146 2833 355 2891 institutionem
384 2847 411 2890 ct
440 2831 541 2890 ludum
568 2833 714 2913 appellare
751 2833 890 2908 solemur,
915 2833 995 2891 illam
1021 2826 1168 2920 nusdu'ur,
1189 2827 1267 2888 hunc

27 2910 30 2929 ¹
73 2923 166 2988 antrih
187 2944 331 2991 vocantes.
372 2931 408 2990 Et
438 2952 505 2990 vero
532 2933 625 2990 omnis
653 2931 785 2991 educatio
813 2953 878 2990 cum
907 2945 982 2991 recte
1005 2915 1127 2991 ludendi
1150 2947 1267 2988 consue·

27 3058 29 3073 ι
73 3027 152 3090 tudine
174 3031 328 3106 conjuncta
357 3042 407 3087 est.
449 3030 506 3102 Qui
523 3050 594 3109 puer
612 3029 781 3110 pulcerrime
800 3030 887 3104 lusit,
908 3030 932 3087 is
952 3030 1026 3089 vivit
1045 3028 1160 3088 adultus
1179 3025 1266 3085 hone,-

27 3196 29 3203 .
73 3125 177 3203 atissime.
198 3126 298 3202 Quid?
319 3125 398 3205 quod
411 3125 540 3186 ludendo
560 3126 716 3187 eliciuntur
735 3128 840 3207 optime
865 3129 966 3187 insitae
992 3129 1088 3187 animo
1105 3123 1266 3184 facultates.

27 3244 29 3267 ¹
75 3221 139 3304 ”Ego
156 3228 196 3286 sic
222 3237 332 3298 statuo,
353 3224 393 3282 ait
409 3224 510 3297 Plato,
531 3238 563 3282 ut
580 3237 702 3304 praestet
725 3224 882 3303 aliquando
908 3224 992 3285 homo
1016 3225 1209 3304 qualicunque
1234 3222 1266 3281 iu

75 3325 180 3400 negotio,
199 3322 233 3383 id
251 3343 315 3381 eum
334 3336 463 3402 oportere
480 3321 517 3380 ah
533 3323 651 3381 ineunte
670 3323 764 3381 statim
781 3323 924 3402 pueritia,
942 3337 1000 3382 tam
1019 3321 1162 3394 ludendo,
1182 3339 1267 3397 quam
1329 3356 1333 3363 -

74 3418 126 3483 scria
149 3419 316 3493 tractando,
347 3420 379 3476 in
410 3418 532 3497 singulis
554 3418 703 3493 meditari,
724 3440 795 3498 quae
823 3420 892 3478 hnic
920 3422 961 3479 rei
988 3421 1180 3481 conveniant:
1201 3417 1267 3494 qui,

27 3522 30 3605 ἰ
76 3515 134 3575 rerhi
159 3539 275 3592 caussa,
296 3530 378 3597 aptus
401 3517 514 3574 futurus
544 3517 580 3575 sit
603 3517 726 3595 agricola
750 3517 797 3575 vel
823 3517 1004 3590 aedificator,
1026 3515 1172 3575 ludentem
1189 3515 1266 3573 hunc

27 3634 29 3661 ⁵
76 3628 178 3688 spuere
205 3638 221 3675 a
247 3615 352 3674 teneris
381 3614 429 3674 vel
454 3614 545 3672 colere
565 3628 669 3671 terram
689 3615 736 3672 vel
755 3615 880 3694 pueriles
896 3615 1032 3693 quasdam
1051 3613 1148 3672 domos
1164 3611 1268 3671 acdifi-

75 3724 135 3769 tttc:
162 3713 246 3773 illum
275 3733 361 3786 vcro,
392 3713 442 3791 qui
472 3711 574 3770 educet
608 3724 774 3788 utrumque,
805 3699 918 3790 utrique
947 3711 1050 3770 debere
1077 3712 1267 3769 instrumenta

76 3809 188 3877 quaedam
215 3808 358 3891 parvula,
389 3830 520 3869 verorum
550 3809 709 3886 imagines,
739 3830 837 3888 parare
859 3833 865 3865 τ
901 3810 1018 3867 omnino
1046 3829 1097 3888 per
1125 3806 1208 3866 ludos
1236 3828 1268 3864 eo

77 3917 215 3968 convertere
235 3928 387 3989 puerorum
412 3906 583 3986 cupiditates
614 3920 640 3963 et
659 3907 837 3986 voluptates,
859 3929 915 3986 quo
935 3907 1037 3966 maturi
1057 3919 1145 3965 aetate
1165 3925 1268 3989 perve-

78 3997 122 4060 nire
144 4007 273 4066 debeant.
303 3998 473 4084 Κεφάλαιον
504 3998 543 4084 dri
574 4001 705 4076 παιδείας
735 3997 853 4082 λέγομεν
885 4000 940 4084 τήν
967 3997 1067 4084 ὀρθήν
1093 3996 1220 4084 τροφὴν,
1248 3997 1269 4080 ἢ

78 4096 116 4154 ¹⁰¹3
132 4102 280 4180 παίζοντος
299 4100 354 4188 τήν
373 4101 478 4187 ψυχήν
498 4106 538 4179 εἰς
559 4101 655 4187 ἔρωτα
677 4100 723 4167 ὅτι
743 4101 870 4184 μάλιστα
891 4101 952 4178 ἄξει
973 4100 1091 4178 τούτου,
1113 4094 1148 4164 ori
1171 4091 1268 4183 δεήσει

84 4250 293 4276 N*uu-u·—

93 4340 429 4420 howswa

104 4424 123 4489 ²)
137 4435 190 4488 sna.
207 4437 265 4489 aar.
283 4436 314 4488 Α.
