2796 5048
64 375 191 463 isnin
216 396 343 463 audem.
384 397 449 472 Quo
466 398 499 459 sn
519 381 632 478 ligatio
653 397 725 476 quo
744 399 847 457 amoos
866 398 937 473 uu,
958 417 1042 476 quem
1060 395 1217 472 omisso,
1236 396 1285 457 ru-

62 482 128 564 rore
154 489 344 579 spectaverit,
372 516 388 557 e
413 495 553 580 Phaedro
580 489 623 556 et'
636 496 790 576 Symposio
818 481 1003 578 intelligitur.
1055 487 1222 575 Πάνδημος
1243 508 1284 555 est

61 599 117 663 isto
137 595 268 670 scilicet,
288 594 338 675 qui
363 594 509 655 bominem
533 594 574 654 sic
592 592 630 653 ad
653 595 832 675 turpissima,
854 607 886 654 ut
904 589 1037 672 οὐράνιος
1058 595 1096 655 ad
1114 595 1286 677 pulcerrima

62 690 193 784 quaeque
221 713 250 759 et
277 699 493 774 honestissima,
523 698 653 758 adducit.
694 699 776 760 Idem
805 712 900 759 autem
928 698 980 758 ille
1009 700 1078 761 vilis
1104 701 1287 779 abjectusque

62 823 164 874 amor,
185 814 219 860 ut
247 800 281 858 iu
305 798 445 860 Phaedro
465 799 577 878 poetica
596 811 638 856 est
655 799 765 858 ratione
785 798 964 879 descriptus,
986 799 1030 857 ita·
1046 798 1094 859 blc
1114 796 1305 880 philosophi,

58 898 152 983 hece
177 898 214 958 dc
242 910 345 956 natura
380 895 506 955 bumana
536 895 755 973 disquisitione,
785 895 928 972 efficitur,
958 879 1053 976 qualis
1084 898 1121 957 sit
1149 896 1285 978 proprie,

58 1018 205 1079 qumque
215 996 274 1057 vim
282 993 319 1054 ad
328 1007 450 1054 caeteras
466 992 638 1074 cupiditates
648 1015 745 1055 omnes
754 994 954 1056 incendendas
973 1009 1120 1075 totumque
1139 995 1285 1055 bominem

58 1088 95 1161 ἡ
110 1093 406 1175 regendum-tyranni
421 1093 512 1152 instar
531 1104 558 1151 et
577 1093 693 1174 penitus
712 1093 970 1174 corrumpendum,
991 1094 1104 1155 babeat.
1145 1094 1209 1168 Quo
1228 1113 1285 1150 ma·

58 1192 108 1275 fis
125 1192 236 1252 ethicae
251 1190 346 1250 locum
362 1189 553 1272 philosophus
562 1236 571 1266 ,
592 1192 643 1271 qui
661 1205 703 1251 est
728 1192 765 1251 de
784 1191 941 1268 virtutibus
961 1214 993 1252 ac
1010 1193 1090 1253 vitiis
1109 1193 1289 1270 maximeque

58 1288 102 1369 do
119 1291 210 1351 animi
227 1289 451 1371 depravatione,
472 1288 559 1370 plene
577 1303 710 1349 tractasse
731 1289 858 1350 videtur.
905 1289 962 1351 Sed
980 1292 1014 1350 in
1033 1293 1092 1352 vita
1110 1290 1290 1372 potissimum

58 1388 213 1471 tyrannici
243 1389 305 1450 riri·
326 1387 373 1448 hic
403 1388 537 1450 stimulus
557 1389 660 1448 amoris
679 1401 816 1470 apparet:
837 1387 914 1468 quod
924 1433 933 1463 ,
951 1409 1020 1469 age,
1040 1388 1186 1460 describat
1205 1385 1290 1447 nobis

58 1472 202 1569 deinceps
222 1487 359 1548 Socrates.

433 1682 535 1766 Vita
564 1691 655 1743 oiri
685 1693 924 1765 tyrannici.

109 1889 177 1948 oFit
192 1889 297 1969 igitur,
313 1887 354 1947 ait
364 1931 373 1962 ,
390 1886 468 1946 hunc
488 1889 520 1949 in
539 1887 655 1949 modum
670 1877 736 1949 talis
750 1891 805 1950 vir.
827 1890 884 1964 Qui
905 1903 999 1948 autern
1019 1909 1052 1947 eo
1068 1901 1283 1969 pervenerunt,

58 1988 164 2062 festis,
178 1985 446 2060 comessationibus,
460 1988 674 2066 congressibus,
685 1989 785 2066 scortis
795 1989 969 2067 caeterisque
979 1985 1144 2065 hujusmodi
1155 1986 1289 2046 omnihus

58 2073 289 2166 indulgentiis
308 2075 456 2166 ἂνἜρως
474 2076 714 2167 τύραννοςιένδον
730 2085 817 2148 οἰκῶν
830 2079 1027 2171 διακοβερνῴη
1050 2077 1088 2145 τοὶ
1109 2083 1164 2166 τῆς
1184 2083 1289 2167 ψυχῆς

58 2181 211 2250 ἕποιντο·
232 2209 358 2266 quorum
380 2189 536 2266 'tyrannus
568 2189 677 2266 Amor,
706 2197 792 2249 intus
819 2197 917 2250 animi
944 2190 1075 2247 incolens
1098 2171 1271 2264 penetralia
1278 2230 1287 2261 ,

60 2297 150 2372 regit
173 2295 281 2348 mania.
341 2287 439 2366 Itaque
468 2287 574 2347 multae
606 2288 667 2348 dies
702 2302 854 2369 noctesque
884 2286 1067 2349 vehementes
1096 2283 1286 2365 cupiditates,

62 2386 220 2449 multorum
238 2384 372 2464 indigae,
393 2383 551 2465 pullulant.
593 2387 657 2447 (lito
683 2388 789 2467 igitur,
810 2387 904 2467 siqui
929 2398 1085 2468 proventus
1104 2382 1287 2458 exstiterint,

58 2480 284 2547 consumuntur.
326 2483 391 2545 Post
419 2481 490 2541 haec
520 2484 618 2562 utique
648 2486 766 2545 foenora
794 2501 822 2572 et
840 2486 1005 2566 patrimonii
1025 2483 1185 2563 dissipatio.
1226 2480 1287 2540 Ubi
1382 2489 1389 2509 ⁸

58 2606 137 2648 vero.
159 2582 302 2644 deficiunt
327 2581 422 2641 omnia
432 2626 441 2655 ,
473 2602 587 2641 necesse
604 2598 645 2642 est
663 2583 836 2664 cupiditates
855 2583 1006 2645 vociferari
1026 2595 1110 2660 atque
1130 2580 1286 2658 conqueri,

58 2703 136 2763 quae
163 2680 281 2760 quidem
301 2680 464 2759 frequentes
491 2679 678 2762 ardentesque
708 2684 740 2742 in
767 2683 863 2741 animo
889 2680 1083 2757 delitescunt3
1116 2671 1223 2749 αΰτούς
1258 2676 1288 2758 l)

58 2776 91 2844 δ’
108 2772 210 2861 ὥσπερ
231 2771 290 2840 ὑπο
313 2772 440 2860 κέντρων
461 2772 682 2858 ἐλαυνομένους,
704 2781 764 2843 τῶν
784 2803 816 2842 τε
835 2772 932 2840 littus
949 2773 1130 2859 ἒπιθομιῶν,
1152 2776 1202 2840 καὶ
1218 2778 1286 2839 dior·

58 2872 218 2967 φερόντως
242 2874 292 2940 ὑπ’
313 2874 406 2943 αὐτοῦ
431 2879 485 2941 τοῦ
503 2874 653 2964 Ἔρωτος,
677 2878 783 2960 πάσαις
805 2886 870 2958 roric
891 2875 1006 2957 ἄλλοις,
1029 2874 1129 2966 οἵσπερ
1150 2877 1287 2965 δορυφό-

58 3008 143 3071 ροις,
164 2978 341 3068 ἡγουμένου,
366 2983 497 3065 οἰστρᾶν·
518 2993 596 3066 ipsos
612 2998 731 3063 autom,
752 2990 848 3046 colati
869 2989 1003 3046 stimulis
1025 2988 1200 3065 quibusdam
1217 2992 1288 3066 ogt'-

58 3099 163 3163 tatoa,
193 3110 262 3145 curn
297 3094 425 3145 coeteris
461 3088 654 3161 libidinibus,
684 3097 751 3146 tum
777 3095 840 3164 t'pao
864 3088 1046 3165 praesertim
1075 3087 1204 3160 Amore,
1236 3091 1288 3164 qui

58 3188 193 3265 reliquie
206 3187 362 3260 omnibus,
383 3195 529 3263 tanquam
547 3187 609 3243 duo
620 3230 628 3260 ,
645 3196 786 3264 praeeat,
807 3194 841 3243 in
853 3187 999 3262 furorem
1019 3187 1119 3264 adigi,
1140 3184 1289 3262 afferrique

59 3284 104 3347 ad
130 3283 361 3364 explorandum,
391 3285 414 3344 si
445 3285 509 3363 quis
536 3283 693 3364 quidquam
712 3284 873 3366 possideat,
894 3284 972 3365 quod
991 3283 1039 3344 vel
1059 3282 1161 3344 fraude
1181 3281 1288 3360 surripi

61 3383 113 3446 vel
133 3383 166 3443 vi
185 3382 257 3463 eripi
277 3383 375 3462 possit.
416 3384 493 3442 Hinc
521 3384 616 3459 furta,
635 3382 706 3443 hinc
726 3385 865 3465 rapinae,
885 3383 954 3442 binc
973 3383 1094 3442 crimina
1114 3395 1142 3440 ct
1161 3380 1286 3458 flagitia,

61 3494 98 3543 ut
124 3480 224 3541 ausint
252 3479 323 3540 adeo
351 3494 379 3539 et
397 3479 476 3540 domi
494 3495 628 3562 parentes
647 3481 817 3558 verberibus
836 3480 955 3540 caedere
973 3494 1000 3538 et
1018 3480 1089 3538 soris
1108 3479 1288 3558 magistratus

61 3578 198 3653 laedere,
219 3579 281 3659 ipsa
299 3576 370 3637 adeo
389 3580 513 3638 Deorum
533 3579 639 3659 templa
657 3601 690 3639 ac
709 3579 924 3638 sacrariolare.
936 3602 951 3634 ο
975 3573 1007 3656 2)

103 3678 186 3753 Quae
213 3697 281 3738 veru
307 3676 424 3736 nomine
451 3668 575 3736 dicendi
603 3677 635 3736 in
664 3677 781 3738 civitate
807 3676 925 3743 libertas
952 3675 1003 3748 sit,
1024 3694 1040 3732 e
1059 3672 1234 3752 tyrannide,
1255 3686 1287 3735 u‘t

61 3776 211 3856 descripta
229 3797 245 3835 a
265 3774 385 3835 Platone
404 3790 462 3851 est,
485 3774 560 3835 effici
586 3776 620 3836 in
645 3776 745 3856 primis
764 3796 860 3856 posse,
881 3762 1155 3849 animadvertimus5
1178 3794 1214 3833 ex
1233 3773 1287 3832 bac

60 3888 159 3937 autem
190 3873 337 3952 tyrannici
367 3873 424 3933 viri
454 3872 646 3955 descriptione
673 3896 733 3934 non
763 3875 877 3948 minus,
908 3870 1010 3946 credo,
1042 3891 1114 3951 quae
1144 3871 1287 3945 hominis,

59 3973 143 4046 sive,
166 3985 198 4030 ut
226 3993 277 4030 nos
304 3970 465 4049 loquimur,
486 3975 609 4032 morolio
628 3974 665 4032 sit
690 3973 826 4047 libertas,
847 3970 1031 4050 intelligitur.
1072 3968 1191 4029 Etbicae
1208 3967 1298 4048 apudx

58 4092 115 4132 nos
144 4068 271 4130 doctores
298 4070 442 4132 hominem
472 4065 541 4132 esse·
557 4071 661 4133 dicunt
691 4085 823 4132 naturam
857 4070 1011 4148 moralem,
1039 4067 1146 4148 quippe
1171 4066 1289 4127 moralis

60 4239 320 4255 -q—-m—

98 4330 123 4396 1)
144 4333 183 4386 Sic
200 4333 337 4403 legendum
355 4348 403 4399 pro
421 4319 490 4400 τούς
506 4333 616 4386 videtur.

95 4428 127 4495 2)
147 4430 184 4480 lle
201 4431 263 4498 nep.
280 4429 322 4481 tx.
341 4426 403 4505 5⁷3.
416 4426 488 4480 C.-
506 4425 563 4479 576.
582 4426 612 4477 B.
