2796 5048
652 230 709 294 1⁰8

80 394 248 474 elegantiam
276 408 304 454 et
332 393 536 455 sublimitatem
561 409 721 476 agnoscunt
748 414 863 469 omnes,
894 414 945 454 nos
969 397 1002 454 in
1032 396 1134 477 primis
1166 396 1297 457 admirari

80 492 201 551 solemus
229 492 458 573 simplicitatem:
493 493 720 553 animadvertere
747 508 841 563 autem
874 493 923 552 hle
951 493 1019 552 licet
1046 493 1252 576 philosophiae
1277 509 1300 554 et

80 594 194 670 poeseos
212 589 376 651 discrimeh.
398 592 462 650 Non
482 590 617 650 laudatur
634 613 725 666 amor,
747 592 815 666 sed,
833 591 926 669 qualis
944 592 1000 666 sit,
1020 612 1077 669 quo
1095 593 1220 669 tendat,
1236 592 1300 673 quid

81 685 205 761 efficiat,
226 689 405 766 exquiritur:
427 710 486 748 non
510 688 571 748 alae
595 696 789 749 memorantur
809 690 899 748 animi
909 734 918 763 ,
940 708 1014 767 quae
1032 690 1070 749 ad
1087 689 1190 770 pulcri
1208 688 1297 773 adspe-

80 796 158 843 ctum
168 787 340 865 geminent,
354 787 556 864 hominemque
571 786 695 847 evehant
710 788 741 846 i'n
756 787 868 846 beatam
882 789 1006 846 Deorum
1019 787 1116 847 sedem
1137 802 1299 873 moampm

82 884 227 960 veritatis,
248 883 297 943 sed
315 897 417 944 natura
434 883 594 943 attenditur
611 885 755 959 humana,
770 899 798 944 11
816 886 1041 964 investigantur,
1055 902 1129 964 quae
1144 886 1174 946 ei
1187 880 1299 965 fflffll

34 976 37 985 '
82 981 176 1040 studia
195 995 222 1042 et
239 983 390 1042 facultates
408 982 554 1042 sublimes.
596 983 815 1042 Enthusiasmus
833 1003 894 1041 non
913 981 1088 1042 describitur
1111 966 1313 1061 1111111,ΓῆΙΙ

81 1081 144 1160 pan'
162 1079 289 1140 efficacil
309 1083 353 1142 vis
371 1080 535 1141 declaratur
552 1081 647 1161 pulcri
666 1081 705 1141 ad
723 1081 824 1140 insitas
847 1100 972 1159 quasque
997 1083 1120 1141 virtutes
1148 1068 1299 1153 eliciufl

81 1191 109 1237 et
126 1179 324 1259 explicandas.
349 1181 412 1253 Quo
433 1200 484 1238 nos
501 1193 636 1240 evexerat
654 1179 789 1238 sublimis
808 1178 859 1237 ille
885 1181 916 1238 iu
937 1178 1066 1239 Phaedro
1089 1179 1238 1259 hymnus,
1252 1180 1295 1257 qd

80 1278 198 1356 poeticis
221 1278 267 1336 his
290 1277 425 1358 splendet
449 1277 642 1358 imaginibus,
668 1277 767 1337 eodem
796 1298 848 1336 nos
871 1276 992 1336 adducit
1016 1276 1141 1361 simplex
1165 1276 1296 1337 1111111111

67 1394 188 1450 ,1111111;
211 1373 260 1432 sed
280 1374 370 1435 efficit
387 1376 435 1436 hic
455 1376 558 1451 simul,
580 1390 612 1435 ut
628 1396 700 1455 quae
724 1374 788 1434 illic
811 1375 923 1455 poetice
947 1388 1015 1434 sunt
1042 1374 1141 1448 dicta,
1163 1376 1295 1456 megisqqt

79 1471 118 1530 ad
145 1471 320 1532 movendum
340 1488 425 1552 quam
448 1473 744 1556 ad·persuadendum
773 1472 891 1548 valent,
912 1472 1098 1549 horumjam
1126 1492 1296 1552 essequam
1340 1502 1342 1511 ·

80 1568 337 1648 significationem,
357 1573 559 1653 proprietatem
576 1586 661 1652 atque
672 1616 680 1646 ,
702 1584 734 1629 ut
758 1570 798 1629 ita
815 1570 929 1644 dicam,
952 1571 1111 1632 veritatem.
1154 1571 1218 1631 Imo
1240 1590 1297 1633 veto

81 1686 133 1725 nos
162 1667 275 1749 longius
294 1670 379 1729 etiam
408 1670 506 1730 educit
534 1671 667 1731 Diotiure.
708 1670 772 1730 Jam
790 1671 867 1727 enim
891 1669 1076 1748 pervenimus
1102 1689 1156 1744 11,
1177 1670 1297 1749 quadiu

80 1763 263 1846 philosophia
281 1767 376 1848 pulcri
398 1788 537 1827 summum
554 1783 596 1828 111
616 1781 643 1827 11
663 1769 840 1840 extremum,
861 1765 898 1825 ad
916 1766 1007 1846 ipsam
1029 1767 1126 1846 pulcri
1144 1768 1298 1827 scientiam.

85 1862 169 1922 «Jam
189 1885 274 1939 vero,
295 1868 353 1942 ait,
374 1886 486 1927 omnem
505 1866 625 1926 intende
644 1867 748 1925 mentis
766 1865 864 1923 aciem.
908 1865 1080 1942 Quicunque
1104 1866 1186 1924 enim
1206 1866 1301 1925 bueus·

80 1980 135 2039 que
155 1962 193 2021 ad
211 1967 346 2047 amatpria
363 1966 467 2025 duetus
486 1980 528 2025 est
550 1985 648 2040 sacra,
668 1979 743 2024 recte
768 1977 796 2021 et
820 1961 922 2021 ordine
947 1963 1160 2042 contemplatus
1188 1963 1303 2045 pulcra,

80 2058 118 2120 ad
136 2058 223 2119 finem
239 2063 299 2139 jam
317 2063 457 2123 accedens
475 2065 625 2122 amatoriae
646 2061 835 2142 disciplinae,
855 2060 999 2140 extemplo
1015 2060 1195 2120 'admirabile
1214 2063 1306 2142 quod·

80 2157 146 2216 dam
175 2161 331 2240 conspiciet
359 2160 509 2241 pulcrum:
539 2159 616 2219 idem
644 2159 739 2233 illud,
770 2180 786 2218 o
814 2157 959 2232 Socrates,
980 2160 1062 2237 cujus
1090 2160 1184 2238 gratia
1213 2180 1307 2221 omues
1340 2238 1342 2245 Ι

81 2270 164 2314 antea
184 2255 294 2317 labores
314 2260 437 2339 suscepti
460 2272 544 2332 sunt,
565 2259 689 2339 primum
717 2257 851 2335 quidem,
872 2256 950 2335 quod
979 2250 1097 2338 sempera·
1115 2271 1176 2334 est,
1198 2280 1254 2321 nec
1277 2259 1308 2319 fit

82 2373 209 2430 unquam
229 2369 279 2414 aut
295 2358 387 2437 perit,
407 2377 501 2434 neque
524 2368 643 2437 augetur
663 2370 715 2416 aut
737 2357 897 2414 minuitur:
919 2354 1020 2436 poiro,
1040 2355 1119 2434 quod
1147 2376 1211 2416 non
1240 2380 1308 2440 par·

81 2453 135 2510 tim
162 2459 204 2510 est
222 2454 374 2534 pulcrum,
395 2457 501 2536 partim
529 2470 631 2536 turpe,
652 2475 744 2533 neque
771 2455 828 2531 alio
856 2468 982 2535 tempore
1006 2467 1048 2514 est
1073 2454 1230 2535 pulcrum,
1252 2457 1308 2519 allo

83 2579 143 2617 non
165 2555 251 2627 item,
271 2574 363 2633 neque
383 2555 457 2613 alius
475 2555 517 2613 rei
532 2555 642 2613 ratione
663 2568 704 2613 est
717 2553 866 2634 pulcrum,
882 2552 956 2611 alius
974 2566 1076 2632 turpe:
1098 2572 1195 2631 neque
1215 2555 1307 2636 ipsum

20 2673 23 2681 ·
82 2655 161 2715 illud
178 2655 313 2737 pulcrum
339 2653 436 2713 animo
458 2651 601 2733 fingetur,
622 2660 654 2711 ut
682 2653 781 2729 vultus
808 2651 914 2729 aliquis
943 2663 992 2708 aut
1020 2667 1122 2709 manus
1149 2664 1201 2710 aut
1225 2652 1307 2713 aliud

82 2752 266 2837 hujusmodi„
295 2753 378 2830 cujus
403 2771 505 2831 corpus
524 2764 565 2810 est
583 2753 743 2831 particeps3
766 2770 859 2828 neque
884 2762 916 2808 ut
935 2769 1025 2808 sermo
1044 2747 1163 2826 quidam
1189 2763 1240 2810 aut
1259 2750 1305 2813 do·

80 2852 193 2913 1111111
220 2840 313 2930 neque
343 2863 375 2908 ut
394 2851 427 2908 in
444 2851 629 2930 repositum,
651 2848 687 2908 ab
709 2850 770 2929 ipso
793 2848 926 2923 diversa,
947 2849 979 2906 in
1003 2847 1140 2922 animali,
1161 2848 1305 2925 interra,

81 2954 115 3012 in
133 2940 231 3025 coelo,
252 2950 345 3029 alibi,
367 2943 440 3008 111λὰ
463 2942 537 3008 atico*
557 2943 628 3009 καθ’
649 2940 723 3007 111τό
744 2941 816 3025 μεθ’
836 2939 929 3017 oritoni
950 2942 1099 3025 μονοειδὲς
1119 2940 1165 3007 del
1189 2939 1237 3008 ὅν·
1260 2949 1306 3009 aad

80 3053 223 3128 pulcrum
244 3061 288 3108 est
304 3059 404 3128 ipsum
420 3072 477 3128 per
495 3073 524 3109 ee
534 3096 543 3125 ,
564 3073 662 3110 secum
685 3059 748 3128 ipro
768 3070 882 3128 semper
906 3051 1060 3125 uniforme
1069 3071 1083 3119 ;
1109 3062 1223 3109 caetera
1241 3068 1305 3111 vero

81 3151 197 3224 omnia,
217 3169 290 3227 quae
308 3149 410 3230 pulcra
430 3162 497 3208 sunt
506 3194 515 3223 ,
535 3150 575 3208 sic
596 3149 677 3207 illius
692 3162 759 3233 sunt
776 3149 944 3229 participia,
961 3162 992 3207 ut
1006 3168 1072 3207 cum
1091 3148 1225 3207 oriantur
1237 3147 1304 3207 11111

81 3261 113 3305 11
129 3260 247 3326 pereant
256 3292 265 3321 ,
286 3248 332 3306 illi
352 3248 430 3307 nihil
448 3269 540 3326 neque
559 3246 693 3322 accedat,
714 3268 767 3305 nec
789 3247 973 3322 detrahatur,
987 3266 1081 3325 neque
1100 3245 1225 3305 aliunde
1243 3264 1304 3307 eve

84 3345 156 3404 niat.
177 3379 210 3390 -·
230 3344 307 3404 Haec
328 3348 376 3408 via
395 3360 455 3421 est,
476 3367 532 3425 qua
558 3347 621 3424 quis
644 3345 682 3404 ad
708 3347 842 3405 amatoria
866 3345 913 3406 vel
941 3347 1001 3426 ipse
1020 3345 1173 3425 perveniat
1194 3344 1243 3405 vel
1270 3342 1304 3403 ab

84 3446 143 3507 alio
164 3443 302 3519 ducatur,
325 3459 356 3504 ut
373 3467 389 3504 a
407 3445 517 3525 pulcris
544 3444 622 3503 hisce
648 3465 781 3517 exorsus,
802 3465 911 3524 semper
938 3443 1090 3517 escendat,
1111 3435 1193 3520 quasi
1215 3440 1304 3525 gradi«

85 3547 140 3607 bus
160 3561 259 3620 utens,
280 3543 316 3602 ab
336 3565 394 3603 uno
413 3543 451 3603 ad
474 3543 549 3618 duo,
570 3564 587 3601 a
606 3542 719 3602 duobus
738 3542 776 3602 ad
795 3543 891 3602 omnia
918 3563 1036 3622 corpora
1061 3542 1183 3622 pulcra,
1205 3542 1243 3601 ab
1261 3540 1304 3599 his

84 3643 124 3704 ad
142 3643 243 3725 pulcra
262 3641 375 3716 studia,
396 3663 412 3700 a
435 3641 538 3701 studiis
556 3641 594 3701 ad
612 3641 759 3701 doctrinas
784 3640 916 3721 pulcras,
939 3639 1030 3698 donec
1060 3662 1076 3698 a
1102 3638 1248 3707 doctrinis
1268 3636 1303 3697 ad

86 3742 167 3801 illam
187 3740 304 3800 tandem
322 3739 482 3800 doctrinam
500 3741 668 3821 perveniat,
687 3761 759 3817 quae
784 3762 844 3798 non
872 3740 990 3798 alterius
1017 3752 1077 3812 est,
1098 3759 1183 3815 quam
1212 3744 1304 3816 ipsius

81 3840 188 3918 pulcra·
204 3837 341 3912 scientia,
362 3859 394 3896 ac
421 3839 562 3918 percipiat
587 3850 745 3919 postremo,
766 3837 838 3914 quid
856 3838 893 3895 sit
917 3838 1060 3917 pulcrum.
1102 3836 1138 3894 In
1157 3837 1214 3895 hac
1233 3838 1304 3896 vitae

86 3937 272 4011 conditione,
291 3938 332 3995 mi
350 3936 494 4011 Socrates,
515 3939 539 3995 si
559 3958 694 4016 usquam,
715 3937 826 3996 homini
851 3935 1010 3996 vivendum
1037 3949 1096 4009 est,
1119 3935 1216 4014 ipsum
1242 3955 1303 3994 con·

87 4037 181 4098 tuenti
200 4035 352 4117 pulcrum:
378 4034 457 4113 quod
472 4036 496 4094 si
515 4035 631 4114 quando
650 4034 777 4109 videris,
797 4033 876 4093 haud
896 4035 993 4113 exiges
1012 4032 1090 4093 illud
1108 4030 1144 4091 ad
1164 4035 1230 4093 auri
1258 4052 1306 4093 ve·

87 4137 228 4214 stiumque
247 4133 429 4215 splendorem
446 4134 495 4196 vel
509 4137 651 4212 juvenum
669 4133 798 4194 formam.
840 4131 942 4208 Quid?
971 4133 995 4190 si
1014 4132 1144 4191 eveniret
1163 4132 1306 4213 cuipiam,

89 4248 120 4293 ut
139 4236 233 4314 ipsum
250 4234 384 4315 pulcrum
403 4233 583 4306 intueretur,
602 4232 743 4312 simplex,
764 4253 886 4314 purum,
907 4231 1069 4309 integrum,
1091 4250 1151 4299 non
1173 4227 1308 4289 humanis

48 4352 53 4359 ·
89 4331 242 4405 carnibus,
263 4331 426 4408 coloribus,
447 4354 508 4392 non
524 4331 590 4390 aliis
609 4330 742 4391 humanis
769 4332 852 4412 nugis
875 4329 1119 4403 contaminatum,
1139 4325 1192 4386 sed
1218 4329 1308 4410 ipsum

87 4429 224 4490 divinum
237 4431 369 4510 pulcrum
389 4444 482 4510 posset
501 4428 625 4508 simplici
646 4432 739 4510 specie
756 4428 928 4510 adspicere?
955 4419 1002 4509 ἄρ’
1023 4421 1088 4500 οἴει,
1110 4428 1229 4506 poclm
1250 4425 1311 4509 βίον
