2796 5048
655 240 714 300 518

22 403 26 412 ’
117 407 338 491 suspicarihoc
358 406 422 467 loeo
439 406 527 481 licet,
547 405 647 470 denuo
663 405 821 487 respexisse
843 404 993 465 Platonem
1011 405 1260 468 Lacedaemoniorum
1314 438 1317 445 ·

78 504 302 588 rempublicam,
332 526 390 566 non
420 505 516 585 prouti
543 518 628 565 antea
656 520 682 565 e‘
697 505 820 586 Lycurgi
850 502 962 584 legibus
991 504 1103 578 fuerat,
1132 504 1179 565 sed
1199 508 1266 586 qualis
1337 582 1342 590 ι

79 606 170 688 ipsius
197 625 268 666 aevo
296 624 354 664 esse
383 615 524 683 coeperat.
565 604 638 664 Nam
656 624 743 685 opum
761 601 988 682 divitiarumque
1008 601 1137 664 studium
1152 603 1269 685 Spartam
1321 683 1323 690 .

69 715 142 786 'post
159 701 269 764 bellum
289 701 439 782 inprimis
458 700 751 782 Peloponnesiacum,
779 701 935 777 invasisse,
965 715 996 761 et
1023 700 1143 761 historia
1172 702 1271 764 dorstet

79 800 145 863 aliis
168 800 238 863 locis
263 800 344 860 Plato
369 812 577 860 commemorat.
629 802 778 861 Caeterum
804 799 950 880 quadrant
973 799 1062 881 plane
1088 800 1120 859 in
1148 801 1274 884 Spartanae

79 898 256 981 reipublicae
281 899 802 980 conversionemcorruptionemque,
832 919 904 980 quae
929 899 985 960 hoc
1003 912 1100 960 nostro
1121 900 1276 964 loeosocrr-
1339 893 1342 903 ¹

81 1012 122 1058 tes
150 997 199 1059 de·
214 995 368 1078 oligarchia
396 1009 502 1056 mouet.
552 997 751 1058 Veruntamen
779 999 915 1060 universe
944 998 1103 1079 respexisse
1132 998 1209 1059 Plato
1231 1000 1278 1058 illas

7 1173 10 1179 ,
80 1095 215 1158 Graeciae
232 1096 364 1155 ciuitates
385 1094 519 1171 videtur,
540 1097 573 1157 in
599 1097 704 1177 quibus
730 1118 781 1177 per
805 1117 873 1178 opes
892 1097 1016 1157 maxime
1040 1097 1097 1157 iter
1122 1096 1163 1158 ad
1184 1097 1306 1161 honore.

81 1193 215 1276 patebat,
244 1207 305 1255 tum
331 1194 464 1274 proprie,
492 1207 523 1256 ut
550 1194 622 1256 mihi
649 1194 768 1273 quidem
794 1194 927 1270 videtur,
958 1194 1130 1257 Phoenicias
1156 1194 1283 1271 ciuitates,

82 1295 169 1376 inque
198 1291 245 1353 his
274 1293 396 1355 maxime
424 1292 645 1374 Carthaginem,
676 1293 727 1354 ubi
755 1292 861 1355 diserte
889 1292 987 1374 prodit
1007 1293 1195 1371 Aristoteles,
1199 1292 1286 1359 alar

80 1393 201 1479 tardus,
231 1420 291 1463 non
310 1391 481 1480 οἶριστινδην
501 1420 546 1458 res
572 1399 786 1463 administratas
811 1420 881 1461 esse.
924 1389 1098 1459 Diuitiarum
1127 1415 1202 1460 certe
1225 1400 1288 1480 cupi·

82 1499 202 1564 ditatem
228 1499 310 1563 Plato
335 1500 528 1564 Phoenicibus
555 1500 659 1562 tribuit
686 1500 883 1581 potissimum,
918 1512 951 1558 ut
980 1519 995 1557 e
1025 1499 1110 1572 loco,
1139 1519 1223 1578 quem
1244 1499 1289 1576 jau

83 1596 280 1674 adduximus,
308 1614 396 1681 patet.
449 1595 496 1665 Tri
525 1591 766 1681 φιλοχρήματον,
797 1594 817 1660 δ’
842 1596 909 1683 περὶ
934 1591 1005 1673 τούς
1021 1619 1054 1659 τι
1077 1595 1216 1672 Φοίνικας
1237 1589 1292 1658 slim

84 1701 132 1763 sai
151 1698 220 1778 τούς
240 1698 315 1765 aaut
334 1700 489 1786 Αἰμανιτον
504 1695 583 1783 ’φαίη
608 1724 651 1776 τις
675 1696 711 1762 ἂν
742 1696 800 1782 ου”χ
825 1695 937 1784 ἥκιστα.
961 1699 990 1782 l)
1039 1699 1098 1761 Sed
1127 1699 1291 1780 oligarcbian

86 1808 126 1867 sic
152 1807 235 1867 nobis
264 1808 345 1868 Plato
368 1807 537 1887 descripsit,
568 1821 625 1879 quo
655 1803 777 1863 interius
804 1803 990 1884 oligarehiei,
1021 1811 1106 1882 quem
1138 1816 1235 1878 uocat,
1253 1802 1293 1860 uiri
1317 1792 1321 1799 ’

87 1907 159 1966 vitia
179 1906 352 1987 exploraret
393 1905 497 1964 Illuc
489 1905 578 1985 rgitur
598 1901 806 1985 progredimur.

30 2032 33 2048 ·
130 2005 197 2063 «De
223 2004 309 2065 hoc
300 2018 369 2065 utem
399 2002 579 2078 videndum,
599 2003 639 2061 ait
659 2000 801 2076 Socrates,
822 1983 1062 2080 quemadmodum
1090 1998 1144 2058 fiat
1172 2011 1201 2058 et
1222 1997 1294 2077 qsslis

88 2103 134 2165 sit.
175 2101 256 2164 sie
247 2105 336 2184 agitur
362 2123 399 2161 ex
423 2102 573 2161 ambitioso
591 2100 646 2159 illo
665 2099 727 2158 lieri
747 2098 836 2175 solet,
858 2099 908 2158 ubi
925 2099 1016 2180 patris
1033 2096 1204 2159 istiusmodi
1220 2095 1292 2166 filius,

89 2202 212 2283 primum
241 2202 368 2262 imitatus
396 2221 479 2274 eum,
507 2196 615 2259 deinde
643 2197 723 2260 videt
749 2217 785 2256 ex
810 2197 938 2256 culmine
959 2194 1112 2276 dignitatis
1130 2194 1296 2276 prolapsum,

89 2301 121 2361 in
138 2299 283 2378 judicium
307 2300 344 2359 ab
364 2297 583 2368 insidiatoribus
609 2295 784 2372 deductum¹
812 2317 829 2355 ιι
855 2293 1114 2354 calumniatoribus
1133 2294 1301 2353 circumver-

90 2412 170 2471 tum,
200 2411 260 2458 tum
285 2411 374 2457 morte
401 2395 623 2457 condemnatum
649 2397 696 2455 vel
725 2396 758 2454 in
787 2389 921 2455 exsilium
941 2388 1080 2472 ejecthm,
1101 2393 1183 2451 famia
1202 2391 1305 2453 omniuo

91 2508 120 2554 ot
147 2494 232 2557 bonis
255 2496 417 2577 spoliatum.
459 2496 536 2555 Haec
561 2495 650 2575 igitur·
676 2497 800 2554 intuitus
823 2493 875 2552 ille
892 2513 927 2551 ae
952 2511 1124 2572 perpessus,
1148 2493 1249 2552 amisso
1266 2509 1303 2571 pa·

90 2594 243 2669 trimonio,
272 2607 388 2676 propter
416 2593 602 2655 formidinem
627 2593 796 2669 confestim,
821 2591 925 2669 credo,
953 2587 1001 2650 ἐπὶ
1027 2585 1164 2672 κεφαλήν
1190 2581 1305 2652 duab

91 2692 145 2754 rori
172 2686 289 2773 θρόνοι
315 2693 369 2753 τοῦ
391 2687 422 2755 ἐν
448 2691 488 2778 τῇ
514 2687 623 2754 ἑαυτοῦ
635 2687 739 2778 ’ψυχῇ
766 2685 989 2774 petasatos
1016 2690 1066 2754 καὶ
1091 2688 1129 2758 vd
1159 2687 1306 2772 θνμοιιδὲς

92 2794 194 2858 dasiro·
216 2820 251 2858 ια
273 2804 372 2855 enims·
398 2806 447 2855 sui
473 2799 580 2855 throno
600 2805 630 2855 st
650 2799 840 2860 ambitionem
858 2780 946 2857 idom
967 2808 997 2855 ct
1015 2805 1083 2855 irae
1099 2805 1248 2874 impetum
1264 2796 1303 2852 ds-

85 2907 179 2975 jics't,
209 2897 270 2957 'tum
297 2895 435 2955 humilior
464 2908 582 2976 propter
594 2909 795 3007 paupertatem
815 2897 932 2971 lactus,
945 2917 1004 2957 sese
1022 2894 1060 2955 ad
1081 2910 1234 2975 quaestum
1251 2914 1298 2954 tor

93 2996 179 3072 verti}
194 3008 223 3055 et
240 3007 360 3074 angusto
378 2991 533 3053 admodum
552 2994 649 3052 animo
668 3014 753 3074 parce
763 3015 864 3055 vrvens
874 3015 977 3074 ,seque
998 2997 1029 3053 in
1047 2993 1190 3054 obeundo
1208 2991 1304 3073 negotio

93 3112 218 3166 vexans,
239 3093 376 3207 pecunias
393 3092 514 3206 colligit.
556 3083 633 3173 Ap’
658 3087 723 3152 oris
730 3088 783 3153 οἴιι
811 3115 865 3156 τον
892 3092 1025 3156 τοιοῦτον
1043 3086 1110 3153 τότε
1132 3091 1176 3166 εἰς
1194 3089 1250 3172 μὲν
1265 3081 1305 3150 ris

94 3186 207 3274 θρόνον
234 3184 338 3251 ἐκεῖνον
367 3184 404 3251 τό
431 3186 645 3274 ἐπιθυμητικόν
673 3218 703 3256 τι
732 3193 781 3256 καὶ
811 3185 1038 3277 φιλοχρήματον
1065 3189 1308 3275 ἓφκαθίζιιν,ιιὶ

93 3291 186 3378 μέγαν
209 3287 331 3374 βασιλέα
355 3296 445 3353 ποιεῖν
474 3289 505 3356 ἓν
530 3291 643 3382 scarpi,
670 3292 773 3380 τιάρας
797 3321 827 3360 τι
857 3298 906 3360 καὶ
929 3318 1088 3382 στρινιτονς
1116 3298 1168 3358 καὶ
1188 3290 1309 3391 α’κινοὶιιος

94 3389 340 3478 οιαραζοιννῦντας
361 3420 458 3456 nonne
480 3409 574 3475 putas
601 3401 805 3476 hujuscemodi
826 3404 1005 3460 hominsm'
992 3424 1026 3458 ιιι
1052 3401 1107 3458 illo
1125 3410 1204 3460 tunc
1223 3405 1307 3458 animi

95 3505 200 3560 threno
230 3500 426 3576 cupiditatem
462 3507 550 3574 atquo
578 3502 746 3557 arsatium
771 3509 963 3576 poti-turum,
994 3509 1084 3578 atquo
1110 3499 1210 3572 hanc,
1240 3503 1309 3577 regis

76 3601 215 3682 *Persici
242 3586 361 3671 s'ar'star,
391 3597 577 3672 diedemate,
589 3598 745 3674 fimbriis,
767 3621 835 3657 ense
861 3597 1104 3658 exornatarum?
1152 3590 1203 3656 Tti
1222 3591 1256 3656 δι’
1273 3615 1309 3674 ys,

96 3691 194 3776 οἶμαι,
221 3686 384 3776 λογιστικόν
403 3717 433 3754 τι
454 3692 502 3754 καὶ
526 3691 687 3773 θυμοειδὲς
713 3695 813 3777 χαμαὶ
833 3693 920 3759 ἔνθεν
939 3695 987 3758 καὶ
1008 3690 1310 3779 &transportatione

96 3795 144 3862 ὑπ’
167 3795 263 3883 iurisque
287 3795 335 3858 uoti
358 3791 673 3876 καταδουλωσάμενος
695 3795 844 3858 rationein
864 3811 964 3858 aotam
975 3846 984 3875 ,
1005 3802 1091 3870 credo
1101 3848 1109 3875 ,
1131 3813 1164 3860 ot
1180 3812 1248 3860 irae
1262 3808 1311 3858 im·

93 3915 198 3984 petum
225 3905 310 3959 humi
336 3901 384 3958 lte
412 3903 480 3957 illic
506 3903 687 3977 depositum,
722 3907 836 3959 servire
865 3901 935 3957 huic
966 3908 1063 3979 cogit,
1086 3900 1224 3979 nihilque
1240 3896 1311 3959 aliud

98 4001 243 4080 inquirere
272 3999 341 4057 sinit
365 4019 397 4057 ac
427 3997 625 4074 considerare,
657 4000 714 4058 nisi
744 3997 858 4057 undee
884 3998 1068 4079 paucioribus
1086 4001 1223 4079 pecuniis
1239 4003 1312 4078 quiam

99 4099 238 4183 plurimae
258 4094 439 4170 efficiantur,
471 4110 519 4170 ut,
546 4112 658 4177 praeter
685 4097 804 4158 divitias
824 4110 852 4155 et
875 4095 997 4170 divites,
1019 4095 1096 4155 nihil
1117 4097 1204 4156 colat.
1246 4098 1312 4155 Haeo

100 4215 140 4260 est
161 4193 319 4283 φιλοτίμου
340 4190 406 4256 νέον
427 4198 458 4255 in
480 4191 707 4278 φιλοχρήματον
727 4196 944 4256 commutatio.»
969 4192 1001 4274 2)

33 4376 39 4383 ’
136 4376 160 4441 l)
178 4378 214 4429 De
231 4380 291 4446 liep.
311 4378 350 4430 IV.
368 4375 425 4430 435.
444 4380 473 4431 E.

114 4465 165 4529 2)
184 4465 245 4516 Eod-
264 4465 323 4516 Vlll.
342 4463 398 4514 553.
417 4465 447 4518 sl.
466 4495 500 4503 -
518 4462 575 4515 554.
587 4464 616 4515 E.
