2796 5048
669 234 710 292 84

80 400 171 476 λησαν
198 391 287 454 σίτων
312 415 342 453 rs
364 393 412 453 καὶ
432 415 542 475 norror,
564 392 612 453 καί
634 388 745 454 ἔλαθον
762 391 990 476 =rslsorq'oocorag
1011 389 1129 470 usisceir·
1154 395 1187 468 ἐξ
1208 388 1252 459 air
1267 394 1299 459 ro*

80 495 216 576 τεττίγων
241 491 322 575 γένος
347 490 411 573 μετ)
437 493 525 554 ἐκεῖνο
553 488 675 574 φύεται,
703 492 791 577 γέρας
817 499 904 558 τοῦτο
931 492 1011 578 παρὰ
1039 498 1178 559 Μουσῶν
1201 496 1297 580 λαρόν,

78 596 174 680 μηδὲν
194 597 309 678 τροφῆς
330 598 449 658 δεῖσθαι
476 590 641 676 γενόμενον,
664 594 726 658 ἀλλ’
745 594 847 659 ἄσιτόν
867 623 897 660 τε
918 599 966 660 καὶ
982 595 1090 660 risorem
1104 595 1201 676 εὖθΐς
1213 597 1297 687 ᾅδειν,

80 699 136 776 ἕως
157 695 193 761 dv
212 694 378 784 τελευτήσῃ.
397 699 426 782 l)
446 702 563 779 Itaque,
589 702 667 778 quod
697 701 798 778 adjicit
823 702 968 775 Socrates,
999 724 1051 761 nec
1071 704 1156 763 nobis
1176 720 1219 765 est
1236 706 1297 764 reti-

80 803 220 877 cendum,
241 817 302 862 tum
321 803 386 860 aliis
406 800 548 858 nunciant
566 800 676 873 Musis,
697 802 815 878 quinam
835 800 883 858 htc
905 822 950 859 eas
969 803 1091 860 maxime
1108 803 1226 878 colant,
1245 817 1297 868 tutu

80 902 226 981 Calliopae
246 914 274 959 et
291 901 435 972 Uraniae,
456 898 604 955 Musarum
628 899 850 975 antiquissimis,
871 919 918 956 eos
937 899 1096 959 conciliant
1114 902 1296 980 gratioresque

79 999 219 1069 reddunt,
237 998 287 1077 qui
303 1000 333 1056 in
348 995 530 1078 philosophia
546 995 668 1068 vivunt,
684 1016 834 1073 carumque
854 996 977 1052 maxime
995 998 1132 1055 musicam
1146 998 1294 1058 celebrant
1325 1066 1327 1079 Ι

118 1098 209 1156 Homo
238 1097 344 1176 igitur,
375 1093 412 1153 de
440 1093 567 1152 Platonis
596 1094 758 1167 sententia,
780 1107 864 1150 natus
891 1107 932 1150 est
960 1093 998 1151 ad
1027 1095 1182 1153 musicam:
1205 1097 1293 1155 naturl
1325 1090 1327 1105 '

80 1196 187 1275 quippe
207 1194 353 1274 praeditus
373 1191 501 1271 rhythmi
521 1189 741 1268 harmoniaeque
760 1210 845 1248 sensu
864 1204 892 1249 et
911 1190 1016 1250 studio:
1038 1190 1304 1266 Necveromusica,'

79 1313 164 1371 quam
192 1305 344 1366 memorat,
366 1289 451 1348 exilis
479 1303 521 1361 est
548 1289 601 1346 ista
629 1302 656 1346 et
683 1288 774 1359 levis,
796 1309 868 1366 quae
896 1309 978 1346 aures
1005 1289 1096 1347 solum
1126 1289 1292 1351 modulando

80 1409 267 1466 sonorumque
297 1389 435 1448 varietate
463 1385 623 1460 demulcet;
655 1386 722 1457 sed,
745 1399 775 1443 ut
804 1386 887 1445 modo
914 1408 966 1446 nos
993 1386 1092 1446 docuit
1120 1388 1291 1449 Atheniensis

79 1488 199 1568 hospes,
229 1485 280 1544 illa
309 1500 370 1559 est,
400 1507 471 1564 quae
500 1485 532 1543 in
561 1484 674 1557 choris,
700 1484 732 1540 in
760 1485 874 1563 tragicis
902 1485 1106 1545 certaminibus
1133 1499 1162 1546 et
1190 1488 1290 1547 comicis

81 1587 175 1664 viget:
196 1605 268 1664 quac
288 1583 384 1642 decori
404 1583 531 1642 studium
551 1584 583 1641 in
602 1582 706 1640 animis
730 1581 878 1640 hominum
899 1583 984 1641 unice
1004 1585 1128 1659 excitat,
1146 1584 1288 1665 eosquead

79 1677 245 1763 εὐρυθμίαν
251 1727 261 1754 ,
283 1664 489 1760 εὐαρμοὰτίαν,
510 1673 735 1761 εὐσχημοσύνην
756 1682 918 1762 componit:
931 1678 962 1758 2)
982 1703 1053 1759 quac
1064 1682 1102 1741 ad
1113 1683 1288 1744 excolendum

80 1784 225 1843 hominem
252 1785 311 1845 vim
335 1783 422 1843 habet
450 1784 620 1855 maximam,
641 1782 678 1841 ad
706 1781 843 1840 sublimia
872 1780 986 1853 omnia,
1008 1779 1045 1838 ad
1063 1781 1212 1841 Musarum
1230 1783 1287 1841 anti·

79 1883 227 1961 quissimas
246 1881 395 1963 Calliopen
417 1895 443 1940 et
459 1881 597 1940 Uraniam
608 1925 616 1954 ,
638 1881 698 1938 i.'e.
720 1879 757 1938 ad
776 1878 908 1937 divinam
927 1876 1140 1958 philosophiam
1160 1880 1288 1939 hominem

80 1980 186 2041 evehit.
228 1980 285 2040 Sed
315 1994 356 2040 tot
383 1993 450 2039 sunt
477 1979 547 2038 haec
572 1993 600 2037 et
620 1993 699 2038 tanta
718 1978 838 2035 musices
858 1997 993 2048 munera,
1015 1989 1047 2034 ut
1066 1977 1201 2036 videatur
1218 1979 1287 2037 deiis

80 2078 247 2158 singulatim
268 2078 419 2159 agendum.

283 2272 330 2330 De
351 2282 382 2329 ai
400 2281 528 2330 musices
547 2273 586 2329 ad
605 2272 772 2329 excolendos
788 2291 951 2349 puerorum
969 2279 1092 2329 animos.
1170 2261 1173 2264 .

121 2468 241 2526 Initium
259 2466 396 2526 ducamus
415 2469 518 2525 iterum
533 2466 570 2524 ab
588 2468 648 2547 ipsa
665 2466 790 2526 hominis
807 2480 917 2524 natura.
943 2465 1077 2524 «Dico—
1098 2469 1139 2525 ait
1159 2468 1235 2528 idem
1250 2467 1287 2526 ille

79 2565 157 2646 apud
181 2564 328 2624 Platonem
357 2565 541 2624 Atheniensis
569 2564 688 2646 hospes,
709 2584 857 2644 germanae
876 2565 1021 2643 principia
1040 2564 1232 2626 institutionis
1247 2587 1298 2626 err-v

79 2662 196 2743 plorans
216 2699 249 2708 -
270 2662 335 2722 dico
355 2663 506 2742 equidem,
526 2664 651 2744 primurn
669 2684 726 2721 esse
742 2681 897 2743 puerorum
926 2682 1058 2734 sensum,
1080 2662 1253 2744 voluptatem
1267 2676 1287 2721 et

79 2760 223 2835 dolorem,
245 2781 298 2819 nec
325 2762 471 2842 principio
500 2760 606 2835 alium,
627 2775 738 2842 praeter
762 2760 840 2818 hunc
851 2804 859 2831 ,
881 2758 1021 2818 virtutum
1039 2772 1149 2820 esseae
1166 2765 1286 2823 vitiorum

79 2859 196 2919 fontem.
238 2860 309 2916 Nam
334 2859 510 2938 'sapientiam
538 2859 648 2938 assequi
677 2872 705 2916 et
721 2859 840 2916 ratione
853 2855 1020 2914 confirmare
1033 2879 1116 2918 veras
1135 2862 1285 2940 opiniones,

78 2955 178 3015 beatus
204 2956 257 3014 ille
268 3002 276 3031 ,
298 2956 345 3013 cui
373 2955 405 3014 id
431 2957 463 3014 in
489 2971 633 3017 senectute
656 2957 819 3034 contigerit.
850 2952 969 3012 Sensum
997 2955 1084 3034 igitur
1112 2957 1191 3017 hunc
1212 2959 1285 3019 itain

78 3075 167 3134 puero
194 3053 342 3128 excolere,
364 3067 395 3111 ut
420 3053 513 3113 oderit
540 3056 696 3129 continuo,
717 3073 789 3132 quae
815 3051 972 3130 fugienda,
993 3067 1066 3111 amet
1085 3076 1152 3115 vero
1173 3071 1201 3116 et
1218 3056 1285 3139 appe·

77 3166 136 3226 tat,
157 3173 229 3231 quae
248 3152 409 3233 appetenda
428 3166 496 3211 sunt
507 3197 514 3226 ,
535 3151 589 3210 hoc
608 3172 690 3215 verae
711 3165 752 3210 est
770 3149 960 3208 institutionis
980 3149 1116 3212 officium.
1158 3155 1285 3214 Perfectus

79 3249 218 3311 videlicet
237 3248 320 3309 homo
340 3252 364 3309 is
384 3264 443 3324 cst,
464 3249 513 3328 qui
533 3271 549 3308 a
569 3263 667 3308 tenera
686 3247 756 3307 inde
776 3260 884 3321 aetate,
904 3249 1081 3328 priusquam,
1102 3252 1175 3330 quid
1194 3253 1283 3313 bonua

78 3349 132 3422 sit,
153 3346 225 3427 quid
253 3347 378 3420 malum,
395 3347 528 3425 judicare
555 3347 662 3427 possit,
683 3360 781 3426 sponte
807 3367 856 3404 sua
886 3366 922 3404 cx
941 3345 1024 3405 rebus
1043 3348 1154 3428 pulcris
1172 3332 1201 3411 ei
1218 3348 1283 3411 bonis

79 3445 273 3526 voluptatem,
295 3466 330 3503 ex
354 3444 486 3525 turpibus
502 3444 543 3504 'et
571 3445 653 3503 malis
682 3444 810 3504 dolorem
837 3444 961 3524 ceperit:
992 3460 1092 3506 nactus
1112 3462 1208 3508 autern
1233 3465 1282 3507 cun

79 3544 188 3602 ratione
213 3542 368 3621 judicandi
398 3542 583 3617 facultatem,
613 3544 751 3601 rationem
781 3561 845 3598 cum
877 3541 930 3599 hoc
958 3563 1042 3601 sensu
1067 3546 1097 3604 in
1129 3560 1281 3606 concentui

78 3640 227 3721 redegerit.
269 3642 325 3701 Hic
353 3642 465 3701 scilicet
493 3654 666 3715 concentus,
687 3640 756 3699 haec
783 3635 940 3719 ξυμφωνία
969 3641 1029 3722 ipsa
1048 3656 1089 3702 est
1109 3645 1211 3705 virtus.
1238 3636 1280 3702 Sed

80 3760 145 3799 cum
173 3738 248 3797 hanc
277 3753 380 3799 rectam
408 3739 589 3821 voluptatum
615 3753 642 3797 et
669 3739 800 3798 dolorum
828 3741 1049 3803 moderationem
1076 3744 1223 3802 remittant
1237 3742 1281 3800 fut

80 3837 212 3897 mortales
237 3852 265 3896 et
288 3851 452 3918 pervertant
477 3858 695 3919 saepenumero,
716 3837 842 3916 indeque
869 3841 997 3898 oriantur
1024 3853 1051 3897 et
1068 3840 1139 3898 vitia
1158 3840 1249 3899 omnia
1262 3843 1282 3891 tt

81 3955 231 3994 aerumnae
261 3936 460 4014 gravissimae,
489 3937 556 4009 Dii,
585 3934 742 3993 humanum
769 3957 856 4015 genus
884 3938 1026 4011 miserati,
1055 3937 1133 4016 quod
1156 3931 1286 3997 aerumni⁵

79 4033 156 4092 hisce
184 4033 242 4091 suis
270 4046 297 4091 et
326 4031 472 4092 laboribus
499 4032 712 4106 succumberet,
729 4036 817 4108 sesto
846 4036 1052 4109 instituerunt,
1072 4057 1144 4114 quae
1169 4036 1298 4096 laborum·

113 4341 589 4422 nmmmnmanc

112 4427 461 4497 summme
