2774 5048
647 238 703 298 281

92 416 136 463 tun
152 416 269 463 coaretn
285 403 318 462 in
339 399 425 460 rebus
442 399 646 479 cognoscendis
666 399 831 481 philosophi
853 412 988 460 mentem.
1030 397 1102 457 Nam
1128 397 1218 458 efficit
1247 419 1282 459 ex

90 501 192 561 intentio
211 522 297 580 quam
320 499 456 581 plurimis
474 511 503 557 et
521 499 601 577 quasi
620 498 762 558 construit
782 496 931 557 doctrinae
949 496 1103 557 formulam
1121 497 1282 576 quandam,

89 608 192 679 tyrtm
208 620 224 658 a
240 597 442 679 componendo
461 609 490 655 et
509 596 704 657 construendo
727 595 919 676 appellatam,
941 596 1018 674 quod
1045 596 1176 674 quamvis
1202 596 1283 656 ordi·

87 716 127 772 nt,
139 698 265 777 quamvis
281 697 407 778 partium
424 695 629 773 conjunctione
648 693 714 774 apti
731 708 760 753 et
778 694 902 774 eleganti
922 692 1024 751 habitu
1043 713 1072 752 se
1090 692 1282 770 commendet,

85 806 159 855 tmen
184 796 244 855 suis
261 808 305 854 est
324 793 467 853 limitibus
492 793 749 873 circumscriptum.
800 793 860 851 Hos
875 804 982 851 ¹antem
1010 790 1116 850 limites
1142 811 1197 850 nec
1226 789 1283 850 fert

81 892 271 975 philosophia,
284 907 312 952 et
338 894 422 973 gestit
449 891 552 951 natura
578 911 712 971 superare
740 889 978 971 philosophorum
1008 890 1167 967 ingenium.
1217 890 1282 963 Quo

83 990 184 1066 ccidit,
205 1004 255 1065 ut,
275 989 420 1070 quidquid
440 1003 504 1071 post
522 988 667 1049 Socratem
684 1002 713 1048 et
732 988 881 1048 Platonem
900 986 1065 1067 philosophi
1095 988 1127 1048 in
1154 985 1280 1047 conden-

84 1086 115 1149 do
128 1088 326 1169 systematibns
342 1089 436 1148 moliti
453 1101 540 1162 sunt,
561 1100 590 1146 et
614 1087 765 1166 quamvis,
785 1106 858 1165 quae
878 1083 1093 1160 condiderunt,
1113 1085 1281 1164 aequalibus

82 1184 236 1267 decuerint,
258 1185 411 1267 repudiata
438 1186 508 1247 haec
527 1199 623 1245 umen
641 1207 658 1244 a
675 1186 796 1267 posteris
815 1184 944 1243 fuerint:
967 1182 1046 1243 unde
1056 1229 1064 1258 ,
1085 1182 1164 1264 apud
1182 1205 1281 1243 recen·

80 1282 164 1361 dues,
200 1285 321 1344 histonii
353 1297 557 1366 systematum,
590 1305 664 1363 quae
695 1283 752 1343 sihi
784 1280 946 1342 identidem
974 1295 1190 1356 successerunt,
1219 1283 1281 1361 ipsa

79 1376 405 1463 littoria.philosophiae
432 1401 564 1462 magnam
592 1396 703 1464 partem
728 1381 904 1440 continetur.
946 1380 1023 1439 Huic
1041 1394 1135 1439 autem
1155 1374 1281 1440 naturali

78 1476 296 1562 philosophorum
324 1479 421 1541 studio
449 1494 477 1539 et
504 1478 601 1540 ardori
630 1479 769 1542 convenit
798 1477 885 1558 plane
913 1499 945 1537 ac
972 1478 1113 1538 satisfacit
1131 1479 1282 1538 Platonica

77 1576 216 1640 Rhodus.
267 1579 403 1659 Analysis
432 1579 510 1639 eninr
538 1578 636 1638 nullos
663 1578 769 1653 habet,
798 1577 854 1636 nisi
882 1577 973 1658 ipsius
1002 1577 1115 1656 ingenii
1141 1576 1281 1650 humani,

77 1676 201 1737 minos.
242 1678 314 1737 Nam
343 1678 386 1736 nti
413 1677 562 1738 cernendo
582 1675 790 1760 jungendoque
809 1674 1012 1756 progreditur,
1032 1676 1073 1734 ita
1092 1696 1211 1735 cernere
1230 1674 1279 1735 dc-

77 1771 131 1834 tinit
145 1796 312 1854 nunquam,
332 1775 383 1836 sed
392 1795 465 1855 quac
483 1776 638 1854 conjunxit
652 1774 833 1847 identidem,
844 1793 992 1835 noramea
1007 1774 1131 1854 gignunt
1141 1771 1281 1832 cernendi

76 1870 283 1952 explorandique
306 1875 473 1949 materiam,
492 1873 572 1934 unde
591 1894 683 1935 nuvae
709 1875 813 1934 iterum
840 1869 1025 1952 συναγωγαὶ,
1055 1873 1282 1946 conductiones,

71 1986 129 2045 qus
142 1972 241 2032 Cicero
257 1988 360 2048 vocat,
378 1993 507 2052 quaeque
532 1971 617 2032 nobis
634 1972 775 2033 dicuntur
793 1976 1042 2047 combinationes,
1062 1972 1215 2030 oriuntur:
1247 1983 1279 2028 nt

79 2062 169 2128 ulain
189 2070 221 2129 in
238 2070 285 2130 his
304 2073 341 2131 sit
364 2072 477 2152 ingenii
497 2070 616 2130 humani
644 2072 820 2151 progressio,
844 2086 986 2151 qnatenus
1019 2069 1136 2148 quidem
1164 2068 1197 2126 in
1226 2069 1280 2127 hac

76 2164 221 2251 tudiuone
247 2189 299 2227 sua
318 2167 453 2250 progredi
470 2181 572 2249 potest.
613 2167 693 2242 Quid
711 2167 824 2229 efficere
843 2191 896 2252 per
913 2169 989 2229 hanc
1010 2167 1176 2229 methodum
1193 2165 1279 2225 homo

68 2278 156 2339 queat,
176 2267 309 2346 angurari
328 2266 412 2325 nobis
430 2279 458 2325 et
477 2265 557 2325 haud
573 2267 636 2326 sine
650 2266 855 2347 probabilitate
871 2282 1035 2350 exspectare
1055 2266 1142 2340 licet,
1155 2263 1278 2324 delinire

72 2378 118 2420 tun
135 2362 219 2440 licet,
242 2377 432 2425 veruntamen
451 2363 592 2431 naturalis
620 2364 823 2447 philosophia,
843 2388 916 2446 quae
935 2366 1022 2427 hodie
1050 2366 1108 2425 nul
1132 2364 1186 2423 hac
1211 2382 1279 2422 aua·

71 2452 144 2537 lyrica
160 2464 272 2522 ratione
291 2476 447 2536 tractatur,
467 2476 537 2541 quot
555 2478 732 2543 quantosque
751 2465 822 2525 inde
842 2467 956 2526 fructus
977 2478 1005 2525 et
1027 2467 1091 2545 ipsa
1117 2462 1278 2544 perceperit

69 2552 201 2639 ttgeneri'
213 2560 341 2620 humano
358 2559 560 2642 percipiendos
577 2560 762 2641 praebuerit,
789 2564 912 2622 scimus:
939 2562 1095 2641 eademque
1121 2575 1150 2621 et
1178 2581 1278 2619 exem·

68 2652 134 2733 plum
151 2659 236 2719 nobis
253 2673 312 2734 cst,
333 2657 411 2738 quod
431 2659 522 2718 secuti
541 2659 728 2719 theoreticam
749 2662 969 2739 universumque
988 2659 1202 2741 philosophiam
1219 2671 1276 2716 tra·

68 2762 174 2831 tlmtus,
194 2770 223 2816 et
240 2777 310 2818 vero
328 2756 534 2817 documentum
544 2802 553 2831 ,
574 2778 644 2835 quos
662 2773 840 2838 quantosque
866 2760 900 2818 in
923 2758 977 2818 hac
1005 2758 1099 2818 etiam
1111 2775 1276 2837 progressus

67 2847 138 2912 fl'ltus
155 2855 279 2930 facturi,
299 2856 343 2930 si,
357 2858 470 2935 ¹rejecto
492 2869 676 2937 systematum
693 2857 912 2918 condendorum
931 2856 1054 2922 consilio
1063 2900 1073 2932 ,
1093 2874 1194 2918 verum
1211 2874 1276 2912 eer-
1353 2894 1364 2917 0

67 2950 146 3013 undo
170 2954 256 3012 unice
279 2955 509 3035 jungendoque,
537 2955 649 3031 idest,
675 2956 821 3036 analytica
841 2970 869 3016 et
888 2976 955 3016 vere
980 2953 1154 3037 philosophi
1177 2952 1274 3031 inqui·

67 3048 135 3109 'tadi
150 3052 281 3126 ratione,
302 3054 413 3131 assequi
440 3052 613 3113 studeamus.
655 3053 713 3114 Sed
739 3053 886 3134 quidquid
903 3054 957 3114 hac
975 3055 1009 3114 in
1035 3075 1066 3113 re
1084 3054 1146 3115 sire
1164 3052 1274 3111 factum

66 3140 113 3205 tlte
130 3148 292 3229 neglectum
312 3164 355 3210 est
374 3150 488 3227 adhuc,
510 3151 599 3229 hujus
627 3152 757 3212 effectum
785 3152 926 3213 methodi·
942 3151 1119 3233 praestantii
1138 3162 1200 3225 est,
1221 3163 1275 3225 ut,

66 3256 116 3303 tun
131 3247 216 3306 multi
233 3247 400 3330 philosophi
419 3245 592 3309 Socraticam
609 3249 794 3326 methodum,
814 3273 887 3330 qnae
909 3251 1025 3332 proprie
1042 3251 1099 3325 sit,
1120 3250 1273 3329 ignorent,

66 3352 242 3424 mensque
261 3346 313 3406 alii
331 3347 536 3428 syllogisticam
553 3348 781 3425 Aristotelicum,
803 3371 901 3409 omnes
919 3364 1015 3409 tamen
1042 3348 1183 3409 cernendi
1198 3349 1274 3425 jun-

63 3438 203 3523 lvodique
217 3457 326 3520 artem,
348 3445 524 3527 analyticam
542 3447 682 3507 rationem
701 3462 728 3507 et
747 3448 873 3529 probent
892 3448 1088 3526 laudentque,
1116 3458 1145 3503 et
1163 3447 1195 3505 in
1215 3447 1273 3526 pri·

60 3535 105 3597 uis
120 3539 150 3599 in
168 3543 248 3601 omni
265 3542 463 3603 doctrinarum
481 3565 585 3625 genere
604 3544 800 3624 usurpandam
815 3544 1028 3605 commendent.

58 3720 65 3735 .
89 3634 141 3699 Sed
157 3639 253 3699 adhuc
273 3639 403 3701 diximus
422 3642 458 3702 de
479 3643 657 3722 singularum
678 3656 780 3702 natura
798 3664 905 3721 usuque
924 3642 1140 3718 methodorum,
1152 3664 1274 3722 quarum

56 3740 210 3797 'urentores
227 3736 412 3801 celebrantur
435 3741 675 3822 philosophorum
700 3743 830 3801 omnium
857 3742 1006 3802 triumviri
1035 3741 1273 3822 celebratissimi,

56 3816 186 3924 Sturam,
205 3837 307 3914 Plato,
328 3839 503 3900 Aristoteles.
540 3840 582 3900 Ut
600 3841 750 3921 proprium
770 3840 929 3920 aliquando
947 3840 1113 3900 Phtonicae
1132 3840 1273 3901 dialecti-

56 3926 97 4007 με
114 3936 321 3996 characterem
339 3959 539 4017 assequamur,
560 3960 620 3999 non
641 3937 847 4019 distinguenda
867 3939 936 3998 haec
957 3953 1068 4000 tantum
1088 3939 1125 3997 ab
1150 3939 1273 3999 alioruut

57 4034 173 4093 menne
193 4048 253 4110 est,
273 4034 325 4095 sed
343 4034 492 4096 attende're
511 4037 585 4116 item¹
594 4037 696 4112 decet,
715 4058 773 4116 quo
792 4039 873 4097 modo
891 4058 1005 4118 quoque
1020 4018 1170 4115 proportio
1192 4057 1272 4095 usur·

57 4131 156 4191 ureris
184 4152 246 4193 eam
270 4135 307 4211 l.)¹
333 4181 362 4211 Ι.
404 4135 565 4215 Utrumque
593 4156 626 4196 eo
643 4124 771 4196 'facilius
800 4156 999 4216 assequemur,
1026 4158 1084 4216 quo
1110 4136 1216 4195 rectius
1236 4133 1272 4193 ab

57 4215 211 4291 brittotelis
228 4198 449 4314 pmlelaorisqne
469 4236 571 4295 aetatis
588 4235 703 4315 analysi
722 4235 899 4311 Platonicam
918 4234 1145 4295 distinxerimus.

89 4325 161 4388 Eum
179 4329 213 4389 in
230 4330 348 4391 modum
367 4331 445 4414 apud
464 4333 643 4394 Aristotelem
663 4333 791 4413 aliosque
810 4333 881 4393 haec
897 4331 1028 4414 procedit
1047 4330 1187 4390 cernendi
1200 4332 1270 4408 jun-

59 4425 183 4507 cndique
211 4428 381 4506 methodus,
413 4445 445 4491 ut
474 4430 575 4492 doceat
590 4432 721 4491 ¹lectores
748 4446 874 4506 auctor,
900 4432 933 4490 in
960 4452 1031 4509 quas
1063 4442 1158 4511 partes
1187 4429 1268 4491 divi-
