2796 5048
659 243 715 304 ttl
754 307 758 313 ,

61 418 102 466 ut
123 409 185 473 ,aa
196 425 315 465 sensam
333 405 440 462 eadere
456 426 514 469 non
528 415 665 480 possent,
683 417 739 463 ant
756 413 803 463 ita
822 408 941 466 mobiles
958 418 988 464 et
1005 416 1188 486 comitatae,
1208 423 1244 470 at
1263 420 1297 470 ni

64 507 114 564 leil
133 525 269 583 anquam
288 523 384 559 anam
400 512 476 561 esset
496 499 526 581 l)
544 512 697 573 constans;
717 525 754 561 ne
772 503 851 560 idom
867 506 1004 580 qnidam,
1024 513 1096 583 qaia
1113 517 1303 568 continenter

61 604 248 662 &terantur
267 610 297 658 et
308 601 451 675 fluerent
468 608 578 659 omnia.
610 599 720 679 Itaque
738 603 816 658 lane
834 623 949 658 omnem
963 614 1085 678 partem
1101 627 1206 664 rorum
1223 630 1240 665 o
1244 629 1267 684 p
1277 615 1301 666 i·

64 701 249 760 nabilem
267 698 475 776 appellabant;
493 704 722 756 seientiam
741 704 877 756 antem
896 721 1098 777 nusquam
1117 724 1201 761 osse
1219 726 1302 761 een·

63 800 232 870 selant,
258 801 347 854 nisi
374 800 409 850 in
428 803 559 853 animi
587 799 825 854 notionibus
848 806 971 874 atque
992 802 1240 860 rationibus
1259 799 1300 880 2).

106 895 188 953 Haec
212 893 313 952 Cicero
335 889 373 948 de
397 893 488 972 ipsius
515 892 644 951 Platonis
663 892 832 973 discipulis,
862 895 912 972 qui
933 906 961 952 et
980 896 1112 974 proxime
1132 895 1169 954 ab
1188 897 1301 977 integro

62 991 218 1053 doctrinae
246 991 326 1048 fonte
354 989 476 1048 aberant
506 1003 534 1048 et
563 990 642 1048 hunc
671 991 836 1049 referebant
867 991 1000 1050 maxime.
1043 991 1091 1050 Sic
1121 1007 1216 1051 autem
1235 1015 1302 1052 cum

60 1087 303 1170 philosophantes
330 1086 378 1144 illi
399 1107 436 1144 ex
455 1087 518 1166 ipso
537 1087 664 1146 hominis
684 1088 782 1146 animo
801 1089 981 1168 potissimum
1003 1094 1166 1168 repeterent
1186 1093 1302 1165 omnia,

61 1206 113 1261 te,
141 1183 301 1245 secundum
320 1185 461 1242 idearum
481 1184 664 1258 doctrinam,
695 1185 780 1242 unice
800 1185 991 1264 spectandum
1008 1185 1120 1244 homini
1140 1188 1303 1246 contende-

64 1295 150 1358 rent,
172 1281 247 1360 quid
271 1281 425 1360 pulcrum,
443 1281 517 1360 quid
535 1281 645 1340 bonum
655 1328 663 1356 ,
684 1279 758 1360 quid
771 1283 902 1358 justum,
920 1283 1095 1361 omninoque
1114 1283 1187 1363 quid
1203 1305 1304 1346 verum

62 1393 156 1455 met,
174 1379 286 1436 fruetus
305 1398 403 1437 eorum
424 1378 627 1460 philosophia,
645 1393 676 1438 ut
693 1393 761 1438 ante
780 1379 944 1453 Platonica,
963 1380 1002 1439 ad
1016 1376 1304 1441 artium'literarum·

64 1498 140 1556 que,
169 1475 209 1536 ad
238 1477 328 1556 ipsius
356 1476 430 1536 adeo
449 1479 608 1557 sapientiae
629 1476 758 1549 studium
778 1477 1018 1556 provehendum,
1046 1477 1205 1538 uberrimos
1223 1478 1302 1540 tulit.

62 1575 208 1649 Quocirca
226 1587 329 1654 captus
349 1574 448 1633 Cicero
463 1573 517 1632 hac
538 1576 645 1634 veteris
663 1573 833 1634 Academiae
852 1594 885 1632 ae
901 1575 1030 1633 Platonis
1049 1575 1095 1633 sui
1111 1576 1302 1656 praestantia,

60 1673 197 1732 Pisonem
215 1671 332 1730 inducit
347 1691 515 1750 generosum
525 1672 738 1732 adolescentem
747 1672 788 1730 sic
799 1671 1014 1731 adhortantem:
1043 1671 1304 1753 Adeosign’tar-

59 1784 174 1830 emeres
199 1768 384 1828 Academicos
410 1782 439 1827 et
468 1756 676 1850 Peripateticos
697 1796 733 1806 -
751 1779 888 1828 converte
908 1779 955 1843 te,
985 1791 1100 1847 quaeso.
1131 1770 1180 1827 Ea
1200 1791 1303 1828 aarum

58 1875 142 1927 mim
163 1874 287 1943 seriptis
306 1877 337 1925 st
354 1874 512 1950 institutis
534 1889 604 1925 eam
628 1876 725 1926 omnis
744 1869 884 1926 doctrine
905 1869 1059 1941 liberalis,
1090 1875 1187 1926 omnis
1206 1870 1303 1926 tristo-

57 1972 132 2040 ria,
152 1972 248 2023 manis
266 1985 362 2024 sermo
382 1967 503 2046 elegans
519 1974 601 2024 sumi
614 1975 713 2044 potest
722 2011 731 2040 ,
751 1977 818 2024 tum
836 1971 972 2023 variatae
991 1975 1036 2023 est
1055 1975 1145 2023 tanta
1164 1971 1283 2023 artium
1292 2009 1301 2039 ,
1372 2040 1374 2043 Ι

58 2059 97 2122 est
124 2084 210 2121 nemo
229 2071 294 2120 nne
317 2085 349 2120 co
369 2070 572 2123 instrumento
592 2067 632 2121 ad
649 2065 746 2122 allam
764 2085 832 2121 rem
855 2065 1059 2120 illustriorem
1080 2071 1157 2121 satis
1174 2072 1302 2120 ornatas

51 2166 154 2240 poiez't
170 2158 360 2240 assamonei),
409 2161 440 2219 Si
458 2182 517 2239 quo
535 2161 594 2220 alio
612 2182 649 2219 ex
669 2161 732 2220 loco
752 2173 900 2232 veterum,
923 2178 959 2217 ex
979 2159 1025 2218 his
1045 2159 1229 2240 potissimum
1249 2159 1302 2218 Ci-

56 2259 175 2317 oeronis
195 2258 364 2333 sententiis,
397 2279 470 2337 quae
488 2260 605 2338 propria
632 2259 762 2319 Platonis
789 2259 878 2316 fuerit
907 2256 944 2316 de
974 2259 1114 2338 opinione
1132 2267 1161 2317 et
1180 2258 1302 2316 scientia

57 2353 290 2436 philosophandi
320 2356 414 2430 ratio,
442 2375 585 2434 quamque
606 2356 667 2416 vim
684 2355 737 2413 illa
755 2368 784 2413 et
802 2353 1000 2413 efficacitatem
1021 2353 1059 2413 ad
1078 2357 1185 2435 optima
1204 2355 1303 2414 homi-

57 2473 132 2511 num
151 2452 248 2510 studia
266 2452 376 2511 alenda
395 2443 544 2525 habuerit,
564 2451 727 2530 intelligere
746 2452 824 2511 licet.
856 2453 894 2512 Et
911 2453 951 2510 sic
970 2452 1090 2530 quidem
1109 2473 1161 2511 nos
1171 2450 1303 2524 tandem,

56 2550 233 2629 comparatis
257 2568 324 2608 cum
353 2549 484 2608 Platonis
504 2547 637 2608 doctrina
659 2548 851 2629 sophistarum
870 2549 1087 2628 priscorumque
1108 2547 1301 2629 philosopho-

56 2633 124 2705 runi
141 2644 266 2725 placitis,
291 2649 410 2727 ipsoque
429 2647 549 2706 Platone
566 2667 583 2704 a
603 2647 692 2704 variis
709 2658 737 2706 et
755 2645 950 2724 scepticorum]
963 2658 991 2703 et
1009 2645 1236 2724 dogmaticorum
1253 2665 1299 2722 ge·

58 2742 183 2803 neribus
202 2741 358 2822 distincto,
378 2745 465 2803 talem
480 2743 686 2824 philosophum
703 2762 844 2800 summum
864 2755 893 2800 et
909 2743 1096 2822 apposuimus
1111 2741 1244 2821 sophistis
1262 2742 1298 2798 is·

55 2840 95 2899 tis
114 2854 144 2900 et
157 2838 314 2901 lectoribus
331 2842 485 2918 judicandi
510 2842 608 2901 causei
630 2841 845 2921 proposuimus,
863 2839 959 2918 qualis
974 2860 1073 2920 reapse
1091 2841 1180 2898 luisse
1197 2837 1299 2911 nobis,

55 2938 117 2997 imo
135 2939 284 3014 Ciceroni,
303 2941 384 3000 visus
407 2955 459 3000 est.
491 2941 576 2999 Nune
587 2939 745 2999 lectoribus
762 2938 801 2997 ad
816 2937 1020 3016 judicandum·
1032 2935 1229 2996 accedendum
1246 2949 1297 2996 est.

112 3136 171 3197 De
202 3143 486 3201 aestimandis
515 3151 628 3199 reete
654 3140 923 3220 Protagorae
949 3141 1242 3215 similiumque

193 3238 482 3314 sophistarum
514 3261 559 3296 ae
584 3238 938 3318 philosophorum
967 3238 1168 3296 decretis.

96 3435 246 3514 integrum
273 3437 369 3496 cuivis
398 3437 511 3497 homini
527 3437 675 3516 judicium
694 3437 904 3515 relinquimus,
930 3436 1105 3516 sophistisne
1125 3435 1225 3508 malit,
1257 3457 1294 3494 an

53 3533 171 3593 Platoni
190 3534 333 3594 assentiri.
375 3536 416 3596 Ut
430 3549 525 3594 autem
545 3530 613 3596 vere
628 3537 762 3611 justeque
776 3533 961 3610 judicemus,
981 3546 1057 3590 recte
1076 3531 1221 3611 sophistae
1243 3554 1295 3591 no·

53 3630 102 3689 his
119 3651 227 3710 suoque
256 3633 350 3712 pretio
374 3633 546 3693 aestimandi
567 3644 643 3691 sunt.
685 3632 759 3691 Nam
784 3630 935 3690 molestum
954 3630 986 3688 hi
1006 3629 1124 3708 quidem
1144 3627 1296 3688 homiuum

52 3747 148 3808 genus
166 3727 228 3788 illis
247 3744 333 3804 sunt,
351 3731 402 3810 qui
424 3732 486 3791 veri
505 3731 609 3790 ardent
628 3749 742 3804 amore,
766 3741 956 3788 veruntamen
977 3748 1038 3786 non
1057 3729 1130 3787 tales
1150 3741 1219 3786 sunt
1238 3727 1296 3786 ha-

50 3824 147 3884 bendi
166 3825 215 3884 vel
232 3846 297 3890 eum
316 3829 349 3887 in
364 3829 481 3888 modum
501 3828 615 3887 Platoni
636 3827 780 3907 oppositi,
802 3840 834 3884 ut
854 3825 948 3885 odisse
966 3847 1014 3884 eos
1030 3825 1153 3902 debeat,
1171 3828 1294 3905 quicun-
1329 3852 1331 3857 ·

50 3943 112 4002 que
125 3923 254 3984 Platonis
270 3928 360 3986 fuerit
379 3949 474 3987 amore
494 3941 603 4008 captus.
636 3925 778 3985 Admirati
796 3927 828 3984 in
850 3925 896 3983 his
917 3923 1172 4003 disquisitionibus
1192 3944 1294 4002 saepe-

55 4104 314 4116 ——-—...-

88 4225 121 4288 1)
140 4225 174 4276 Et
187 4226 226 4278 hic
240 4229 406 4280 inserendum
424 4239 447 4279 et
463 4237 649 4295 putationum
667 4240 728 4281 essa
740 4239 763 4281 et
782 4239 951 4290 constans,
971 4246 1002 4279 ne
1019 4229 1099 4278 idem
1116 4222 1221 4291 quidem.

76 4311 121 4374 .2)
141 4309 197 4362 Cia.
218 4313 296 4364 Acori.
314 4313 334 4363 Ι.
352 4313 377 4364 8.

67 4395 432 4460 ’ᾞΜὼΜἏᾶ,
