2774 5048
704 242 764 304 220

125 403 229 487 pedes,
243 406 388 467 ¹scivisset.
405 439 435 446 -
458 401 610 509 RiQulus
627 404 760 482 profecto
781 405 924 464 exercitus
943 404 1023 478 dux,
1045 405 1069 463 si
1094 402 1174 462 illud
1197 416 1273 463 esset
1297 424 1342 466 ve·

125 508 204 564 rum!
223 535 255 545 -
275 503 363 562 Estne
391 503 479 582 igitur
503 500 581 580 qnod
611 501 706 561 virum
734 503 886 562 militarem
906 504 994 582 magis
1013 515 1140 582 oporteat
1160 522 1340 587 cognoscere,

124 623 209 680 quam
237 622 385 660 numerare
409 614 437 658 et
459 602 638 681 supputare?
652 632 687 642 -
708 603 773 661 Non
799 614 859 677 est,
888 603 985 687 inquit
1002 599 1130 675 Glauco,
1152 601 1177 660 si
1200 601 1339 660 minimam

124 699 276 791 hobiturus
302 700 340 758 sit
366 699 436 757 aciei
461 697 653 758 'instruendae
678 698 861 775 facultatem,
882 700 1075 778 omninoque,
1096 700 1119 758 si
1141 698 1190 758 rel
1210 700 1292 757 henco
1306 698 1338 759 sit

127 798 263 857 futurus·
294 797 347 857 Cui
376 796 523 885 Socrptes,
544 810 695 877 reputasne
722 811 771 872 tu,
790 798 907 879 inquit,
927 796 1004 856 idem
1032 795 1068 855 de
1091 797 1144 856 hac
1171 796 1336 878 dimiplint,

125 892 204 974 quod
229 897 298 974 ego?
322 938 352 948 ..
374 892 453 968 Quid
479 893 619 955 tandem?
637 931 671 941 -
691 884 864 973 Ktvdnvrdn
884 894 945 956 τῶν
965 890 1042 977 πρός
1062 888 1242 979 ιῆνςῃὶησιν
1260 886 1335 975 ἀγόν-

125 1015 186 1055 των
212 986 302 1073 φόσεο
324 985 396 1053 εἶναι
421 985 630 1111 ὃέητοῦμεν,
657 999 797 1078 χρῆσθαι
822 990 850 1058 d'
873 991 969 1071 οὐδεὶς
990 991 1072 1085 αὐτῷ
1091 980 1210 1079 o'pdtig,
1233 992 1335 1080 {latori

109 1088 190 1181 fdvce
210 1060 394 1155 nantuac?
396 1116 470 1176 προς
492 1089 626 1156 οὐσίαν.»
643 1098 677 1256 ιὲ
692 1099 727 1159 ld
746 1122 814 1161 vero
834 1121 887 1160 nec
908 1099 1017 1159 Glauco
1035 1082 1177 1180 iutelligit
1195 1099 1331 1170 continuo,

127 1219 180 1256 nec
209 1197 337 1257 Socrates
364 1196 508 1257 declarare
536 1197 592 1256 nisi
622 1219 654 1256 su
676 1198 771 1273 tiliore
791 1198 986 1279 disputatione
1005 1211 1116 1278 potest,
1139 1219 1192 1257 nos
1210 1215 1330 1275 veroque

127 1298 223 1378 aptius
248 1296 420 1376 pleniusque
439 1316 503 1354 cum
523 1296 735 1375 intelligamus,
756 1312 817 1356 tum
835 1309 925 1355 totum
942 1297 1038 1371 animo
1056 1296 1266 1377 percipiamus,
1283 1307 1333 1353 un

127 1396 229 1468 etiam,
250 1415 322 1474 quac
349 1393 485 1475 deinceps
511 1394 640 1471 Socrates
669 1393 706 1452 de
736 1395 905 1474 geometria,
937 1391 973 1450 dc
999 1394 1190 1467 astronomia,
1215 1391 1251 1451 de
1276 1390 1333 1449 har·

117 1494 224 1552 -monia
253 1506 280 1552 et
309 1491 402 1551 dialec
488 1492 619 1552 dicturus
637 1506 696 1568 est,
717 1494 827 1571 assequi
830 1493 1005 1599 ,possimus,
1020 1512 1085 1549 ¹rem
1103 1505 1232 1577 repetere
1249 1486 1333 1571 paullo

128 1586 215 1663 alfius
235 1604 262 1649 et
280 1590 421 1649 attender'
477 1594 504 1649 'c'
518 1591 581 1650 loco
601 1560 844 1670 Pythagoreorum
862 1590 1023 1649 doctrinam
1042 1602 1162 1669 oportet.

169 1688 361 1748 Orientalium
397 1689 544 1768 gentium,
565 1688 670 1768 quibus
698 1687 799 1747 Graeci
829 1688 993 1748 debuerunt
1020 1687 1131 1762 multa,
1160 1683 1287 1765 quamvis
1305 1692 1332 1743 ιί

129 1786 266 1846 barbaras
301 1800 471 1868 spreverunt
497 1808 543 1845 eas
572 1788 651 1862 fere,
682 1772 1025 1865 admirabilisfiuaedam
1049 1786 1107 1844 tuit
1135 1796 1196 1845 ron
1221 1781 1329 1865 philon

131 1882 262 1966 phandi,
292 1882 342 1943 sed
371 1885 544 1942 inveniendi
571 1883 695 1944 solertia.
746 1885 927 1944 Invenerunt
952 1898 1046 1943 autem
1074 1883 1125 1942 illa
1154 1883 1327 1966 potissimum,

132 2003 204 2061 quae
233 1981 271 2041 ad
297 1983 372 2042 vitae
400 2003 482 2041 usum
509 1984 704 2062 pertinerent,
732 1996 794 2041 tum
811 2003 908 2042 eorum
927 1983 1012 2043 etim
1028 1982 1132 2056 initia,
1153 1976 1334 2061 quaemtihu'

133 2078 240 2140 deinde
266 2095 294 2139 et
321 2079 462 2139 doctrinis
490 2080 600 2138 utiliter
627 2079 760 2139 adhibita
785 2094 860 2139 sunt.
903 2082 982 2156 Quae
999 2072 1326 2161 qualia,fue1·int,·taeilc

212 2179 325 2253 uimur,
348 2177 398 2235 ubi
419 2177 602 2258 ¹haecripsa,
626 2198 698 2256 quae
726 2177 789 2237 illis
815 2176 978 2238 debuerunt
1005 2160 1128 2253 Graeci,
1148 2160 1254 2255 nosque
1276 2174 1324 2232 nn

132 2200 228 2359 pisinga
256 2275 292 2334 ab
318 2275 421 2334 iisdem
449 2254 627 2356 acecpimds,
653 2288 825 2355 reputamus.
866 2276 902 2334 In
924 2276 971 2335 his
989 2290 1021 2335 ut
1038 2276 1138 2335 literae
1157 2289 1242 2350 sunt,
1259 2286 1322 2352 quet·

90 2352 186 2455 *flue
214 2372 416 2473 agricplturam
442 2387 570 2453 artesque
603 2374 782 2433 mechanicas
793 2354 1030 2467 ''sectantfflta
1055 2346 1151 2433 annui
1178 2387 1221 2433 est
1246 2364 1321 2430 solu!

131 2473 157 2533 si
221 2473 357 2552 temporis
384 2471 562 2554 supputandi
591 2493 658 2534 vera
683 2474 773 2547 ratio,
792 2474 877 2550 cujus
901 2472 1015 2532 inventi
1042 2492 1226 2553 permagnam
1242 2460 1321 2553 essel}

130 2492 210 2631 t*
238 2571 314 2632 vitae
344 2576 401 2647 oq
426 2583 454 2629 et
484 2573 647 2631 oeconomia
676 2571 736 2632 vim
764 2584 792 2630 et
818 2568 1031 2645 efficacitatem,
1053 2591 1097 2628 res
1125 2571 1188 2650 ipsa
1215 2564 1321 2646 loquitu·

129 2670 187 2730 Nos
207 2690 276 2730 vero
293 2682 389 2727 tantos
403 2669 514 2743 facere,
536 2682 657 2748 quantos
676 2669 810 2743 fecimus,
825 2669 858 2726 in
877 2669 1098 2742 mathematicis,
1114 2668 1146 2725 in
1165 2658 1320 2729 asu-ononi,

130 2768 163 2827 in
191 2767 356 2826 mechanica
385 2780 412 2825 et
429 2767 612 2846 navigatione
627 2787 807 2847 progressus,
826 2787 882 2844 quo
901 2787 1027 2845 unquam
1044 2765 1129 2849 mdo
1149 2765 1319 2844 potuissem,

130 2867 187 2925 nisi
217 2886 271 2946 per
288 2865 395 2924 Arabes
423 2866 625 2946 accepissemus
644 2885 680 2922 cx
699 2866 816 2925 Oriente
837 2885 1020 2941 numerorum
1042 2877 1141 2938 notas,
1163 2861 1320 2943 algebraitss

130 2964 287 3037 rationem,
318 2984 400 3022 acum
430 2964 590 3043 nauticam,
621 2964 682 3022 al!
704 2964 819 3023 multa?
852 2962 988 3021 *Graecis
1021 2983 1080 3021 non
1111 2960 1208 3020 defuit
1233 2955 1319 3038 quida

123 3060 304 3121 inveniendi
331 3063 485 3140 sagacitas,
506 3062 555 3121 sed
579 3064 787 3139 philosophari
814 3062 847 3120 in
875 3061 976 3142 primis
1003 3058 1040 3118 de
1069 3058 1162 3117 nullis
1191 3077 1249 3115 non
1263 3048 1323 3111 rel·

131 3158 250 3240 placuit.
292 3159 508 3219 Arithmeticam
538 3175 566 3219 et
591 3161 788 3240 geometricam
813 3180 892 3234 non,
922 3172 953 3217 ut
982 3157 1143 3234 antiquitus
1172 3148 1336 3234 Aegyptii*¹

131 3270 227 3337 postea
257 3258 396 3331 Romani,
417 3255 449 3338 2)
478 3257 649 3316 numerandi
684 3256 878 3335 metiendique
917 3255 1041 3314 utilitate
1079 3259 1253 3312 censuerunt
1260 3236 1320 3324 ,td

132 3374 265 3414 numeros
285 3355 322 3414 ad
344 3357 453 3428 Deum,
475 3355 512 3414 ad
531 3357 677 3429 animum,
699 3355 736 3416 ad
754 3369 865 3435 tempus
882 3354 942 3417 sibi
958 3350 1231 3433 repraesentandum
1246 3356 1321 3407 reru*

129 3474 186 3531 que
207 3454 293 3512 initia
311 3453 487 3535 explicanda
505 3454 704 3513 adhibuerunt
715 3478 722 3530 ;
745 3453 943 3513 astronomiam
963 3472 1050 3524 vcro,
1071 3470 1158 3528 quam
1178 3448 1273 3509 observ
1316 3442 1319 3447 ¹

130 3550 293 3610 Orientales
320 3551 359 3612 ad
387 3553 463 3612 vitae
494 3573 575 3610 usum
603 3550 668 3633 apte
696 3564 871 3649 tractarant,
891 3548 1100 3630 philosophicis
1123 3542 1264 3628 complexi
1278 3540 1320 3599 ⁶¹¹¹

133 3642 436 3730 contemplationibus.
479 3649 635 3723 Ordinem,
657 3664 689 3708 ut
715 3650 768 3709 hoc
790 3663 867 3726 utar,
888 3649 920 3707 in
938 3647 1082 3707 sideribus
1121 3647 1155 3705 in
1175 3642 1319 3726 planeta*

132 3746 256 3807 motibus
283 3761 310 3806 et
335 3763 525 3823 cometarum,
556 3769 644 3826 quum
671 3770 731 3807 non
758 3760 909 3807 cernerent
938 3744 1019 3805 oculi'
1099 3726 1103 3737 ¹
1211 3734 1318 3800 'dertffl

132 3860 227 3905 tamen
254 3847 486 3925 requirerentqne
513 3860 624 3921 mente,
645 3847 723 3904 hunc
752 3845 839 3924 igitur
866 3844 984 3924 ingenio
1005 3840 1147 3922 fingentes
1206 3838 1318 3897 mcv*

133 3956 291 4031 vocarunt,
312 3942 398 4002 ducta
416 3966 432 4002 a
451 3946 558 4017 musica
576 3944 805 4026 comparatione,
827 3944 859 4001 in
878 3963 933 4019 qua
949 3962 1062 4023 rerum,
1082 3962 1101 4020 q
1143 4012 1147 4023 ι
1193 3940 1199 3952 “
1223 3932 1316 4013 theut?

133 4041 206 4100 lium
235 4055 339 4120 atque,
357 4056 389 4101 ut
407 4032 540 4116 ¹videtur,
563 4042 788 4115 contrariarum,
809 4054 851 4101 est
870 4054 966 4101 tamen
984 4038 1162 4114 eoncordia,
1233 4036 1315 4094 ceum

902 4142 915 4173 μ

169 4353 194 4416 1)
213 4358 250 4407 De
267 4357 326 4425 Rep
344 4356 399 4409 vu.
418 4355 476 4407 521.
494 4355 524 4406 D.
546 4388 576 4397 -
596 4354 653 4406 523.
673 4357 703 4407 A.

168 4440 195 4505 2)
216 4441 268 4494 Cic.
290 4442 359 4495 Tunc.
379 4442 444 4543 0:⁸¹·
463 4441 487 4492 2.
591 4440 607 4464 “
