2796 5048
662 226 719 293 rat

738 320 746 347 .
773 323 780 339 .

78 402 201 449 oratores
218 391 319 449 audire
336 396 449 472 copiose
468 404 622 469 ornateque
637 389 775 450 dicentes.
801 392 865 465 Quo
881 390 981 466 fiebat,
1003 404 1034 449 ut
1048 389 1212 449 duceretur
1225 386 1320 471 plant

78 489 114 545 ab
148 489 211 561 his,
246 490 447 570 aptissimeque
477 488 509 547 hi
544 474 661 550 nornine
696 487 870 569 δημαγωγοὶ
897 489 1123 570 appellarentur.
1183 488 1314 548 Socraoec

79 600 172 645 autem
197 601 308 646 tanturn
328 589 442 661 aberat,
471 603 502 647 ut
526 588 705 669 abriperetur
724 593 777 650 hoc
804 589 964 650 studiorum
988 610 1073 647 cursu
1097 608 1166 646 cunr
1193 586 1307 645 caeteris

78 685 228 758 omnibus,
250 686 499 746 excellentissimis
528 690 613 746 etiam
639 689 844 764 hominibus,
840 704 886 747 ut
917 708 991 746 unus
1016 688 1205 758 subsisteret,
1236 702 1306 743 unns

79 782 147 840 huic
167 733 280 841 lluririni
301 798 328 843 et
352 787 431 863 quasi
451 786 573 844 torrenti
599 788 757 861 resistcrqct
779 808 854 845 unus
879 786 997 844 auderet
1017 783 1216 856 contendere
1242 802 1308 865 per--

79 881 219 939 niciosum
238 902 295 940 esse
319 883 512 962 reipublicae
536 883 589 942 hoc
614 834 794 963 eloquentiae
819 885 947 943 studium
959 904 1076 961 ,eoque
1096 882 1300 963 perniciosius,

78 1000 135 1057 quo
153 981 243 1038 maius
252 1001 338 1058 ,quo
357 981 548 1041 excellentius
571 983 742 1059 haber·,etur
760 1006 834 1043 unus
854 986 928 1064 ipsos
948 983 1111 1041 adoriretur
1128 995 1158 1040 et
1179 980 1300 1059 demago·

78 1099 126 1157 gos
147 1090 174 1136 et
191 1078 349 1158 sophistas,
370 1101 511 1159 quamque
529 1083 608 1140 intus
626 1098 720 1141 essent
734 1031 827 1163 ‚pravi
852 1083 1055 1162 corruptique,
1077 1079 1199 1161 publice
1218 1076 1295 1160 aperi·
1330 1110 1332 1117 ·

78 1190 130 1235 ret.
177 1176 258 1251 Sed,
284 1177 362 1255 quod
389 1177 472 1236 nobis
493 1178 611 1258 quidem
637 1183 725 1260 magis
750 1183 835 1240 etiam
868 1178 1041 1239 admirabile
1066 1177 1207 1251 videtur,
1233 1194 1295 1235 unas

78 1275 134 1334 fuit
153 1275 230 1334 idem
248 1275 299 1333 ille
319 1275 465 1351 Socrates,
486 1279 536 1356 qui
561 1279 635 1359 ipsi,
656 1302 741 1358 quarn
766 1293 948 1338 contemnere
969 1276 1142 1348 videbatur,
1173 1275 1292 1355 eloquen-

78 1374 135 1439 tiae
155 1396 234 1433 suam
262 1375 384 1432 maxime
414 1389 441 1434 et
467 1377 524 1434 vim
548 1377 662 1436 inderet
686 1392 713 1436 ct
738 1378 935 1436 auctoritatem
957 1376 1145 1435 conciliaret:
1166 1375 1224 1433 imo
1239 1392 1291 1433 tttt

78 1469 120 1530 id³
130 1469 273 1546 efficeret,
294 1492 327 1530 eo
344 1486 419 1530 certe
435 1474 543 1532 valeret
561 1458 736 1555 plurimum,
759 1490 789 1534 ut
806 1476 838 1533 in
857 1473 1058 1533 Demosthenis
1078 1472 1242 1550 eloquentia
1258 1470 1290 1529 rit

77 1567 129 1631 illa
158 1569 315 1647 aliquando
335 1587 363 1630 et
391 1563 524 1651 δεινότης
544 1576 710 1647 exsisteret,
731 1592 787 1652 qua
815 1574 839 1631 is
863 1575 951 1632 totar'n
976 1571 1128 1630 Graeciam
1155 1568 1288 1630 commorit

78 1668 250 1747 virtutisque
270 1672 372 1730 ardore
391 1674 532 1733 incendit.
575 1671 610 1731 Id
632 1686 726 1730 autem
744 1686 774 1730 ut
791 1672 953 1752 explicetur
973 1671 1060 1750 plene
1070 1716 1078 1743 ,
1101 1684 1131 1729 ut
1152 1667 1287 1750 disciplina

77 1765 239 1842 Socratica,
260 1791 316 1848 qua
335 1760 422 1831 lueiit
443 1772 590 1845 ubertate,
605 1793 661 1851 qua
682 1773 714 1830 in
730 1773 791 1851 ipsa
811 1768 980 1850 republica,
1002 1771 1034 1826 in
1054 1768 1232 1848 gravissimis
1246 1765 1307 1823 reta.

78 1864 214 1946 publicae
233 1871 354 1948 negotiis
368 1873 550 1946 auctoritate,
572 1885 681 1950 pateat,
702 1869 859 1946 simulque,
873 1888 958 1946 quam
975 1866 1119 1940 Socrates,
1135 1862 1288 1945 quamPlatt

79 1967 244 2044 praesertim
267 1990 368 2025 οονααι
393 1991 452 2028 csse
476 1972 675 2048 eloquentiam
699 1968 841 2042 duxerit,
868 1966 1068 2045 intelligatur,
1091 1985 1133 2031 ex,
1159 1960 1307 2047 altioribus¹

77 2063 250 2142 quibusdam
275 2068 429 2148 principiis
449 2089 493 2126 res
511 2065 667 2148 repetenda
687 2043 771 2125 irobis
792 2080 820 2123 et
842 2063 1018 2124 declaranda
1038 2077 1089 2122 est.
1113 2062 1226 2122 Patebit
1241 2076 1288 2121 vett

80 2162 135 2223 hoc
170 2165 202 2220 in
232 2164 334 2243 primis
363 2164 514 2223 tractando
551 2178 734 2244 argumento,
764 2164 872 2243 quippe
900 2162 1039 2242 ampliore
1068 2175 1096 2220 et
1134 2160 1299 2229 illustriore,-

81 2259 195 2338 qualem
215 2275 404 2341 quantamque
435 2263 539 2321 habeat
565 2264 597 2320 in
626 2262 711 2319 rebus
742 2261 875 2319 humanis
896 2263 955 2320 rim
984 2275 1012 2319 ct
1036 2258 1288 2321 efficacitatcmat·

80 2379 111 2414 rt
133 2380 226 2418 amor.

178 2554 223 2615 Do
242 2559 361 2616 dicendi
380 2567 518 2634 ratione,
540 2581 631 2638 quam
642 2605 654 2647 ,Ι
667 2580 726 2636 per
744 2559 922 2630 Platonem,
946 2556 1083 2615 Socratis
1096 2528 1219 2632 peperit

607 2659 780 2733 discipline.

121 2854 313 2934 Eloquentia,
335 2857 389 2914 nisi
405 2878 420 2913 a
436 2856 620 2939 philosophia
636 2856 716 2935 quasi
734 2874 849 2913 succum
865 2865 892 2910 et
909 2853 1076 2932 sanguinem
1095 2848 1233 2925 duxerit,
1248 2848 1292 2929 ipat

82 2952 203 3012 Platone
216 2953 337 3031 judice,
359 2953 388 3033 1)
407 2957 493 3035 inane
514 2970 555 3015 est
573 2969 601 3014 et
619 2954 765 3014 ludicrum
785 2953 949 3031 negotium,
971 2950 1068 3010 verbis
1086 2965 1240 3024 constans,
1255 2944 1291 3005 dt·

81 3051 212 3110 stitutum
232 3053 325 3112 rebus.
356 3038 534 3133 Itaque'tum
555 3053 671 3114 demum
691 3052 813 3110 effloruit
833 3052 982 3130 viguitque
1001 3049 1143 3124 Athenis,
1165 3054 1292 3129 postque!

82 3149 201 3208 Periclis
220 3151 397 3232 aliorumque
418 3155 568 3234 ingenium
586 3153 742 3234 sapientiae
758 3148 853 3208 studio
879 3148 1021 3207 imbuerat
1030 3151 1215 3227 Anaxagoras
1225 3140 1294 3220 ,suh

84 3247 162 3307 limis
187 3249 393 3332 philosophus,
414 3254 461 3312 cui
491 3266 520 3311 et
536 3251 664 3313 Socrates
684 3248 786 3319 debuit
806 3246 928 3305 multum
948 3262 976 3305 et
1002 3247 1056 3306 hoc
1076 3238 1181 3304 debuit
1200 3236 1293 3321 Euripi·

82 3346 153 3422 des,
176 3362 208 3408 ut
227 3370 284 3407 una
304 3371 368 3409 cum
392 3350 555 3430 eloquentia
574 3348 787 3430 philosophiam
813 3348 844 3405 irr
868 3368 981 3406 scenam
1005 3344 1188 3426 produceret.
1229 3332 1293 3417 Quod

85 3451 155 3507 item
170 3462 198 3507 et
214 3449 294 3508 Plato
313 3449 390 3510 vidit
406 3464 435 3508 et
455 3448 677 3530 comprobarunt
687 3447 801 3531 posteri.
829 3445 991 3519 «Videtur,
1013 3445 1053 3502 ait
1069 3445 1101 3501 in
1122 3434 1293 3502 PhaedroSt

74 3561 192 3621 crates,
213 3547 337 3607 haud
316 3570 378 3607 srne
404 3569 501 3608 caussa
525 3547 683 3606 Pericles
675 3546 893 3626 ineloquentia
917 3542 1141 3624 perfectissimus
1165 3538 1293 3600 exstrusa

86 3645 201 3725 Πᾶσαι,
231 3667 298 3707 coar
319 3641 441 3727 μεγάλαι
461 3647 522 3708 τῶν
542 3640 668 3726 τέχναν,
691 3640 883 3727 προσδέονται
905 3638 1080 3720 α’ὁολοοχιας
1100 3638 1150 3700 καὶ-
1170 3652 1294 3718 μετεαρ*

84 3748 183 3830 λογίας
205 3744 321 3831 φύσεως
340 3746 420 3832 πέρι·
443 3773 477 3811 το
500 3744 558 3829 yolo
578 3743 749 3831 αψηλόνοον
769 3746 856 3808 τοῦτο
878 3745 926 3806 καὶ
946 3768 981 3805 το
1005 3736 1102 3827 πάντῃ
1117 3724 1303 3820 τελοαιοοργόῐο

84 3849 173 3915 ἔοικεν
205 3849 343 3915 ἐντεῦθέν
367 3858 462 3916 ποθεν
487 3847 610 3928 stultat·
645 3848 664 3912 ὃ
689 3850 738 3911 καὶ
764 3848 911 3931 Ποοαλῆς
936 3870 1013 3929 αοος
1038 3844 1082 3905 τοῦ
1107 3839 1293 3937 εὐφοηςνο
1242 3832 1299 3901 ttu'

84 3952 242 4039 ἐκτήσατο
269 3952 439 4040 αροςαοσών
463 3979 534 4080 pap,
563 3949 658 4034 οιμαι,
684 3947 807 4038 τοιούτῳ
836 3947 898 4013 ὄντι
916 3943 1113 4076 Ἀναξαγόρᾳ,
1136 3924 1292 4027 priscoque

83 4059 149 4142 γίας
174 4060 358 4143 ἐμπλησθεὶς
383 4058 431 4122 καὶ
458 4058 506 4120 ἐπὶ
534 4052 623 4140 φύσιν
647 4052 702 4119 νοῦ
726 4080 757 4117 τε
783 4055 832 4116 καὶ
858 4050 956 4128 ανοιάς
983 4046 1086 4135 apiarii
1073 4074 1174 4130 pravos,
1207 4037 1246 4111 air
1265 4030 1292 4116 li

83 4160 211 4245 πέρι
175 4189 228 4226 τον
254 4159 345 4225 aelric
369 4157 498 4244 loyov’
484 4165 607 4223 εαοαῖτο
633 4148 846 4243 Ἀναξαγορας,
874 4157 1011 4218 ἐντεῦθεν
1037 4151 1166 4217 εἵλκυσεν
1193 4134 1292 4221 tuiti!

125 4446 150 4510 1)
168 4447 275 4499 ruer.
295 4448 346 4498 aco
365 4457 390 4499 α
405 4446 462 4497 aro.
477 4446 515 4498 cr.
533 4444 586 4497 cu.
601 4446 667 4495 orat.
685 4461 706 4494 ο,
724 4442 760 4490 r·
