2796 5048
643 248 703 307 399

42 418 78 479 id
98 416 181 497 quod
202 412 377 494 respondisti
399 406 611 490 reprehendere
632 410 760 489 cogimur
771 455 779 483 ,
800 428 855 488 qua
878 423 959 488 parte
981 430 1041 470 non
1064 410 1287 470 recissehabet.

42 514 175 577 Attende
196 513 293 572 enirn:
317 523 414 569 utrum
435 509 541 569 rectius
565 507 792 587 respondeatur:
820 495 846 591 ᾧ
868 499 1002 586 ὁρῶμεν,
1024 504 1112 570 τοῦτο
1134 502 1206 571 εἶναι
1229 505 1289 590 ὀφ-

43 603 205 693 θαλμσὺς,
227 603 250 691 ἢ
271 603 309 669 ii
329 597 365 669 οὗ
393 599 526 688 ὁρῶμεν,
555 596 652 692 accipi
679 599 837 686 ἀκούομεν,
868 599 945 684 ὦτα,
967 605 990 692 ἢ
1011 606 1049 672 ii
1070 602 1107 672 od
1128 604 1287 691 ἄκούομενς

42 730 124 799 pico
143 716 296 788 videmus,
315 710 367 770 hoc
379 726 440 769 csse
458 711 575 785 oeulos,
595 728 635 766 un
651 726 727 787 per
746 712 847 785 quod
866 713 1019 789 uidemus,
1042 733 1114 789 quo
1133 717 1289 788 audimus,

44 818 101 877 toa
121 834 185 872 esse
203 830 313 885 cures,
333 831 373 867 an
387 824 463 888 per
479 800 580 884 quod
597 808 766 867 eudimus?
783 837 818 849 ·-
838 808 936 870 Potius
955 811 1047 887 mihi,
1063 829 1214 890 perpurae
1231 815 1289 872 sin·

42 912 117 995 gula
136 912 295 985 sentimus,
315 924 401 988 qnam
423 908 530 981 quitus
544 908 683 966 sentimus
694 951 703 982 ,
724 908 960 989 respondendum
980 910 1109 972 ridetur.
1127 956 1160 966 ..
1181 912 1290 970 Iccirco

43 1013 103 1073 ista
121 1023 220 1070 tecum
231 1006 394 1088 diligenter
404 1006 540 1087 perquiro
550 1051 558 1081 ,
577 1018 610 1064 nt
629 1003 781 1068 rideamus
790 1050 799 1081 ,
818 1022 888 1065 num
909 1024 969 1068 uno
986 1009 1111 1087 quodam
1121 1009 1289 1090 eodemque,

42 1099 128 1190 quod
149 1104 220 1168 insit
248 1103 352 1180 uobis,
380 1119 433 1185 per
460 1103 559 1163 oculos
577 1102 644 1162 alba
665 1105 814 1184 euuigiu,
834 1118 886 1186 per
905 1103 977 1164 alios
996 1117 1091 1167 antem
1110 1122 1211 1166 sensus
1232 1109 1289 1166 alia

42 1202 193 1290 quaedam
219 1204 431 1287 percipiamus:
463 1203 611 1283 possisque
643 1203 835 1283 interrogatus
853 1201 892 1263 ud
910 1218 1015 1286 corpus
1035 1204 1150 1286 singula
1170 1206 1288 1265 ratane.

43 1306 114 1369 Sed.
126 1316 251 1387 praestat
270 1316 297 1362 te
321 1299 490 1381 singulatim
510 1298 548 1359 de
567 1301 613 1360 his
642 1301 832 1383 respondere,
853 1320 940 1382 quam
959 1320 1043 1383 aegre
1062 1321 1108 1363 mc
1127 1312 1193 1364 tuas
1211 1306 1290 1365 tices

43 1414 157 1487 gerere.
199 1400 253 1460 Dic
272 1398 378 1480 igitur:
399 1416 431 1458 ea
441 1443 450 1474 ,
460 1416 514 1479 per
524 1414 598 1478 qnae
616 1399 706 1481 sentis¹
723 1399 838 1475 calida,
850 1401 942 1476 sicca,
955 1400 1032 1463 leuia
1043 1402 1162 1478 ,dulcia
1174 1449 1182 1479 ,
1193 1418 1288 1462 utrum

43 1499 180 1583 corporis
199 1495 299 1558 sensis
317 1494 432 1577 singula
451 1497 626 1558 existimas?
649 1518 687 1558 an
708 1516 778 1560 vero
798 1498 918 1559 alterius
934 1501 1111 1578 cujusdam?
1122 1538 1155 1552 -
1170 1501 1289 1561 Nullius

43 1594 384 1676 atterius-Numquid
412 1595 574 1670 fateberis,
595 1614 668 1675 quae
687 1617 740 1677 per
759 1596 850 1656 alium
871 1616 984 1657 sensum
1004 1601 1110 1675 sentis,
1128 1616 1181 1680 per
1198 1597 1288 1657 alium

36 1697 161 1771 sentire
179 1712 240 1754 non
255 1694 363 1775 posse?
393 1692 486 1754 ueluti
514 1708 588 1772 quae
608 1706 661 1774 per
688 1692 838 1770 auditum,
857 1712 917 1754 nou
934 1696 1034 1755 eadem
1052 1714 1105 1779 per
1123 1699 1238 1760 visum:
1260 1708 1288 1756 et

44 1808 169 1869 contra,
191 1804 264 1870 quae
282 1810 336 1873 per
356 1790 452 1853 uisum
462 1836 472 1867 ,
498 1806 560 1851 non
588 1791 688 1851 cadem
704 1808 759 1872 per
776 1792 1101 1868 auditumr-—Quidnr
1121 1796 1234 1855 fatear?
1255 1830 1289 1846 ι

44 1884 163 1969 Quodsi
179 1889 218 1949 de
227 1887 367 1948 ainbobus
382 1889 506 1968 cogitas,
525 1908 586 1977 non
610 1891 701 1949 sentis
718 1888 749 1948 id
759 1906 813 1971 per
828 1890 908 1950 huuc
919 1891 1101 1972 alterumque
1119 1910 1243 1954 sensum.
1254 1926 1289 1942 «-

47 1990 120 2055 Nun
140 2003 228 2049 certe.
248 2004 283 2023 ⁸-
303 1987 347 2046 De
366 2002 437 2048 voco
466 1987 556 2068 igitur
575 1996 604 2048 et
634 1987 730 2047 colore
755 1988 810 2048 hoc
828 1989 923 2069 ipsum
947 1988 986 2049 dc
1005 1990 1145 2051 ambobus
1161 1993 1292 2071 cogitas,

47 2100 113 2151 esse
131 2086 226 2148 ambo.
246 2108 282 2126 *-
293 2086 412 2166 'Cogito
433 2104 469 2124 ³·
488 2086 563 2145 Turn
594 2084 766 2145 alterutrum
785 2087 822 2145 ub
853 2087 992 2148 alterutro
1016 2088 1168 2150 diversum
1186 2104 1247 2149 esse
1264 2100 1293 2148 et

50 2182 175 2249 sibimet
200 2184 287 2246 idem.
298 2179 575 2259 -Quiduit-Et
593 2183 676 2244 ambo
695 2200 756 2245 esse
775 2184 852 2261 duo,
871 2185 1042 2246 alterutrum
1061 2204 1131 2249 reru
1142 2202 1288 2247 nnuman

47 2288 118 2347 Hoc
138 2286 218 2344 item.
238 2310 274 2321 -
293 2284 376 2343 Potes
393 2282 531 2363 insuper,
552 2271 650 2341 unum
681 2280 787 2343 similia
808 2285 886 2344 inter
906 2298 953 2360 se,
983 2304 1022 2344 an
1042 2285 1197 2345 dissimilia
1216 2286 1294 2361 sint,

43 2376 198 2466 judicare.
219 2402 254 2419 ..
274 2380 413 2441 Fortasse.
434 2402 469 2419 w
489 2381 568 2440 Haec
590 2389 684 2441 autem
704 2374 803 2442 omnia
821 2398 876 2464 per
894 2381 974 2462 quod
994 2385 1174 2464 potissimum
1184 2383 1222 2443 de
1232 2382 1295 2441 illis

48 2481 226 2543 exisunast
241 2476 340 2560 Neque
359 2479 437 2538 enirn
457 2492 509 2559 per
528 2477 660 2539 auditum
680 2490 735 2538 nec
754 2488 808 2560 per
829 2481 924 2542 risum
945 2480 1009 2540 fleri
1030 2496 1140 2562 potest,
1162 2496 1195 2541 ut
1215 2479 1295 2560 quod

49 2592 209 2641 commune
228 2576 289 2637 illis
305 2590 348 2637 est
366 2576 554 2658 percipiatur.
576 2572 654 2636 Hinc
672 2584 819 2657 praeterea
828 2578 907 2657 quod
922 2578 1046 2638 dicimus
1061 2581 1207 2658 conjicere
1215 2580 1295 2637 licet.

50 2678 86 2739 st
104 2677 145 2737 de
161 2676 300 2737 ambobus
312 2675 441 2754 judicari
461 2686 574 2755 posset,
603 2674 715 2734 salsane
744 2676 803 2736 sint
828 2691 940 2752 necne,
959 2692 1056 2757 posses
1077 2677 1180 2757 procul
1201 2675 1298 2735 dubio

14 2776 20 2789 '
51 2764 225 2850 declarare,
245 2788 303 2854 quo
317 2772 484 2852 judicares:
506 2765 595 2852 idque
614 2788 676 2832 non
692 2774 787 2833 uisum
797 2819 806 2849 ,
827 2792 887 2834 nun
898 2768 1048 2851 anditum,
1069 2768 1296 2852 sedaliudquid

52 2890 117 2934 esse
132 2876 256 2933 constat.
277 2892 313 2910 ⁴*
332 2870 473 2946 Quidni?
500 2870 616 2952 linguae
637 2870 669 2930 id
687 2871 733 2933 iis
760 2886 841 2932 esset.
862 2913 897 2923 -
916 2872 995 2932 Scite
1014 2874 1149 2954 loqueris,
1191 2873 1298 2950 cujus

52 2984 125 3032 nain
140 2983 210 3033 uero
230 2971 272 3030 rei
292 2972 338 3032 vis
356 2969 389 3029 id
404 2968 553 3044 declarat,
573 2969 653 3048 quod
668 2969 802 3029 omuibus
821 2984 850 3030 et
869 2962 915 3029 iris
933 2986 1085 3031 commune
1101 2980 1144 3030 est
1153 3017 1162 3048 ,
1175 2971 1298 3030 euitan-

52 3082 145 3150 quam
164 3084 269 3129 numen
296 3069 405 3129 tribuis
428 3061 474 3127 aa*
497 3060 606 3128 ἔστιν
627 3080 656 3130 et
681 3062 727 3129 ri
748 3062 818 3129 uix
840 3062 999 3132 inauret
1019 3085 1093 3149 quae
1112 3070 1213 3152 paullo
1231 3082 1300 3129 anre

53 3167 96 3229 de
116 3160 155 3226 iis
169 3167 399 3247 quaerebamus?
418 3168 473 3228 His
483 3167 619 3229 omnibus
627 3163 726 3247 quales
746 3170 936 3250 assignaveris
950 3184 1067 3246 sensus,
1086 3186 1138 3250 per
1156 3169 1300 3247 quossis·

52 3264 127 3347 gula
142 3265 286 3346 percipiat
305 3258 452 3327 sentiendi
471 3259 597 3326 facultas
619 3268 743 3328 nostra?
763 3288 799 3315 -·
820 3268 995 3330 iacentium
1018 3269 1060 3327 ais
1082 3281 1110 3326 ct
1130 3267 1226 3348 ipsum
1239 3280 1299 3323 auu

53 3385 119 3425 esce
129 3408 139 3438 ,
160 3365 449 3438 similitudinemque
470 3379 497 3424 et
513 3368 797 3426 dissimilitudinem
815 3381 901 3449 atque
920 3370 1000 3426 idem
1020 3375 1049 3424 et
1069 3366 1202 3422 aliarum
1217 3365 1298 3421 item*

54 3476 115 3544 que
133 3476 230 3520 unum
250 3460 279 3522 et
295 3468 420 3522 caeteros
447 3476 581 3522 numeros
591 3508 600 3539 ,
629 3478 776 3544 praeterea
791 3480 861 3543 ‘pur
880 3480 909 3525 et
932 3473 1034 3543 impar
1053 3470 1081 3520 et
1107 3474 1301 3539 quaecunque

54 3556 106 3621 his
124 3566 196 3619 sunt
214 3574 360 3640 congrua,
377 3560 448 3620 haec
477 3559 590 3639 quaeris
610 3580 662 3641 per
681 3576 765 3640 quem
786 3562 905 3622 tandem
924 3561 1052 3642 eorporis
1070 3570 1186 3618 sensum
1204 3558 1302 3617 animo

55 3653 263 3740 percipiamus.
284 3680 319 3696 *a
337 3656 454 3739 Optime
473 3657 604 3718 omniurn
614 3702 623 3734 ,
643 3655 830 3718 oTheaetete
840 3704 849 3735 ,
866 3658 1043 3738 assequeris,
1062 3666 1092 3715 et
1108 3655 1179 3715 haec
1192 3657 1302 3738 scipsa

54 3758 147 3832 snut,
167 3753 330 3835 dequibus
349 3771 464 3837 quaero.
485 3798 520 3809 -
540 3754 601 3837 Ego
620 3774 689 3819 uero
704 3768 758 3839 per
775 3754 895 3835 Jouaur,
914 3772 931 3818 c
950 3753 1097 3831 Socrates,
1111 3756 1187 3836 quid
1202 3754 1297 3815 dicam

55 3856 182 3936 ignoro,
198 3848 278 3936 πλήν
298 3850 326 3936 γ’
347 3847 394 3917 ὅτι
414 3869 467 3935 μοι
489 3852 571 3918 docti
588 3851 646 3938 τήν
667 3849 767 3939 ἀρχήν
788 3851 851 3918 οὐδ’
872 3849 943 3919 aiant
964 3854 1100 3918 titedius
1120 3849 1209 3916 ouidii
1231 3845 1302 3914 tmi⁴

52 3964 121 4029 ῠῠις
147 3945 275 4038 ὄργανον
295 3950 371 4019 iiius
393 3949 491 4041 ὥσπερ
518 3952 649 4035 ἐκείνοις,
671 3951 733 4020 ἄλλ’
752 3952 829 4043 αὐτή
851 3953 890 4022 dt'
911 3952 1005 4042 αὐτῆς
1026 3940 1300 4040 inspirationi

54 4068 113 4135 μοι
136 4047 271 4138 φαίνεται
300 4049 368 4143 περὶ
388 4048 507 4122 πάντων
535 4050 711 4124 ἐπισκοπεῖν
744 4070 808 4122 atini
825 4066 860 4122 oi
887 4064 979 4122 initio
1011 4060 1298 4130 mitissimam,

55 4160 185 4218 utillum
204 4154 378 4238 hujusmodi
393 4164 555 4240 proprium
574 4162 696 4224 tansum
715 4160 763 4223 tte
784 4185 863 4238 eree,
884 4172 920 4221 ui
937 4154 1004 4219 iiiia
1013 4204 1022 4235 ,
1038 4152 1300 4227 accommodatum,

56 4257 114 4316 sed
129 4262 230 4335 ipsum
252 4281 312 4337 per
330 4283 360 4319 sc
389 4268 526 4320 animum
552 4271 721 4322 communia
748 4258 806 4320 illu
825 4263 861 4321 ds
887 4252 1299 4320 inuitosuosaudire*

56 4353 168 4414 Pulcer
183 4376 232 4432 es,
250 4378 267 4417 o
283 4358 456 4433 Theaetete,
474 4379 585 4438 neque,
606 4375 637 4419 ut
654 4360 753 4438 ajebat
781 4358 966 4432 Theodorus,
986 4353 1140 4413 deformis:
1164 4373 1232 4412 narn
1252 4358 1302 4435 qui

57 4449 165 4541 pplcre
185 4451 332 4532 loquitur,
352 4455 452 4535 pulcer
463 4470 504 4514 est
522 4471 549 4520 et
568 4456 671 4517 honus.
704 4459 850 4516 Praeterea
872 4471 948 4514 recte
969 4446 1081 4525 iecisti,
1099 4453 1148 4529 qui
1160 4452 1304 4530 melongo
