2796 5048
639 264 697 324 113

56 422 146 483 Dicat
163 425 256 505 igitur
273 423 393 502 quisque
412 420 490 503 apud
508 422 654 486 Platonem
673 445 689 482 e
708 444 757 483 sna
775 421 803 482 et
820 421 920 485 indole
940 439 968 485 et
993 424 1125 488 doctrina
1147 439 1176 487 ct
1199 424 1286 486 disse·

61 520 146 581 rendi
165 524 296 596 ratione,
324 520 449 601 exagitet
467 519 538 580 adeo
561 535 589 579 et
615 522 787 603 perstringat
805 518 950 599 Socrates,
972 546 1043 605 qnae
1063 546 1079 583 a
1103 522 1231 604 Phaedro
1257 537 1286 583 et

62 619 214 698 Agathone
232 618 310 679 dicta
327 619 463 679 suerunt:
484 619 574 700 spirat
593 633 688 678 tamen
706 619 739 677 in
757 618 890 680 omnibus
916 641 1012 681 eorum
1038 620 1215 681 sermonibus
1235 642 1286 702 ge-

62 717 130 778 nius
161 717 310 793 Platonis,
339 719 371 778 ιιι
399 716 460 777 illis
488 737 556 778 vero
584 718 780 798 potissimum,
820 737 889 795 quos
913 717 1040 778 Socrates
1062 718 1194 779 habuisse
1220 740 1285 778 curn

61 814 191 876 Dictima
208 815 326 877 dieitur.
367 818 405 876 Hi
427 829 519 874 antem
543 815 582 874 ita
601 837 715 896 prorsus
733 831 799 876 sunt
826 816 986 892 Platonici,
1014 831 1127 896 tamque
1156 831 1284 892 accurate

62 913 187 976 tradunt
212 913 377 996 philosophi
407 913 443 972 de
472 912 544 972 ideis
572 927 600 972 et
628 934 736 972 summo
767 913 965 994 philosophiae
995 917 1138 997 proposito
1166 930 1285 976 senten-

64 1010 153 1090 tiam,
182 1026 215 1073 ut
233 1011 380 1072 doctrinae
399 1012 561 1072 Platonicae
583 1011 730 1073 universae
749 1026 860 1072 tantum
881 1034 943 1072 non
967 1012 1186 1094 descriptionem
1213 1031 1286 1073 con-

69 1107 189 1170 tineent.

10 1092 33 1283 h
108 1208 186 1284 Quae
203 1228 271 1268 cum
288 1208 328 1266 ita
344 1207 421 1283 sint,
441 1207 503 1266 l'nse
521 1226 573 1266 nos
594 1206 672 1266 hunc
697 1207 791 1267 locum
809 1210 1011 1286 tractavimus,
1041 1210 1097 1270 imo
1119 1209 1211 1268 fusius
1229 1208 1287 1289 for·

10 1288 38 1373 *b
78 1313 156 1381 tasse,
183 1326 270 1387 quam
297 1304 397 1365 multis
425 1319 523 1386 aptum
551 1318 600 1363 aut
629 1306 816 1364 necessarium
846 1305 986 1371 videatur.
1038 1308 1088 1368 Est
1110 1309 1187 1367 enim
1214 1285 1284 1366 haec

10 1406 51 1459 .¹
83 1402 194 1486 tulganis
221 1403 371 1463 bominum
406 1402 599 1478 consuetudo,
629 1417 660 1462 ut
685 1424 756 1481 quae
783 1405 815 1464 ιιι
833 1405 947 1485 placitis
976 1420 1104 1469 veterum
1128 1426 1194 1465 suae
1222 1420 1282 1463 sen-¹

10 1498 45 1569 t!
85 1502 171 1563 artae
198 1522 321 1581 suaeque
349 1505 434 1563 aetati
461 1503 658 1576 conveniunt,
690 1501 814 1562 studiose
841 1505 1010 1582 exquirant.
1040 1526 1112 1583 quae
1141 1525 1209 1566 vero
1235 1501 1284 1562 ab·

10 1576 43 1657 Q
86 1596 210 1677 horrent,
247 1600 296 1661 rel
324 1601 439 1661 mittant
468 1601 555 1682 plane
592 1601 639 1662 vel
668 1600 864 1711 negligentius
897 1615 1048 1679 tr,artent
1078 1604 1188 1663 etiamsi
1215 1600 1285 1660 baec
1333 1634 1336 1641 ·

84 1714 163 1759 eorum
173 1719 274 1780 ,qnae
292 1698 431 1774 laudant,
452 1699 536 1757 initia
554 1712 581 1757 et
595 1699 675 1775 quasi
691 1699 798 1756 semina
817 1700 992 1760 contineant.
1015 1702 1113 1780 ltaque
1132 1699 1284 1780 metaphy·
1357 1727 1359 1730 ⁴

79 1793 154 1857 sicam
177 1797 323 1873 Platonis,
352 1796 549 1870 dialecticam,
578 1794 891 1872 morumdoctm'nam,
909 1798 1073 1880 politicam,
1103 1799 1174 1879 quin
1201 1796 1284 1856 then-

10 1784 54 2065 3'
74 1887 169 1971 logiam
194 1916 235 1969 ac,
255 1895 452 1975 cosmologiam
476 1907 603 1953 accurate
622 1893 681 1952 fere
695 1892 822 1972 {tradunt
841 1883 1009 1976 interpretes
1019 1922 1027 1972 ;
1057 1896 1107 1957 sed
1124 1895 1229 1978 placita
1247 1893 1283 1952 de

69 2007 160 2053 amore
187 2007 299 2053 tantum
318 1988 398 2053 abest
417 2008 449 2053 ut
472 1994 579 2053 semina
608 2010 665 2050 esse
684 1990 792 2052 ducant
816 1993 965 2053 universae
987 1995 1151 2076 philosophi
1174 1978 1287 2053 doetri-¹

65 2105 139 2165 nae,
166 2105 197 2151 ut
225 2111 258 2149 ea
284 2090 460 2151 luxuriantis
485 2092 596 2172 ingenii
622 2082 896 2172 παραβλαστήματα
915 2090 1048 2152 habeant.
1101 2093 1163 2167 Quo
1181 2109 1233 2147 nos
1251 2087 1283 2146 in

62 2177 146 2249 hisce
162 2188 413 2268 disquisitionibus
433 2189 554 2249 ulterius
572 2190 803 2271 progrediemur,
824 2212 857 2252 eo
876 2191 959 2251 nobis
978 2190 1085 2270 magis,
1111 2185 1207 2266 qualia
1225 2184 1283 2245 sint

59 2278 115 2340 illa
136 2287 261 2368 placita,
281 2285 400 2367 patebit.
441 2287 498 2346 ch
517 2307 584 2348 vero
598 2289 659 2366 jam
677 2288 954 2364 animadvertamus,
982 2287 1100 2346 fluxisse
1119 2305 1155 2371 en
1175 2295 1283 2344 amato·
1345 2278 1349 2285 ’

57 2377 113 2447 tiis
134 2385 213 2465 hisce
231 2383 410 2444 sermonibus
424 2387 677 2466 praestantissimas
692 2401 833 2462 veterum,
849 2388 881 2447 in
899 2387 999 2468 primis
1017 2383 1282 2466 Peripateticorum,

56 2472 94 2534 (le
117 2483 246 2544 amicitia
263 2481 488 2565 disputationes:
516 2503 636 2560 quarum
654 2482 692 2544 ad
710 2485 873 2566 exemplum
891 2486 1015 2566 scriptus
1033 2482 1148 2545 videtur
1167 2481 1282 2543 Cicero-

59 2573 111 2654 nis,
134 2581 258 2642 Laelius.
299 2581 369 2639 Nam
389 2602 466 2640 amor
485 2579 563 2662 apud
587 2583 752 2659 Platonem,
772 2585 796 2643 si
816 2585 860 2645 ris
878 2586 939 2661 eius
956 2580 1153 2660 quaeritur-'in
1171 2595 1281 2636 morum

59 2670 197 2739 doctrina
206 2679 347 2760 ,proprie
364 2679 489 2737 amicitia
506 2693 561 2754 est,
581 2702 749 2759 quamquam
767 2680 905 2758 ejusmodi
924 2681 990 2755 illa,
1006 2694 1038 2739 ut
1052 2697 1162 2738 omnem
1179 2675 1281 2745 amoris

60 2782 89 2828 et
108 2794 226 2838 sensnm
245 2777 348 2836 habeat
367 2791 395 2835 et
422 2777 550 2836 effectum
578 2792 605 2838 et
632 2779 880 2847 necessitudinem.
922 2779 1054 2839 Amicitia
1076 2789 1169 2835 autem
1196 2792 1281 2868 quam

62 2867 120 2930 late
140 2890 235 2958 pateat
251 2895 303 2956 per
320 2888 408 2934 totam
428 2888 556 2936 veterum
575 2897 635 2935 non
654 2890 766 2936 tantum
785 2878 936 2952 moralem,
960 2875 1009 2936 sed
1030 2875 1178 2957 politicam
1196 2872 1280 2931 etiam
1308 2904 1310 2909 ,

62 2963 268 3053 disciplinam,
288 2973 353 3050 quis
369 2974 476 3048 nescit,
497 2974 547 3052 qui
574 2975 692 3055 politica
715 2989 843 3035 veterum
853 2976 1120 3056 ,Pythagoreorum
1139 2971 1282 3046 maxime,

63 3062 172 3142 placita
188 3071 358 3153 perspexit?
379 3073 458 3145 Quae
477 3092 544 3133 vero
563 3071 599 3130 ab
619 3073 744 3150 antiquis
769 3071 804 3159 de
830 3074 959 3132 amicitia
980 3070 1084 3132 tradita
1104 3083 1170 3130 sunt
1189 3090 1221 3127 ao
1245 3066 1281 3126 de

63 3168 238 3239 gravissimis
260 3169 337 3228 hisee
357 3167 537 3249 disciplinis,
558 3169 698 3247 quomodo
726 3150 806 3229 tarith
834 3169 909 3231 tradi
936 3185 964 3230 et
993 3172 1023 3231 ιι
1051 3183 1079 3229 et
1106 3154 1281 3229 sublimitate

64 3268 242 3342 potuissent,
260 3268 316 3326 nisi
330 3288 396 3347 purr
389 3266 593 3345 coelestisque
612 3269 712 3328 amoris
732 3268 867 3328 sublimes
894 3269 1082 3349 praeivissent
1110 3265 1282 3346 descriptio-

10 3412 14 3421 .
64 3366 144 3423 ¹1⁰8?
171 3366 267 3444 Neque
295 3385 362 3425 vero
386 3364 469 3423 aliter
497 3365 718 3424 existimandum
742 3381 782 3426 est
800 3365 836 3425 de
863 3381 921 3426 tota
948 3365 1129 3447 philosophia
1155 3365 1281 3439 antiqua.

64 3451 126 3516 lei
147 3462 335 3522 traductum
327 3485 360 3521 tn
379 3483 440 3521 eam
458 3462 577 3537 fuisset,
597 3461 740 3542 quidquid
764 3463 800 3523 de
828 3486 921 3524 amore
949 3464 1087 3541 rebusque
1117 3461 1227 3522 divinis
1253 3472 1281 3517 et

63 3548 199 3620 humanis
216 3561 379 3620 cecinerant
396 3565 513 3641 poetae,
532 3560 617 3641 plena
635 3560 751 3649 quidem
772 3561 825 3621 illa
843 3576 913 3621 esset
930 3560 1177 3620 subtilissimarum
1196 3578 1277 3636 quae·

65 3647 209 3734 stionum,
230 3657 279 3717 sed
296 3658 429 3737 frigeret,
450 3671 481 3716 ut
500 3658 606 3737 frigent
625 3679 703 3717 nunc
724 3659 829 3740 scripta
850 3658 1081 3718 scholasticorum
1099 3656 1282 3739 philosopho-

67 3764 141 3815 rum.
170 3705 282 3816 Platoni
302 3770 395 3815 autem
412 3756 534 3814 maxime
553 3756 606 3815 hoc
627 3732 728 3815 debirit
745 3756 944 3837 philosophia,
966 3770 997 3815 ut
1016 3757 1150 3834 antiquae
1168 3763 1282 3837 po'eseos

10 3866 16 3895 ἱ
68 3852 91 3897 θῐ
116 3847 217 3914 lumen
245 3868 273 3914 et
299 3853 502 3913 sublimitatem
528 3854 701 3933 susciperet,
727 3857 915 3934 jungeretqne
944 3853 1073 3912 sensibus
1098 3853 1216 3912 excelsis
1245 3851 1281 3910 de

68 3941 168 4014 Pulcra
192 3967 220 4012 et
239 3955 317 4031 justo
343 3949 522 4034 disquirendi
550 3950 764 4029 disserendique
793 3951 988 4033 subtilitatem.
1029 3952 1139 4010 Primus
1158 3948 1208 4009 ille
1227 3949 1283 4008 fuit

70 4051 230 4110 mortalium
240 4096 248 4125 ,
270 4049 365 4127 judice
379 4049 547 4124 Plutarcho,
567 4051 616 4128 qui
634 4050 832 4131 philosophiae
851 4071 903 4132 ope
922 4051 1024 4109 amoris
1042 4046 1179 4129 mysteria.
1191 4047 1284 4107 decla·

69 4149 151 4209 ruant·
185 4149 288 4208 «Bene
306 4145 423 4225 quidam
440 4146 542 4206 dicunt
565 4162 593 4207 et
611 4147 714 4225 divina
738 4147 860 4227 quadam
883 4150 998 4209 fortuna
1026 4148 1173 4209 veritatem
1193 4143 1284 4203 attin-

68 4243 157 4333 ξῑῑῐιι,
186 4246 332 4321 dicentes,
362 4246 448 4304 amori
472 4243 578 4305 deditis
601 4244 724 4305 reditum
749 4247 786 4306 ab'
812 4249 914 4309 inferis
932 4245 1069 4321 concedi,
1100 4235 1157 4324 ὅπη
1180 4238 1285 4303 δὲκαὶ

67 4339 164 4419 οΤῑίυς,
195 4337 344 4424 ἀγνοοῦσι,
371 4335 468 4426 ὥσπερ
494 4337 629 4425 ἀτραποῦ
655 4338 880 4428 διαμαρτόντες,
905 4341 943 4426 ἢν
970 4342 1088 4425 πρῶτος
1114 4338 1286 4428 ἀνθρώπων

1150 4447 1168 4482 0
