2796 5048
1132 122 1154 163 e

682 205 742 265 ⁵52

95 384 156 446 tes„
178 383 317 450 quotquot
343 370 480 453 germini}
497 384 585 434 sunt‘
592 371 775 455 philosophi,
806 370 885 432 nihil
911 371 996 432 aliud
1025 372 1167 451 consequi
1195 373 1323 450 studere,

93 492 179 550 quam
200 483 231 530 ut
249 469 409 531 moriantur
425 490 457 530 ac
474 471 579 531 mortui
598 471 689 531 sint.»
746 469 832 545 Quod
853 470 895 531 sic
915 469 1103 530 demonstrat.
1146 469 1248 531 Monet
1268 474 1337 553 pri·.

95 592 191 646 mum,
212 581 331 630 mortem
348 589 407 629 esse
426 569 517 629 animi
532 591 549 629 a
567 590 685 650 corpore
699 554 891 644 solutionem
912 583 975 629 tum
992 570 1121 648 quaerit:
1148 568 1322 631 «videturne

95 667 170 742 tibi,
198 667 248 746 qui
277 676 343 727 rere
371 680 412 726 est
440 667 645 750 philosophus,
677 688 773 728 rerum
799 688 1018 748 corporearum,
1039 688 1198 744 sensuum,
1221 668 1323 750 volup·

93 778 204 841 tatum,
234 764 292 825 cibi
322 778 461 846 potusque
489 751 585 826 studio
613 766 705 826 teneri
734 768 931 848 magnopere?
981 770 1028 826 An
1061 787 1132 827 vero
1158 767 1198 827 ita
1228 789 1258 827 se
1287 789 1325 828 res

93 863 197 941 habet,
224 878 256 925 ut
278 865 316 924 ab
341 865 396 941 iis,
424 863 521 944 quoad
538 867 600 943 ejus
616 864 680 925 lieri
704 878 797 945 potest
808 909 817 940 ,
837 864 1000 926 abstineat?
1019 864 1122 930 -ssic
1143 868 1276 928 omnino.
1295 906 1324 917 -

93 961 173 1038 Quid
200 966 293 1025 vero?
318 962 355 1023 ad
385 962 571 1045 cogitandum
600 976 694 1039 recte,
725 976 757 1023 nt
777 962 816 1023 ad
835 963 1008 1046 sapientiam
1021 963 1254 1044 perveniamus,
1275 967 1324 1024 im·

94 1059 291 1145 pedimentum
316 1082 420 1144 corpus
441 1064 504 1123 estl
536 1045 767 1137 veluti'aensus,
789 1062 890 1137 visus,
909 1060 1045 1136 auditus,
1069 1063 1197 1136 caeteri,
1221 1064 1324 1124 verita·

94 1176 152 1223 tem
179 1162 264 1223 nobis
288 1160 508 1244 percipiendam
533 1159 691 1243 praebept,
715 1182 753 1221 au
781 1182 850 1222 vero
869 1173 945 1221 recte
965 1160 1049 1221 nobis
1067 1160 1193 1222 tradunt
1214 1167 1321 1242 poetae,

94 1261 172 1321 nihil
201 1282 253 1320 nos
282 1258 404 1339 videre,
434 1258 511 1319 nihil
541 1258 642 1319 audire
673 1260 785 1321 sineere
815 1261 1029 1338 accuratoque?
1043 1285 1081 1305 -·-
1097 1261 1192 1320 Recte
1213 1261 1326 1321 omnino

94 1360 204 1420 illi.-
220 1361 323 1419 Nonne
353 1360 441 1440 igitur
466 1358 572 1439 optime
597 1358 703 1468 cogitat
723 1379 756 1417 ac
776 1358 966 1417 ratiocinatur
984 1358 1118 1434 animus,
1141 1358 1223 1418 ubi
1215 1372 1327 1418 istorum

93 1459 207 1519 nihil
200 1480 294 1548 ipsum
322 1442 493 1533 contirrbat‚
524 1478 578 1517 nec
608 1458 692 1517 visus
716 1478 770 1517 nec
797 1455 915 1517 auditus
932 1477 985 1516 nec
1003 1455 1087 1517 dolor
1102 1478 1159 1517 nec
1179 1455 1328 1571 voluptas,

94 1549 208 1620 M„
189 1580 234 1619 οτι
263 1550 392 1636 μάλιστα
419 1550 504 1638 usioni
523 1550 595 1618 καθ’
619 1546 713 1637 αὐτην
736 1551 883 1636 γίγνηται,
912 1552 994 1615 ἐοῖσα
1020 1551 1142 1636 χαίρειν
1166 1577 1204 1616 το
1232 1556 1328 1634 σῶμα,

93 1658 142 1723 καὶ
167 1654 240 1721 καθ’
265 1654 336 1721 ὅσον
360 1652 483 1722 δοναται
503 1683 547 1742 μη
572 1657 751 1721 κοινωνοῦσα
775 1653 858 1744 αὐτῷ
884 1653 958 1740 μηδ’
984 1651 1213 1740 ἁπτομένη,’
1192 1655 1251 1742 opi
1250 1682 1328 1743 γητα

93 1764 147 1828 τοῦ
174 1756 275 1839 dutum
308 1765 358 1825 aod
386 1786 476 1843 quom
505 1771 634 1823 marimo
662 1771 753 1823 umet
780 1769 815 1821 in
835 1784 865 1821 co
882 1767 1050 1840 recipiens,
1071 1763 1189 1821 decerit
1208 1785 1327 1843 corpur,

94 1879 141 1945 ot,
162 1869 259 1948 quoud
272 1865 423 1943 ejuaJieri
430 1872 548 1942 potest,
572 1884 626 1921 nco
643 1866 868 1921 communicem
890 1883 921 1921 ao
941 1883 1010 1920 oum
1028 1883 1059 1920 oo
1078 1882 1133 1919 noc
1152 1869 1328 1944 ottingene,

95 1971 135 2030 od
157 1989 261 2026 aarum
282 1961 457 2029 contendit?
477 1961 574 2021 -Ito
596 1981 625 2021 se
649 1980 694 2019 res
713 1957 810 2019 hahet.
836 1958 965 2035 -Quid
992 1980 1059 2019 vero
1087 1958 1164 2033 illa,
1184 1982 1264 2040 quae
1283 1983 1329 2022 vo-

95 2088 211 2141 camus,
228 2066 391 2145 pulorum,
411 2064 536 2135 unum,
548 2057 698 2137 justum?
730 2058 839 2117 Horum
856 2070 890 2117 tu
909 2057 1068 2138 quidquam
1087 2056 1188 2118 oculis
1211 2058 1324 2120 vidistit

94 2190 133 2228 an
161 2187 229 2227 vero
256 2163 423 2244 quicunque
453 2172 601 2234 nostrum,
632 2155 783 2239 repudiati
810 2146 1039 2238 sensurun'ope,
1069 2157 1133 2237 ipse
1151 2178 1211 2238 per
1238 2178 1263 2219 ae
1279 2158 1324 2219 illa

94 2262 284 2344 contemplari
313 2259 445 2333 studuit,
476 2257 500 2317 is
530 2257 637 2339 optime
667 2255 721 2316 illa
749 2255 846 2317 auimo
874 2257 1055 2374 perceperit?
1084 2281 1117 2291 -
1150 2258 1282 2319 Prorsus.
1299 2290 1329 2302 -

94 2364 203 2425 iccirco
231 2380 297 2421 rere
324 2357 409 2417 nobis
438 2354 664 2415 demonstratum
688 2368 747 2430 est,
777 2344 838 2428 irc,
867 2351 894 2414 ci
916 2348 1064 2432 μέλλομέν
1090 2376 1167 2416 ποτε
1188 2352 1332 2439 καθαρῶς

94 2485 124 2524 τι
145 2455 299 2534 εἴσεσθαι,
320 2447 520 2516 incl-iunior
539 2447 747 2534 τοῦσώματος
764 2454 814 2518 καὶ
831 2451 913 2575 αὐτῇ
932 2455 973 2543 τῆ
996 2457 1088 2543 ψυχῇ
1111 2453 1248 2521 θεατέον
1264 2450 1333 2522 uiri

94 2556 133 2626 ui
159 2555 340 2646 πράγματα
369 2555 419 2619 καὶ
441 2549 524 2632 τότε,
549 2548 592 2631 οἷς
615 2550 727 2634 doure,
745 2551 818 2640 ἡμῖν
841 2553 923 2621 ἔσται
950 2550 985 2621 οὗ
1012 2551 1228 2642 ἐπιθιμοῦμέν
1243 2558 1333 2625 τεκαὶ

95 2663 196 2749 φαμὲν
222 2660 346 2747 ἐρασταὶ
374 2654 459 2740 εἶναι,
486 2653 678 2743 φρονήσεως,
710 2655 832 2724 ἐπειδᾶν
858 2656 1093 2744 τελευτήσωμεν,
1128 2663 1207 2738 ζῶσι
1226 2661 1266 2727 δὲ
1286 2685 1331 2726 ον·

94 2778 122 2832 εἰ
148 2770 223 2849 quid
248 2775 364 2826 sineere
392 2765 583 2823 intellecturi
609 2771 740 2839 simus,
735 2766 901 2824 &medere
930 2787 983 2825 noo
1010 2787 1042 2823 ο
1056 2788 1180 2847 corpore
1200 2777 1331 2848 oportere

78 2854 186 2950 *eque
209 2873 273 2946 ipro
298 2872 398 2923 oninto
424 2870 508 2942 ipaoa
535 2884 585 2922 rea
613 2863 830 2941 contemplari:
858 2874 926 2924 tune
951 2866 1090 2940 domum,
1120 2877 1158 2925 ut
1187 2868 1329 2938 videtur,

96 2986 325 3046 consequemur,
364 2963 441 3042 quod
478 2970 646 3041 appetimus
674 2969 822 3041 cujusque
849 2985 902 3022 noe
928 2964 1059 3037 dicimur
1086 2975 1231 3025 amantea
1258 2986 1328 3036 em,

96 3074 279 3146 cupientium
307 3064 462 3136 videlieet,
490 3082 582 3139 quum
610 3070 724 3120 mortui
746 3059 927 3138 fuerimus,
957 3065 1029 3121 dum
1053 3074 1156 3123 autem
1183 3072 1327 3136 vivomm,

98 3184 296 3247 nequaquem.
307 3187 322 3220 n
345 3159 378 3241 1)
982 3224 984 3229 .

138 3265 236 3326 Facile
252 3262 298 3322 his
316 3260 441 3338 aliquem
463 3257 501 3318 ad
517 3260 717 3318 clamentiae
731 3261 945 3339 discplinam,
965 3281 1039 3340 quae
1049 3261 1329 3344 Neoplatonieorun

97 3380 127 3426 et
156 3384 225 3426 vero
247 3358 478 3421 Christianorum
506 3354 688 3436 quorundam
714 3355 790 3433 suit,
820 3357 927 3419 adduci
948 3361 1094 3440 potuisse,
1113 3360 1329 3443 sponte'cerni-

98 3486 172 3525 mus.
211 3462 250 3523 Et
276 3479 362 3533 vero,
382 3456 487 3538 spretis
516 3456 555 3516 ita
576 3468 604 3515 et
623 3455 754 3517 sensibus
778 3471 807 3517 et
836 3458 1037 3540 voluptatibus
1055 3471 1084 3518 et
1104 3459 1191 3521 rebus
1215 3464 1330 3526 omnino

98 3561 262 3643 corporeis,
281 3557 389 3640 quidni
418 3554 489 3616 inde
516 3554 572 3615 hoc
595 3554 671 3615 item
694 3554 800 3616 ducere
826 3557 976 3637 posteritas
993 3557 1147 3635 debuerit,
1170 3582 1261 3623 unam
1281 3564 1330 3624 lio-

99 3661 174 3721 mini
194 3655 404 3739 respiciendam
423 3656 550 3715 suturam
570 3655 660 3717 vitam
675 3648 754 3731 esse,
774 3654 850 3715 hanc
868 3655 1090 3736 negligendam,
1111 3679 1227 3738 quoque
1248 3663 1330 3741 magis

99 3761 165 3841 quis
193 3757 291 3817 animo
319 3754 494 3835 prospiceret
522 3774 591 3827 suo,
621 3774 655 3813 eo
683 3754 773 3833 magis
801 3753 857 3834 ipsi
885 3774 944 3812 esse
975 3776 991 3813 a
1020 3755 1088 3815 cibo
1117 3771 1269 3846 potuque,
1299 3759 1331 3819 ah

100 3879 194 3919 amore
206 3903 214 3933 ,
235 3853 354 3933 abipso
372 3853 553 3912 matrimonio
577 3851 808 3913 abstinendum?
843 3854 962 3913 Horum
985 3873 1054 3913 vero
1074 3853 1151 3914 nihil
1172 3856 1256 3936 apud
1275 3859 1331 3918 Pla·

101 3974 207 4036 tonem.
245 3954 355 4015 sonna
375 3973 403 4010 se
424 3972 468 4010 res
499 3950 594 4010 hahet.
636 3951 695 4031 lpsi
722 3950 793 4010 adeo
820 3950 954 4032 religioni
977 3965 1107 4027 nostrae,
1131 3967 1164 4012 ut
1183 3955 1332 4035 proditaa

101 4056 205 4118 divino
232 4066 347 4113 auctore
376 4064 436 4125 est,
465 4051 665 4126 conveniunt,
693 4050 716 4110 si
747 4065 823 4110 recte
851 4050 1054 4132 accipiuntur,
1079 4050 1252 4135 philosophi
1274 4057 1335 4138 pla-

101 4157 168 4215 cita.
209 4153 282 4212 Nam
311 4162 442 4233 spectum
468 4147 538 4207 haec
570 4149 600 4208 in
631 4149 732 4230 primis
756 4157 933 4224 ceritutom,
957 4152 1146 4225 libertatem,
1165 4159 1336 4214 uirtutem:

140 4431 164 4498 1)
182 4435 275 4487 ruer.
290 4431 332 4484 or.
348 4429 377 4482 ο.
395 4457 428 4465 -
442 4429 483 4479 ss.
500 4427 530 4480 Ε.
