2796 5048
672 222 710 281 39

78 379 198 438 animos.
240 380 353 439 Poetica
371 393 430 439 erat
447 394 475 440 et
493 394 550 440 tota
575 368 751 441 referebatur
770 383 807 442 ad
830 402 928 444 sensus
946 388 1025 446 varia
1043 388 1153 446 ratione
1172 385 1300 446 afficien-

78 475 136 536 dos
179 476 350 537 Interiorem
372 478 533 538 doctrinam
554 480 742 540 continebant
768 484 919 562 mysteria,
939 483 989 543 sed
1017 485 1073 544 nisi
1093 484 1157 563 quis
1176 484 1301 565 philoso-

76 573 145 655 phia
165 588 240 634 esset
255 575 400 652 imbutus,
420 599 479 636 non
499 577 620 638 multum
638 600 706 638 sane
726 579 795 638 inde
813 580 950 660 prolicere
967 596 1086 663 poterat.
1127 584 1199 642 Nam
1218 596 1299 643 erant

76 671 128 731 illa
148 672 291 749 obscura,
312 688 409 756 utpote
436 676 587 756 mysteria,
611 689 639 734 et
664 675 783 736 obscure
802 677 1032 756 significaverant
1051 702 1067 739 a
1094 693 1205 739 vetusto
1229 679 1298 739 inde

75 784 223 851 tempore,
244 793 316 852 quae
334 772 441 864 deinde
464 773 608 832 illustrare
624 774 789 854 philosophi
807 789 971 854 coeperunt.
1012 776 1195 857 Philosophia
1213 778 1300 858 igitur

76 868 240 928 cultissimo
257 872 359 949 cuique
378 871 489 930 homini
510 873 631 931 maxime
649 885 708 931 erat
727 871 849 931 colenda
859 918 867 947 ,
896 875 1002 953 quippe
1026 875 1084 932 sola
1104 877 1230 933 animum
1250 876 1300 933 iru-

75 965 174 1025 huens
191 967 322 1027 sensibus
340 969 507 1029 celsioribus
523 983 552 1029 et
569 971 679 1049 erigens
701 969 846 1029 hominem
870 970 907 1030 ad
927 971 1046 1031 divinae
1070 985 1188 1031 naturae
1211 973 1300 1032 subli-

75 1065 217 1124 mitatem.
256 1066 320 1141 Quo
344 1067 450 1125 lactum
461 1113 470 1142 ,
492 1080 523 1126 ut
542 1068 632 1126 instar
658 1080 730 1126 esset
752 1067 897 1126 veteribus
921 1067 1067 1148 religionis
1091 1070 1201 1144 omnis,
1227 1084 1301 1130 certe

77 1178 199 1223 munem
214 1164 277 1241 ejus
291 1164 445 1244 susciperet
458 1164 543 1245 longe
557 1152 731 1245 gravissima.
750 1163 892 1225 Successit
905 1165 1012 1226 deinde
1023 1167 1156 1245 antiquae
1166 1166 1299 1247 religioni

76 1260 183 1341 religio
198 1261 373 1335 christiana,
403 1283 456 1321 nec
474 1264 584 1343 poetice
603 1262 674 1338 ille,
694 1282 747 1323 nec
766 1261 955 1344 philosopha,
983 1263 1034 1323 sed
1053 1276 1112 1323 tam
1131 1264 1253 1345 simplex
1272 1279 1301 1324 et

74 1378 150 1441 pura
159 1394 171 1433 ‚·
186 1368 221 1419 ut
237 1359 324 1418 facile
341 1358 504 1419 admitteret
519 1379 679 1440 germanam
692 1359 921 1442 philosophiamz
936 1381 989 1420 nee
1007 1360 1169 1422 admitteret
1188 1375 1301 1422 tanturn

75 1478 140 1516 ean
150 1501 159 1531 ,
180 1456 232 1517 sed
249 1470 350 1538 sponte
376 1459 530 1539 susciperet
548 1479 581 1517 ac
599 1458 810 1519 commendaret
828 1459 1020 1518 vehementer.
1051 1460 1242 1541 Recuperavit
1262 1460 1302 1519 ite

75 1555 194 1635 religio,
213 1564 285 1633 quiae
302 1556 445 1629 amiserat,
464 1574 600 1631 munera,
621 1570 651 1615 et
666 1555 760 1618 valuit
776 1576 855 1615 nunc
875 1556 989 1616 demum
1009 1557 1047 1616 ad
1066 1558 1198 1620 divinam
1217 1578 1301 1638 agno·

76 1652 216 1712 scendanr
232 1642 417 1730 majestatem,
431 1653 469 1713 ad·
483 1675 561 1734 spem
580 1653 806 1714 confirmandam
824 1654 900 1714 vitae
911 1655 1042 1730 futurae,
1061 1669 1122 1715 tum
1137 1676 1205 1715 vero
1215 1656 1300 1715 etiam

75 1750 115 1810 ad
125 1750 321 1810 erudiendum
340 1751 585 1833 excolendumque
603 1750 756 1822 homiuem.
778 1751 835 1810 Nec
850 1753 964 1811 mirum.
985 1753 1057 1810 Nam
1067 1753 1156 1812 falsae
1166 1752 1300 1832 religioni

77 1862 251 1907 successerat
269 1870 354 1922 tera,
380 1869 451 1928 quae
470 1868 534 1906 cunr
553 1869 619 1907 vera
637 1848 819 1928 philosophia
838 1849 991 1930 copulatur
1010 1850 1157 1910 facillime.
1185 1852 1249 1924 Quo
1268 1849 1302 1909 fit

76 1946 225 2025 hodieque
234 1982 247 2021 ,·
264 1960 314 2022 ut,
333 1968 405 2027 quae
418 1960 573 2006 occurrunt
586 1945 665 2026 apud
679 1946 810 2024 antiquos
823 1946 1007 2028 philosophos
1025 1947 1170 2028 praeclara
1188 1948 1225 2008 de
1244 1969 1301 2006 mo·

78 2045 165 2104 ribus
188 2058 356 2126 praecepta,
384 2045 462 2104 haud
490 2064 565 2105 nova
584 2043 741 2105 videantur
757 2043 862 2125 plane,
881 2045 987 2126 quippe
1005 2044 1111 2124 quihus
1129 2046 1218 2127 ipsis,
1237 2046 1302 2103 reli·

77 2145 176 2223 gionis
192 2162 264 2223 ope,
285 2164 302 2202 a
320 2157 418 2202 tenera
431 2145 492 2220 jam
508 2156 599 2201 aetate
617 2141 721 2200 imbuti
740 2143 836 2203 simus.
871 2141 928 2203 Sed
956 2142 1062 2202 accidit
1080 2144 1121 2201 ita
1142 2142 1248 2216 simul,
1270 2155 1302 2200 ut

78 2232 218 2320 religioni
244 2239 387 2299 tribuatur
405 2243 450 2300 vis
466 2243 562 2300 omnis
575 2240 613 2300 ed
631 2259 733 2321 pucros
750 2240 962 2316 instituendos,
982 2240 1020 2300 ad
1040 2260 1130 2300 mores
1147 2239 1299 2301 emendan-

77 2339 149 2414 dos,
178 2337 217 2398 ad
246 2339 335 2398 ritem
362 2338 436 2396 bene
460 2340 624 2419 integreque
641 2336 868 2418 transigendam:
887 2337 1086 2418 philosophiae
1103 2330 1301 2417 relinquatur,

79 2452 114 2496 ut
132 2452 229 2496 rerum
248 2435 365 2514 indaget
383 2436 546 2517 principia,
567 2448 594 2494 et
614 2434 696 2494 docte
712 2433 749 2493 dc
766 2434 813 2493 his
833 2455 866 2492 ac
886 2435 1030 2494 subtiliter
1049 2435 1184 2517 disputet.
1260 2420 1267 2429 ⁶

121 2537 181 2596 Nec
199 2554 268 2597 vero
285 2532 460 2608 dolendum,
481 2546 639 2592 contractos
663 2532 703 2591 ita
731 2551 790 2590 esse
815 2533 971 2591 recentiore
999 2546 1089 2591 aetate
1107 2533 1304 2614 philosophiae

78 2633 165 2693 fines.
205 2632 282 2692 Nam
294 2631 372 2710 quod
390 2633 451 2712 ipsa
471 2630 540 2689 olim
556 2628 716 2710 praestabat
739 2630 857 2709 paucis,
886 2628 917 2688 id
945 2630 1078 2691 omnibus
1101 2632 1161 2707 jam
1181 2644 1302 2710 praestat

78 2733 186 2812 religio
214 2730 379 2790 christiana.
421 2731 498 2787 Haec
518 2729 596 2786 enim
623 2747 702 2800 non,
723 2741 755 2785 ut
783 2726 854 2802 illa,
875 2726 1046 2786 cultioribus
1068 2741 1180 2786 tantum
1208 2727 1302 2786 homi-

79 2831 189 2904 nibus,
208 2827 259 2888 sed
276 2827 395 2886 incultis
415 2827 498 2886 etiam
518 2839 545 2884 et
564 2823 686 2883 rudibus
705 2824 861 2899 convenit,
889 2838 917 2884 et
937 2840 994 2883 una
1021 2840 1061 2884 est
1080 2838 1146 2906 apta
1172 2823 1210 2883 ad
1237 2825 1299 2883 uni·
1337 2870 1349 2893 .

76 2948 197 2991 uersum
216 2924 406 2985 excolendum
425 2944 513 3004 genus
531 2923 697 2983 humanum.
737 2921 795 2980 Sed
814 2943 870 3000 quo
888 2924 976 3003 magis
993 2924 1138 2983 immutata
1156 2937 1197 2982 est
1215 2922 1302 2981 hodie

79 3023 283 3110 philosophiae
301 3021 447 3094 conditio,
468 3042 500 3080 eo
517 3021 612 3079 minus
626 3020 710 3080 nohis
728 3019 981 3094 committendum,
1003 3034 1034 3079 ut
1054 3021 1200 3099 antiquam
1220 3020 1303 3078 ratio·

79 3144 151 3185 nem
171 3143 236 3182 cum
259 3121 399 3180 hodierna
428 3119 647 3178 confundamus.
688 3118 725 3176 Et
752 3119 880 3199 profecto
908 3117 994 3177 habet
1021 3118 1090 3176 haec
1109 3119 1170 3198 ipsa
1189 3119 1302 3196 antiqui

80 3221 249 3301 disquisitio
264 3217 327 3279 aevi
338 3265 346 3293 ,
367 3239 423 3297 quo
450 3231 573 3277 mentem
592 3230 718 3276 nostram
745 3217 936 3296 maximopere
954 3214 1101 3290 advertat,
1121 3215 1226 3291 hahet,
1246 3237 1303 3295 quo
1329 3229 1331 3233 ’

81 3318 179 3380 studia
197 3331 292 3378 nostra
310 3316 368 3374 alat
386 3337 418 3374 ac
438 3315 609 3375 moderetur.
651 3316 723 3373 Nam
750 3327 782 3372 ut
801 3312 976 3372 celebramus
995 3314 1054 3372 fere
1074 3313 1302 3394 philosophiam,

81 3438 136 3478 nec
153 3430 250 3475 tamen
268 3415 411 3473 cernimus
429 3416 489 3492 ejus
515 3415 572 3473 nisi
600 3427 709 3493 partem
737 3412 903 3484 obscuram,
924 3414 1157 3491 metaphysicam
1183 3424 1307 3485 vocant,

82 3518 123 3575 ita
140 3514 305 3593 quaerimus
321 3526 439 3592 sponte,
459 3511 553 3591 qualis
571 3510 728 3590 aliquando
745 3511 832 3568 fuerit
842 3556 851 3585 ,
872 3531 959 3588 quum
985 3510 1095 3588 integra
1114 3523 1185 3568 esset
1204 3509 1308 3590 plane,

82 3613 232 3674 doctrinas
250 3631 365 3686 omnes,
387 3624 419 3669 ut
437 3630 540 3691 parens
556 3609 715 3668 communis
725 3652 733 3683 ,
754 3606 1008 3688 complecteretur,
1030 3606 1224 3687 suppeditaret
1252 3606 1307 3666 ho-

85 3712 176 3785 mini,
197 3709 275 3789 quod
293 3708 414 3790 negabat
433 3708 552 3786 religio,
582 3721 610 3766 et
627 3707 724 3765 bearet
743 3707 876 3765 universe
891 3706 1041 3764 cultiorem
1060 3719 1168 3785 partem
1197 3704 1309 3785 generis

85 3809 217 3869 humani.
257 3809 336 3881 Quae
354 3808 378 3865 si
397 3818 631 3886 cognoscere,'et
649 3824 717 3865 vero
737 3804 806 3863 hinc
825 3804 881 3883 ipsi
901 3824 1000 3884 capere
1018 3802 1145 3862 fructum
1164 3803 1305 3876 velimus,
1360 3879 1365 3890 Ι

88 3909 116 3967 in
136 3908 285 3985 antiquam
311 3904 395 3965 nohis
412 3904 560 3964 Graeciam
580 3901 772 3961 recedendum
791 3915 842 3960 est.
883 3901 954 3959 Nam
974 3899 1036 3959 illic
1062 3914 1128 3959 nata
1148 3913 1188 3958 est
1214 3898 1307 3979 philo·

89 4006 187 4086 sophia
217 4019 245 4063 et
272 4004 344 4062 laete
373 4004 497 4063 increuit
526 4001 718 4079 officiumque,
746 4012 777 4056 ut
804 4019 918 4078 germen
945 3999 1093 4073 nativum,
1115 3998 1175 4057 solo
1203 3995 1248 4054 illi
1277 4009 1305 4054 et

91 4103 208 4184 tempori
223 4103 308 4161 unice
321 4103 476 4182 proprium.
507 4101 571 4157 Huc
590 4118 659 4159 vero
677 4097 826 4173 traducta,
847 4097 984 4155 emarcuit
1001 4097 1095 4156 suhito
1114 4109 1161 4170 et,
1175 4094 1305 4174 quamuis

93 4201 213 4260 studiose
241 4198 372 4273 exculta,
406 4199 518 4278 antiqui
553 4197 659 4276 vigoris
687 4216 723 4254 ne
751 4195 872 4276 speciem
901 4184 1017 4274 quidem
1048 4195 1143 4253 refert.
1190 4193 1246 4253 Sed
1274 4212 1306 4250 eo

94 4299 173 4373 nohis
191 4296 360 4377 diligentius
378 4296 528 4356 tractanda
547 4302 614 4353 sunt
637 4288 741 4373 scripta
758 4293 894 4352 Platonis.
935 4293 970 4351 ln
990 4292 1067 4350 hisce
1087 4292 1164 4351 enim
1191 4303 1307 4372 apparet

95 4393 206 4456 dotibus
223 4395 280 4454 suis
300 4394 432 4454 omnihus
451 4408 478 4453 et
495 4390 650 4454 virtutibus
668 4391 823 4465 instructa,
839 4392 965 4469 jungens
978 4388 1190 4470 simplicitatem
1208 4389 1304 4448 Socra-
