2796 5048
670 229 729 289 300

78 388 153 451 ratio
180 386 299 471 plenius
327 390 413 449 etiam
439 388 607 469 percipitur.
649 389 706 449 Sed
734 389 861 450 diximus
890 391 922 449 in
950 396 1155 475 superioribus
1180 396 1288 459 itemdr

79 488 230 550 muner
256 487 367 549 radone
394 488 519 569 optima,
546 508 618 566 quae
647 490 770 547 maxime
799 487 945 569 prodesset
974 490 1169 571 bominibus,
1190 497 1288 577 itemque

80 584 118 645 de
142 578 300 645 Phtoniea'
328 586 443 667 dialogi
469 595 604 661 notura,
626 600 657 645 ut
675 585 881 646 accommodati
903 609 1021 669 prorsus
1039 590 1080 651 ad
1101 592 1157 653 hoc
1176 614 1288 655 summm

81 682 232 745 scribendi
261 684 435 765 propositum
464 684 684 764 perficiendum.
710 683 739 765 l)
779 685 856 744 Haec
880 698 974 746 autem
990 688 1023 747 in
1045 691 1154 771 primis
1173 691 1288 753 declani

82 802 98 843 e
124 780 293 842 dialecticae
311 781 477 842 Platonicae
495 783 651 864 principiis
669 782 785 843 debent.
828 785 899 843 Nam
918 799 950 844 ut
967 783 1157 868 dialogorum
1177 790 1288 867 lere,it

83 879 256 961 scriptorum
284 878 431 955 Platonis,
452 878 598 961 analytica
616 882 686 939 ratio
707 894 757 941 est.
799 882 940 943 Referunt
957 885 1092 945 nativam
1111 886 1214 963 illam,
1232 890 1288 967 cuju

83 978 259 1039 mentionem
285 980 347 1057 jam
376 978 515 1053 fecimus,
545 977 744 1054 dialecticam,
773 1001 830 1058 qua
860 979 943 1039 homo
972 981 1006 1041 in
1025 982 1136 1044 mediis
1154 985 1287 1047 rebusve
1323 1018 1331 1055 ·.

82 1089 160 1136 sutus
170 1120 180 1152 ,
208 1097 282 1157 quae
317 1076 398 1137 videt
408 1123 417 1152 ,
438 1097 510 1156 quae
528 1076 611 1137 audit
621 1123 629 1151 ,
650 1099 723 1156 quae
741 1078 873 1137 sensibus
892 1080 1010 1140 omnino
1029 1083 1184 1165 percipit,
1203 1084 1287 1144 sibimt

80 1174 146 1255 ipse
171 1174 319 1235 cernendo
342 1174 549 1255 jungendoque
579 1175 715 1255 explicat.
757 1177 849 1249 Quam
877 1177 1006 1237 referunt
1032 1180 1150 1259 pariter
1179 1185 1284 1243 rariora

85 1290 152 1333 cum
168 1270 297 1333 dramata
316 1273 487 1352 tragicorum
507 1286 536 1333 et
554 1275 740 1349 comicorum,
761 1287 822 1333 tum
838 1274 983 1356 epicorum
1000 1280 1150 1356 carmina,
1172 1282 1229 1341 imo
1245 1301 1285 1343 tet

82 1370 224 1433 Herodoti
249 1370 475 1451 scriptorumque
503 1370 574 1430 libri
599 1392 695 1430 eorum
706 1417 715 1447 ‚
736 1373 786 1451 qui
806 1372 966 1432 naturalem
983 1378 1159 1456 exponendi
1178 1380 1285 1441 rationu

82 1469 174 1529 sertui
201 1482 270 1527 sunt
299 1469 434 1529 maxime.
475 1469 658 1549 analyticam
686 1470 761 1529 hanc
790 1469 948 1530 scribendi--
961 1474 1106 1533 rationem
1137 1498 1202 1538 non
1218 1476 1289 1537 deit·

83 1565 196 1626 dustria
222 1566 364 1647 explicuit
391 1566 491 1642 Plato,
527 1566 577 1625 sed
607 1582 648 1627 est
677 1589 709 1627 ca
736 1567 904 1627 dialecticae
933 1570 1023 1649 ipsius
1051 1584 1299 1651 consentane,et

86 1683 173 1739 vero,
202 1665 246 1741 si,
275 1665 354 1744 quod
379 1664 560 1747 pbilosophis
588 1664 672 1724 modo
698 1666 854 1740 suasimus,
875 1666 1048 1747 investigare
1067 1670 1102 1729 in
1122 1673 1189 1750 ejus
1207 1670 1327 1755 scripti*

85 1760 314 1845 philosophandi
333 1764 415 1843 quasi
432 1764 506 1823 loros
524 1763 664 1838 velimus,
684 1764 858 1844 reperiemus
877 1765 962 1824 facile
980 1770 1144 1829 sententias
1161 1770 1326 1851 quasdrn'

82 1861 223 1941 equibus
241 1876 269 1921 et
288 1862 449 1921 naturalem
469 1861 571 1937 illam,
591 1882 677 1940 quarn
694 1861 842 1937 diximus,
863 1860 1044 1924 dialecticam
1067 1880 1098 1925 et
1117 1867 1198 1928 hanc
1217 1868 1331 1951 anal!

82 1958 170 2019 ticam
197 1960 346 2021 scribendi
374 1960 534 2036 rationem,
565 1959 660 2039 qualis
687 1961 742 2035 sit,
774 1958 939 2020 efficiamus.
982 1962 1022 2020 Ut
1045 1978 1140 2024 artem
1171 1968 1331 2029 scritu-

78 2076 295 2139 asrequeremur
327 2059 523 2133 Platonicam,
554 2056 766 2137 exquirendum
795 2058 843 2117 hte
875 2059 959 2118 nohis
988 2064 1220 2143 proposuimus,
1245 2062 1331 2147 qia

83 2162 217 2237 cogitare
237 2157 294 2232 sit,
314 2156 387 2236 quid
407 2159 517 2232 dimo,
539 2156 611 2236 quid
632 2158 776 2215 seribere:
797 2177 869 2235 quae
888 2179 962 2217 nora
981 2159 1103 2221 fortasse
1123 2164 1331 2241 quibusdtfl

83 2266 162 2314 certe
189 2274 221 2313 a:
236 2254 349 2333 vulgari
378 2254 587 2314 consuetudine
615 2254 771 2313 abhorrens
799 2253 982 2334 disquirendi
1004 2258 1079 2317 ratio
1099 2261 1255 2322 videatur:
1268 2276 1331 2321 ιβ

86 2364 184 2412 autem
211 2353 348 2432 antiqua,
378 2353 485 2433 quippe
513 2367 649 2435 usurpata
677 2375 693 2410 a
719 2353 855 2427 Platone,
887 2367 928 2428 et,
957 2354 982 2413 si
1009 2376 1065 2433 qua
1077 2403 1087 2432 ,
1108 2374 1235 2423 naturae
1276 2334 1290 2343 .

89 2470 215 2531 gruens3
247 2449 382 2511 abhorret
410 2472 478 2511 vero
505 2464 582 2526 tota,
614 2464 645 2509 ut
674 2471 772 2510 omnes
795 2450 873 2530 apud
890 2452 1038 2512 Platonem
1056 2454 1097 2517 de
1117 2358 1331 2617 dialnfi

84 2548 227 2609 rhetorica
255 2548 483 2631 disputationes,
504 2572 520 2608 a
540 2548 772 2609 scholasticorum
800 2549 950 2621 bominum
968 2564 996 2609 et
1015 2550 1125 2615 studiis
1143 2570 1176 2617 et
1195 2539 1244 2619 ιο”
1264 2548 1271 2558 ’
1306 2549 1331 2617 i

83 2644 196 2707 tudine.
237 2646 294 2707 Sed
322 2665 392 2727 age,
422 2647 475 2707 has
504 2649 593 2727 igitur
622 2647 819 2727 quaestiones,
846 2649 1031 2729 interpretem
1050 2654 1146 2714 secuti
1168 2656 1331 2719 Pteme

86 2758 215 2805 nostrum
224 2791 233 2821 ,
255 2746 402 2827 explicare
421 2766 569 2806 conemur.

123 2844 159 2905 ln
189 2844 329 2921 Sophiste
358 2844 547 2927 philosophus
582 2842 658 2902 idem
695 2865 753 2902 esse
783 2845 824 2902 ait
855 2846 978 2924 cogitare
1007 2859 1036 2906 et
1065 2847 1148 2929 loqui
1160 2900 1171 2931 ,
1198 2844 1331 2936 ⁷1er

82 2936 140 3021 μὲν
176 2935 258 3017 ἐντὸς
290 2941 345 3024 τῆς
378 2941 483 3025 ψυχῆς
513 2936 589 3023 πρός
621 2934 714 3021 αὑτήν
740 2934 876 3021 διάλογος
901 2934 969 3003 ἄνευ
996 2945 1100 3027 φωνῆς
1127 2946 1306 3033 γιγνόμφς)

82 3038 162 3105 τοῦτ’
185 3036 256 3107 unisti
277 3037 349 3125 ἡμῖν
370 3037 592 3126 ἐπωνομάσθη,
623 3036 782 3104 διάνοια·
795 3089 830 3098 -
854 3040 892 3105 ιδ
913 3039 950 3105 ds‘
968 3039 995 3125 y'
1015 3041 1066 3106 ἄνι’
1086 3048 1199 3137 ἐκείνης
1214 3038 1294 3138 ῥεῗμ

89 3140 140 3207 duri
159 3146 215 3207 rori
235 3140 383 3226 στόματος
404 3141 448 3208 iriv
468 3142 544 3226 μετιλ
567 3138 722 3228 φθόγγου,
743 3141 875 3227 κέκληται
897 3141 1017 3228 λόγος·
1039 3152 1092 3213 boc
1121 3158 1281 3225 munuae,
1329 3178 1331 3185 ·

83 3250 162 3327 quod
188 3256 285 3307 animi
314 3272 411 3309 secum
437 3258 500 3330 ipso
527 3258 613 3308 intur
631 3271 699 3307 eum
717 3250 837 3308 silentio
856 3252 1051 3329 colloquium,
1080 3260 1272 3337 cogitarim
1307 3274 1315 3329 ξΙ

84 3348 179 3425 liujus
206 3358 308 3406 autom
331 3370 389 3426 par
415 3371 446 3410 οι
471 3370 542 3407 cum
567 3370 634 3407 sono
659 3349 818 3423 prolabens
844 3349 1016 3425 efflantem,
1046 3374 1180 3415 sermo
1202 3344 1266 3425 ml)
1297 3396 1302 3439 ξ

83 3446 127 3507 De
154 3447 311 3527 scriptione
331 3461 425 3506 autem
443 3448 522 3529 paris
542 3445 738 3526 simplicitatis
756 3445 850 3503 locum
871 3459 899 3505 et
915 3446 985 3509 huic
1003 3452 1264 3513 convenientissima
1297 3420 1331 3541 Γ

84 3568 101 3605 e
129 3547 268 3605 Phaedro
294 3547 456 3623 attulimus,
477 3568 564 3626 quum
586 3545 623 3604 de
640 3544 747 3624 dialogi
765 3544 909 3607 Platonici
927 3560 1031 3631 nutura
1050 3551 1209 3630 agebamus.
1237 3542 1265 3615 lli
1297 3520 1331 3645 ‚pr

121 3788 147 3853 l)
164 3790 242 3843 Initia
257 3809 283 3859 p.
302 3790 370 3855 175,
389 3791 441 3845 180
458 3810 514 3863 sqq.

120 3874 146 3941 2)
164 3878 266 3946 Sophias.
284 3876 342 3929 263.
361 3878 391 3928 E.
411 3879 482 3931 Verti
497 3880 530 3933 ad
545 3895 650 3933 sensum
666 3878 872 3944 exprimendum:
895 3881 921 3930 iu
938 3877 1043 3932 Graecis
1060 3880 1280 3955 etymologiam
1308 3870 1331 3927 ’Ἀ

87 3964 176 4030 licetur
200 3965 274 4016 vocis
305 3944 431 4012 διάνοια·
465 3966 602 4017 ducituru
636 3956 769 4031 διάλογος
804 3951 891 4033 ἄνευ,
942 3981 992 4033 quo
1009 3969 1118 4035 respicit
1131 3970 1211 4035 illud,
1234 3946 1285 4023 mii

87 4041 162 4109 aristi
179 4040 398 4130 ἐπωνομάσθη,
416 4041 566 4112 διάνοια.
587 4042 697 4126 Ῥεῦμα
714 4058 836 4109 meliusa
858 4044 916 4132 ῥέοι
923 4100 932 4127 ‚
955 4052 1024 4118 quod
1050 4062 1076 4106 et
1101 4057 1183 4122 fluere
1197 4063 1223 4109 et
1235 4054 1292 4107 liert
1327 4084 1331 4117 ι,

87 4152 176 4208 notat,
196 4145 323 4209 duxissem
342 4146 410 4196 unde
427 4148 516 4210 flumen
533 4147 651 4196 naumis
672 4153 698 4195 et
715 4142 872 4196 Gallofranci
890 4157 946 4192 cum
967 4139 1032 4204 {luc
1060 4141 1096 4190 da
1124 4142 1295 4206 boselum

88 4238 168 4282 strum
183 4232 244 4282 item
266 4232 446 4297 vloeijende
467 4231 539 4299 atrii.
576 4228 712 4297 Expressit
732 4235 867 4296 poetarum
887 4226 1008 4293 princeps
1029 4224 1055 4275 in
1073 4224 1128 4277 illis
1143 4228 1296 4283 tauma:

277 4313 341 4379 Τοῦ
360 4314 408 4377 κοιλ
429 4309 489 4377 cinci
509 4310 644 4396 γλώσσης
664 4309 780 4393 μέλιτος
801 4308 924 4393 γλυκίων
947 4304 1009 4393 ῥέεν
1030 4302 1125 4391 aridii.

89 4430 119 4485 ΙΙ.
136 4411 163 4479 α’
181 4453 219 4488 vs.
237 4434 297 4486 249.
