2774 5048
640 274 699 333 259

69 446 102 495 tet.
115 464 145 519 3
161 436 281 517 Oportet
301 457 369 495 sane
389 450 416 495 et
436 456 487 516 pro
506 435 621 512 viribus
636 437 676 495 sic
697 455 829 516 agamus,
851 437 1013 514 hujusmodi
1032 442 1093 516 ejus
1111 440 1261 519 vestigium

67 547 244 613 persequentes.
297 535 349 593 Dic
378 533 469 609 milii,
495 533 644 592 servilium
671 534 820 621 nominum
851 555 1018 617 usurpamus
1040 537 1208 597 nonnulla?
1228 569 1262 581 —-

66 620 187 693 &multa
212 631 348 710 quidem3
381 632 432 691 sed
455 632 557 690 horum
587 631 741 691 multorum
768 652 909 710 quaenam
935 636 1074 712 quaeris?
1099 662 1134 675 -·
1162 634 1264 708 Talia,

64 730 134 809 qualia
151 745 221 789 sunt
236 751 309 810 quae
329 730 453 789 dicimus
467 732 640 808 percolere,
661 732 854 803 excribrans,
876 752 1018 790 cannara.
1029 758 1064 773 -·
1083 731 1264 807 Quidni?-

60 812 217 891 'maara
238 842 382 909 praeterea
394 875 401 902 ,
422 830 583 901 dedecuere,
603 839 739 906 pectere,
761 827 876 886 infinita
907 828 981 903 alia,
1002 850 1074 907 quae
1095 831 1126 889 in
1154 830 1263 890 artibus

63 928 168 1009 unpari
189 928 302 986 scimus.
332 927 459 994 Nonne?
476 935 524 965 -·
540 927 635 984 Vero:
658 926 707 986 sed
727 926 799 1005 quid
818 926 934 985 tandem
953 928 1022 987 inde
1042 927 1186 989 declarare
1211 950 1265 987 cu-

60 1025 193 1107 'plantis
211 1025 365 1107 propositis
383 1024 541 1106 exemplis,
562 1024 599 1085 de
618 1027 653 1084 iis
672 1023 807 1082 omnibus
820 1025 1012 1103 quaesivisti?
1031 1052 1065 1063 -
1085 1023 1263 1108 Atrapateni·

65 1124 324 1191 aldiacerneudum
345 1133 422 1201 epte
438 1135 506 1182 sunt
516 1168 524 1196 ,
545 1142 617 1200 quae
635 1121 784 1195 diximus,
805 1123 910 1182 omnia.
927 1150 961 1160 -
990 1123 1064 1184 Sunt
1082 1129 1209 1188 omnino.
1230 1158 1264 1169 -

65 1218 178 1284 Universa
204 1222 275 1297 illa,
308 1235 338 1281 ut
366 1241 452 1279 unam
477 1219 623 1299 quandam
650 1218 831 1279 continentia
855 1235 961 1296 artem,
982 1244 1042 1282 uno
1067 1226 1265 1307 nuncupanda

61 1323 153 1382 suine
162 1367 171 1398 ,
191 1321 254 1379 mel
273 1317 391 1398 quidem
409 1318 569 1392 sententia,
591 1317 739 1377 videntur.
750 1345 784 1357 -·
804 1319 936 1392 Quonam
954 1320 1071 1381 illol-
1086 1320 1265 1419 ᾦακρπαή,

59 1418 227 1480 &mendi
244 1440 306 1478 era.
317 1446 353 1458 -
371 1418 448 1478 Esto.
467 1416 614 1491 -Vide,
636 1437 707 1476 num
725 1415 812 1494 hujus
829 1438 926 1478 rursus
943 1417 1015 1479 duas
1032 1421 1141 1485 alieubi
1158 1428 1265 1508 speeies

59 1488 150 1585 &nere
158 1517 306 1599 possimus.
315 1544 351 1555 -
366 1515 497 1574 Subitam
507 1535 559 1596 pro
568 1534 631 1573 meo
640 1513 712 1573 mihi
723 1527 808 1594 captu
818 1514 1077 1577 considerationem
1087 1521 1220 1603 imponis.
1230 1551 1265 1562 ·-

59 1613 190 1678 Enimvero
208 1615 241 1674 in
259 1614 345 1674 dictis
363 1612 589 1675 discretionibus
607 1614 712 1695 partim
721 1615 839 1692 pejusa
858 1613 991 1689 meliore,
1012 1619 1117 1696 partim
1134 1621 1227 1680 simile
1247 1643 1263 1680 a

58 1712 125 1774 tuiti
137 1713 380 1774 discrevimus-
399 1712 440 1771 Ut
458 1732 537 1770 nunc
558 1711 591 1770 id
611 1712 651 1769 ita
671 1730 686 1768 a
703 1723 731 1768 te
751 1703 861 1768 dietum
880 1723 921 1768 est
930 1725 942 1785 ,¹
960 1711 1062 1774 fecisse
1078 1716 1264 1792 ridemur.-

58 1808 131 1889 lltjns
148 1789 266 1891 quidem
285 1810 468 1870 discretionis
485 1826 591 1868 nomen
612 1830 670 1867 non
689 1806 800 1882 babeo,
823 1807 905 1867 illius
925 1828 993 1868 vero
1003 1855 1012 1884 ,
1033 1834 1105 1891 quae
1124 1797 1264 1897 relinquit

59 1906 155 1999 trdus,
176 1911 258 1991 pejus
274 1922 369 1991 autem
388 1906 490 1985 abjicit
501 1952 509 1980 ,
530 1907 676 1966 habco.-
695 1905 766 1990 Die,
785 1905 996 1984 quodnaml*
1016 1911 1116 1972 Omnis
1133 1913 1263 1994 hujusce.

58 2007 116 2067 uoti
133 2007 269 2068 discretio
287 2008 324 2074 ab
342 2006 495 2081 omnibus,
518 2019 549 2064 ut
575 2005 721 2084 conjicio,
740 1996 901 2085 καθαρμός
920 2026 976 2078 τις,
996 2019 1143 2090 purgatio
1170 2035 1263 2091 quee-

55 2102 108 2187 lpu
131 2119 258 2166 vocatur.
285 2134 320 2143 -
349 2105 478 2163 Vocatur
507 2104 634 2178 omnino.
656 2131 690 2139 -
710 2105 797 2184 Atqui
825 2102 1005 2187 purgationis
1030 2107 1177 2188 duplicem
1204 2132 1264 2171 esse

57 2205 156 2281 speeiem
177 2204 298 2282 quisque
317 2203 408 2264 videt.
420 2194 540 2261 -isane
549 2247 558 2278 ,
581 2205 672 2262 otium
690 2203 808 2282 quidem
827 2205 864 2264 ad
885 2203 1261 2286 considerandum'inactus3

57 2312 93 2379 ‘ll
107 2323 170 2363 vero
190 2301 321 2360 nondum
348 2299 442 2360 video.
464 2328 498 2338 -
518 2301 598 2374 Quae
623 2300 660 2359 ad
689 2322 808 2382 corpora
835 2304 1002 2364 referuntur
1029 2305 1136 2365 multae
1155 2327 1263 2389 purga-

57 2396 124 2460 bnis
141 2402 268 2482 species,
288 2398 340 2457 bas
360 2420 417 2457 uno
436 2399 584 2457 continere
604 2401 722 2458 nomine
737 2401 827 2461 decet.
849 2430 883 2439 -
903 2403 1047 2476 Quasnam
1067 2402 1135 2462 illes
1150 2419 1178 2464 et
1193 2428 1264 2486 quo·

59 2512 107 2556 ttn
120 2499 259 2558 nomine?
282 2529 312 2539 -
333 2497 439 2556 Partim
455 2496 623 2554 animalium
644 2509 730 2555 snnt:
752 2498 790 2558 ad
810 2500 907 2561 sordes
922 2501 1088 2587 pertinent,
1108 2524 1263 2581 quaecum

58 2588 117 2652 'utus
133 2597 324 2675 gymnasticae
343 2608 371 2653 et
392 2594 518 2654 medicae
549 2594 617 2653 artis
644 2597 801 2674 opess,tu1n
829 2598 1027 2670 extrinsecus,
1048 2619 1121 2676 quae
1141 2601 1262 2661 balneo-

59 2706 107 2749 m
122 2714 172 2752 usu
192 2707 268 2752 recte
289 2693 495 2753 discernuntur
514 2707 600 2770 atque
618 2692 797 2753 abluuntur:
820 2695 891 2755 vilia
913 2680 1020 2753 'harum
1038 2697 1154 2755 nomina
1183 2718 1263 2757 usur·

57 2802 156 2865 pstur:
186 2792 291 2873 partim
319 2805 387 2851 sunt
415 2812 510 2848 rerum
535 2792 758 2851 inanimatamm
787 2794 992 2873 purgationes,
1018 2813 1138 2871 quarum
1165 2816 1262 2855 curam

57 2876 143 2951 labent
162 2889 307 2949 fullonum
328 2890 502 2966 omninoque
529 2888 644 2947 illorum
672 2903 762 2963 artes,
783 2891 833 2968 qui
862 2911 908 2948 eas
936 2889 1066 2970 singulas
1093 2892 1260 2972 singulatim

57 2980 143 3044 nitidas
168 2987 296 3047 reddunt
319 3000 346 3045 et
372 3001 494 3047 ornant:
518 2986 619 3045 harum
643 2988 711 3046 item
737 2988 829 3046 multa
857 2989 991 3047 feruntur
1016 3002 1045 3046 et
1067 2988 1208 3066 ridicula,
1229 3005 1261 3051 nt

57 3070 190 3158 flentur,
212 3087 339 3145 nomina.
360 3113 395 3121 -
416 3085 453 3143 Et
472 3105 610 3164 perquam
633 3084 749 3164 quidem
768 3083 903 3145 ridicula.
924 3115 958 3123 -
978 3087 1116 3165 Perqua'm
1136 3111 1223 3165 sane,
1245 3112 1261 3149 o

56 3173 203 3242 Theaetete:
226 3204 326 3243 verum
344 3184 512 3242 disserendi
531 3204 585 3241 ura
606 3204 659 3242 nec
675 3184 815 3244 minorem
838 3184 925 3243 habet
953 3205 1006 3244 nec
1036 3187 1170 3264 majorem
1194 3210 1262 3270 pur·

56 3277 156 3351 tunnis
180 3282 338 3356 rationem,
361 3283 423 3341 sive
445 3282 495 3341 illa
515 3302 567 3362 per
587 3283 726 3362 spongia,
747 3283 805 3342 sire
827 3305 878 3364 per
898 3283 1172 3344 medicamentorum
1192 3287 1263 3346 bau·

56 3378 111 3465 ‘lum
141 3379 210 3453 fiat,
246 3380 306 3439 sive
333 3381 401 3438 item
428 3401 547 3459 parvam
567 3380 662 3459 'nobis
697 3379 745 3439 vel
775 3401 905 3460 magnam
935 3381 1089 3440 utilitatem
1116 3383 1260 3462 praebeat.

57 3466 106 3533 lat
129 3471 339 3558 κτήσασθαι
366 3473 423 3559 γάρ
453 3473 535 3537 ἕνεκα
558 3477 641 3537 νοῦν
668 3478 773 3539 πασῶν
800 3476 915 3558 τεχνῶν
938 3473 975 3538 τό
998 3473 1129 3558 ξυγγενὲς
1151 3478 1200 3540 καὶ
1226 3477 1263 3543 τό

55 3566 89 3654 tvl
109 3575 239 3660 ξυγγενὲς
266 3581 415 3640 κατανοεῖν
443 3573 610 3661 πειρωμένη
640 3579 714 3664 τιμᾷ
734 3574 810 3663 uotis
830 3570 922 3642 emito
941 3577 974 3652 ἐξ
994 3575 1058 3640 ibon
1079 3573 1190 3656 πάσας,
1212 3581 1261 3645 καὶ

55 3669 150 3762 lirano
176 3681 238 3742 coir
259 3676 369 3764 ἑτέρων
390 3667 468 3742 κοντοὶΛ
483 3676 538 3763 τήν
561 3673 723 3762 ὁμοιότητα
743 3676 831 3743 οὐδὲν
849 3675 963 3764 ἡγεῖται
988 3674 1167 3765 γελοιότερα·
1189 3708 1261 3745 nom

55 3787 321 3867 ‘tat'eoge'tende'
341 3796 504 3843 rectene
526 3786 698 3863 sapiendi
717 3791 850 3844 caused
874 3793 907 3843 in
936 3785 1071 3843 omnibus
1091 3791 1209 3846 artibus
1226 3787 1260 3844 td

55 3886 187 3965 “laedere
198 3930 207 3959 ,
229 3884 305 3962 quod
324 3894 484 3964 cognatum
504 3895 560 3941 ant
579 3905 638 3941 non
659 3891 820 3963 cognatum
839 3892 902 3957 eat,
924 3892 1067 3957 conetur,
1088 3885 1146 3942 leue
1166 3891 1260 3960 respi-

55 3980 133 4058 tt'sta,
151 3991 228 4061 para·
239 3990 405 4062 'universes
430 3983 537 4041 bonore
558 3983 663 4057 laedet,
684 3982 805 4058 elinque
831 3983 904 4039 aliia
927 3984 1089 4040 seeundum
1117 3983 1260 4040 similitu·

55 4069 132 4138 llarem
152 4082 249 4139 nihilo
270 4089 369 4162 magis
398 4081 532 4138 ridicule
558 4091 675 4139 censet:
698 4079 876 4158 quinetiam
895 4079 991 4140 nihilo
1012 4080 1160 4139 honestius
1177 4094 1260 4160 putat

55 4179 163 4239 tuendi
185 4193 273 4237 artem
294 4177 460 4253 declarare,
481 4180 531 4256 qui
552 4201 603 4260 per
623 4193 712 4238 artem
739 4198 801 4237 eam
826 4179 996 4253 militarem,
1017 4195 1102 4257 quam
1130 4179 1179 4257 qui
1208 4199 1260 4259 per

55 4272 235 4336 *ediculorum
256 4277 440 4336 venationem
455 4276 596 4352 declaret,
612 4276 662 4336 sed
677 4276 806 4336 inflatius
824 4278 857 4336 id
876 4278 935 4335 fere
955 4298 987 4335 ac
1006 4274 1146 4334 tumidius
1165 4297 1256 4356 agere.

55 4363 74 4432 lt
90 4396 168 4434 nunc
194 4374 311 4453 quidem
323 4421 331 4448 ,
352 4375 429 4455 quod
453 4374 625 4454 quaerebas,
646 4396 770 4454 quonam
800 4375 916 4436 nomine
943 4388 1059 4433 cunctas
1088 4373 1257 4450 facultates,

58 4489 221 4551 uaccunque
242 4493 345 4554 corpus
373 4475 433 4532 sive
461 4474 635 4546 animatum,
657 4474 717 4534 sire
742 4475 931 4533 inanimatum
952 4471 1134 4553 purgandum
1157 4487 1255 4532 nactae

1024 4569 1077 4628 17*
