2796 5048
700 228 761 287 380
806 318 816 337 a

110 387 182 464 lud,
213 406 243 450 ut
270 390 418 452 Platonice
444 392 651 464 enunciemue,
676 397 788 447 iccirco
810 410 863 449 noa
891 396 1068 466 opinari
1079 392 1181 465 sm,
1211 414 1270 450 non
1291 412 1350 451 vero

110 497 238 563 sct're,
259 498 401 568 quianon
421 492 496 547 illac
505 534 514 562 ,
525 511 581 566 quo
600 496 731 566 oportet,
743 496 854 545 manha
871 487 992 545 oculum
1001 509 1194 547 conversum
1213 491 1353 549 hadamar.

151 588 232 646 Nihil
253 610 305 647 nos
323 588 501 647 detrahimus
520 586 746 659 excellentium,
767 606 838 664 quos
860 583 1011 658 diximus,
1031 584 1289 667 pbilosophorum
1304 586 1354 646 lau·

110 683 208 745 dibus.
251 682 385 744 Fatemirr
402 687 547 765 ingenue,
568 683 690 743 mirifice
709 683 794 744 nobis
815 683 959 764 placuisse
975 682 1037 741 fere
1059 703 1131 742 cum
1154 683 1265 745 Kantii
1286 683 1354 743 illam

111 781 256 855 insulam,
282 802 405 861 quacum
424 802 514 862 purae
533 781 656 841 rationis
673 779 747 839 fines
766 780 963 860 comparavit,
993 791 1058 839 tum
1077 782 1179 861 magis
1197 782 1287 840 etiam
1304 802 1355 841 no-

112 894 283 938 numentum
313 880 538 961 inscriptionum
568 880 706 940 varietate
735 878 924 958 conspicuum
952 876 1280 956 Hemsterbnsianum,
1307 898 1356 957 quo

113 976 137 1034 is
157 990 336 1056 praesentem
360 990 488 1036 nostram
507 975 701 1057 cognoscendi
722 976 889 1035 facultatem
906 975 1130 1036 determinavit.
1178 976 1295 1051 Quodsi
1311 976 1356 1036 ati·

114 1074 180 1133 litas
198 1076 311 1155 agitur,
339 1096 413 1153 quae
441 1075 480 1134 ad
499 1077 576 1136 vitae
597 1095 700 1149 usum,
730 1072 768 1132 ad
787 1075 842 1132 rite
867 1072 1065 1132 excolendum
1085 1073 1250 1134 bominem
1269 1096 1286 1133 e
1302 1072 1355 1155 pbi-

114 1172 244 1254 losopbia
262 1173 406 1254 capienda
427 1187 485 1248 est,
505 1175 641 1250 majorem
660 1171 795 1249 equidem
817 1171 1036 1248 uberioremque
1055 1190 1072 1228 e
1094 1170 1295 1253 philosophia
1304 1172 1356 1232 Pla·

113 1270 208 1344 tonis,
239 1290 326 1348 quam
353 1291 391 1330 cx
420 1270 466 1329 bis
496 1270 616 1329 illorum
641 1268 880 1351 philosophorum
909 1267 1044 1349 placitis,
1078 1268 1205 1351 percipi
1232 1270 1355 1330 dixerim

114 1369 186 1428 Nam
208 1369 279 1427 utile
308 1370 434 1429 omnino.
458 1371 605 1450 negotium
636 1382 694 1442 est,
724 1366 798 1447 quid
817 1385 986 1446 cognoscere
1011 1365 1188 1445 possimus,
1216 1367 1292 1449 qnid
1307 1388 1356 1428 non

114 1467 272 1547 possimus,
293 1465 457 1526 describere
474 1482 606 1527 accurate
617 1513 625 1542 ,
651 1487 709 1546 quo
727 1466 816 1545 magis
836 1465 873 1523 ab
894 1461 1063 1522 affirmandi
1084 1466 1279 1543 temeritate,
1294 1484 1356 1546 quae

115 1565 175 1622 fere
195 1578 237 1623 est
251 1562 490 1644 philosophorum
503 1566 639 1646 propria,
651 1565 865 1638 abstineamus3
887 1560 938 1620 sed
956 1560 1186 1638 demonstrare,
1205 1564 1282 1643 quid
1290 1584 1356 1624 cans·

114 1682 160 1721 sae
179 1663 217 1720 sit
227 1709 235 1736 ‚
256 1684 308 1722 cur
329 1684 401 1742 quae
422 1664 534 1744 possint
552 1683 721 1743 cognoscere
739 1660 891 1735 mortales,
909 1679 969 1717 non
987 1658 1154 1736 exquirant
1164 1706 1174 1736 ,
1192 1675 1257 1722 tum
1275 1662 1355 1733 enan

113 1761 355 1838 quemadmodum
375 1781 407 1820 ea
426 1761 568 1820 facillima
594 1761 706 1820 ratione
727 1780 794 1819 cum
813 1758 967 1838 exquirere
997 1754 1105 1816 iisdem
1124 1756 1223 1819 liceat
1241 1775 1303 1820 tum
1317 1760 1355 1819 in·

114 1859 215 1919 venire
224 1905 233 1934 ,
255 1856 306 1934 id,
323 1860 464 1938 inquam,
483 1859 680 1919 demonstrare
699 1860 833 1935 viamque
851 1876 908 1936 qua
926 1875 960 1913 eo
977 1855 1179 1935 perveniatur
1200 1856 1354 1929 ostendere,

113 1957 229 2035 majoris
249 1958 334 2016 etiam
351 1978 412 2017 esse
432 1971 461 2016 et
479 1978 604 2017 summae
635 1955 771 2016 utilitatis
801 1953 928 2015 videtur.
971 1953 1142 2033 Utrumque
1165 1970 1267 2017 autem
1283 1976 1354 2038 prae-

113 2055 188 2114 stitit
209 2054 294 2115 nobis
313 2054 404 2115 Plato.
447 2056 512 2116 Non
531 2077 577 2115 res
593 2054 665 2130 illc,
685 2075 775 2133 quum
795 2053 832 2113 de
853 2050 963 2110 mundo
981 2047 1085 2136 νοητῷ
1106 2066 1229 2134 ageret,
1250 2066 1282 2113 ut
1297 2054 1353 2127 alii,

114 2154 249 2233 respexit.
292 2155 357 2213 Non
374 2152 464 2212 finxit
483 2154 515 2212 in
535 2153 675 2235 spelunca
694 2151 840 2226 homines,
851 2151 902 2229 qui
924 2151 1059 2233 caliginis
1078 2153 1190 2212 caused
1208 2154 1262 2213 vix
1280 2150 1354 2235 quid·

114 2250 201 2328 quam
219 2252 440 2331 conspicerent:
462 2250 541 2329 quod
561 2251 594 2309 in
614 2248 737 2308 aliorum
757 2248 881 2328 quadrat
899 2248 1147 2331 pbilosophorum
1169 2248 1353 2333 placita,t1!l

112 2369 218 2406 rarum
239 2348 403 2408 conditioni
424 2348 608 2407 obscuraret
635 2348 818 2426 reconditae,
838 2369 899 2407 non
918 2349 1048 2407 tomenta
1066 2350 1208 2430 torpori,
1230 2352 1352 2433 ignoran-

112 2446 182 2503 tiam
200 2445 336 2505 tribuunt
353 2445 518 2505 humanam.
561 2446 597 2505 In
614 2445 715 2505 sabula
740 2447 871 2506 Platonis
891 2447 966 2526 ignis
992 2447 1074 2507 adest
1094 2449 1265 2524 continuo,
1285 2446 1351 2507 adest

113 2543 247 2623 lucetque
277 2543 333 2603 sol:
356 2543 508 2624 finguntur
536 2564 604 2604 vero
632 2544 741 2624 captivi
777 2565 830 2603 nec
850 2543 888 2603 ad
907 2545 1003 2625 ignem
1022 2564 1077 2604 nec
1092 2542 1134 2603 ad
1157 2544 1253 2605 solem
1271 2542 1349 2603 oculis

113 2644 265 2716 conversi,
283 2643 392 2722 quippe
420 2643 530 2723 captivi
559 2655 587 2701 et
611 2642 741 2702 vinculis
767 2639 912 2717 cohibiti,
943 2663 1000 2721 quo
1019 2642 1118 2703 minus
1138 2642 1184 2703 ab
1207 2639 1312 2701 umbris
1326 2658 1349 2698 se

115 2740 153 2800 ad
172 2742 269 2820 ignem
285 2754 458 2802 convertant
477 2739 692 2818 ascendantque
712 2761 727 2798 e
748 2740 871 2798 carceris
889 2739 1018 2799 tenebris
1036 2738 1075 2799 ad
1093 2741 1197 2821 ipsum
1218 2738 1303 2799 solem
1310 2736 1349 2796 ad·

114 2837 309 2921 spiciendum.
352 2839 442 2898 Plane
464 2839 497 2899 id
516 2838 658 2898 convenit
688 2836 891 2918 philosophiae
919 2837 1096 2898 Platonicae.
1140 2841 1308 2921 Opinamur
1319 2834 1348 2894 de

114 2938 244 2998 Platonis
274 2937 418 2997 sententia
438 2952 466 2997 et
494 2958 649 3011 erramus,·
669 2958 730 2995 non
750 2936 818 3015 quia
847 2936 907 2994 fato
926 2934 1011 2994 nobis
1039 2935 1212 2998 destinatae
1229 2934 1347 2997 tenebrat

115 3050 203 3109 sunt,
224 3035 272 3096 vel
300 3049 470 3116 propterea,
496 3035 575 3114 quod
603 3035 659 3115 ipsi
680 3034 780 3095 videre
806 3056 866 3094 non
886 3054 1054 3115 possumus;
1085 3034 1138 3095 sed
1161 3036 1221 3096 bac
1240 3035 1346 3095 manne
1386 3094 1388 3121 ι

115 3153 229 3206 caussa,
247 3131 326 3209 quod
345 3133 443 3193 oculos
471 3133 611 3192 babemus
633 3155 693 3193 non
720 3133 758 3192 ad
779 3134 892 3209 lucem,
910 3152 983 3212 quae
1002 3130 1103 3207 adest,
1123 3132 1145 3193 i.
1167 3154 1197 3195 e.
1216 3133 1258 3195 ad
1274 3153 1345 3192 rann·
1386 3160 1388 3171 ·

116 3230 187 3289 dum
203 3251 325 3309 νοητον,
351 3229 390 3290 ad
410 3230 507 3306 ideas,
525 3230 577 3289 sed
604 3230 642 3290 ad
670 3232 805 3291 tenebras
835 3231 1017 3312 incertaeque
1047 3230 1169 3292 umbras
1188 3250 1344 3297 contenet,

116 3331 316 3411 umbrasque
309 3345 377 3390 istas
396 3344 423 3389 et
437 3327 572 3388 tenebras
593 3328 653 3388 luci
675 3330 886 3412 anteponimus.
1386 3408 1388 3413 Ι

156 3431 192 3491 ld
210 3451 297 3511 supra
317 3452 370 3489 nos
398 3428 536 3488 docuerat
563 3427 645 3488 Plato
666 3427 714 3509 l),
743 3451 821 3490 nunc
844 3450 914 3491 vero
932 3430 1067 3503 demum,
1089 3430 1123 3488 ni
1151 3430 1259 3506 fallor,
1277 3382 1345 3489 iritel·
1386 3434 1388 3473 ²

115 3527 241 3609 ligimus.
273 3530 344 3588 Nam
373 3526 490 3586 disertis
511 3526 543 3586 id
576 3526 712 3587 verbis
704 3547 768 3606 ipsa
788 3528 939 3587 oculorum
964 3541 992 3586 et
1019 3527 1127 3586 mentis
1144 3528 1344 3610 comparatione

115 3626 306 3705 significavit:
328 3625 407 3707 quod
428 3623 565 3683 lubenter
585 3625 652 3698 bic,
671 3624 892 3701 credo,itcrum
915 3625 1049 3707 legemus.
1094 3618 1341 3705 'Ophiuchu-

115 3725 180 3801 quit
198 3724 262 3784 illic
282 3726 427 3802 Socrates,
452 3715 535 3783 οἶσθ’
564 3714 623 3795 ὅτι,
647 3716 720 3783 ὅταν
741 3707 854 3806 μηκέτι
869 3718 915 3784 ἐπ’
935 3718 1029 3785 ἐκεῖνά
1049 3747 1094 3798 τις
1117 3721 1234 3801 crivotis·
1252 3721 1342 3809 τρέπῃ,

117 3810 160 3881 ὧν
174 3816 211 3882 ἂν
231 3817 285 3897 τάς
296 3818 395 3905 χρόας
408 3819 446 3885 cd
458 3818 599 3906 η’μερινόν
621 3825 688 3905 φῶς
710 3821 819 3911 ἐπέχῃ,
843 3821 905 3887 a'tt'
927 3817 969 3888 ὧν
988 3819 1142 3910 νυκτερινοὶ
1166 3824 1280 3911 φέγγη,
1298 3821 1342 3903 ἆμ-

114 3917 302 4001 βλυιόττουσί
326 3925 427 3986 τεκαὶ
450 3919 537 4008 ἕγγιῖς
560 3925 713 4008 φαίνονται
734 3927 869 4009 τυφλῶν,
893 3919 992 4011 ὥσπερ
1015 3923 1067 3990 oria
1089 3924 1343 4013 omloqgaaoeoie

117 4017 349 4101 ὅψεως-Καὶ
369 4022 460 4106 μάλα.
482 4054 517 4064 -
532 4022 631 4090 Ὅταν
653 4024 690 4090 δέ
708 4026 747 4109 γ’,
774 4024 857 4108 οἶμαι
863 4076 872 4105 ,
896 4018 968 4091 aiod
982 4024 1064 4113 ἥλιος
1076 4028 1281 4113 καταλάμπει,
1301 4048 1341 4089 ot·

117 4128 183 4208 φῶς
205 4122 315 4210 ὁρῶσι,
337 4129 386 4191 καὶ
408 4133 469 4204 τοῖς
499 4126 600 4204 αὐτοῖς
620 4127 746 4206 τούτοις.
763 4126 895 4220 ὅμμᾳσιιι
922 4125 995 4209 ὄψις
1016 4131 1126 4196 ἐνοῦσα
1148 4135 1291 4218 φαίνεται.
1309 4158 1341 4172 -

118 4305 377 4317 μ-ὴ-

154 4394 177 4455 l)
196 4396 272 4446 latria
287 4414 311 4461 p.
328 4395 387 4446 338.
