2796 5048
108 99 172 176 quis
191 84 381 159 Romanorum
400 98 493 170 alius,
514 97 574 177 ipse
594 96 679 175 uobis
705 93 849 156 dicendus
874 98 1067 155 Romanorum
1090 96 1173 157 Plato
1190 98 1386 160 videatuff-

109 196 246 255 Huncin
267 194 383 255 modurn
403 195 568 268 institutus,
599 194 645 253 his
668 194 749 273 quasi
770 194 916 253 alimentis
935 207 1033 275 pastus
1060 208 1089 255 et
1117 196 1300 259 eerreboriuu
1330 230 1345 235 ··
1369 244 1392 275 ,

108 316 196 374 quum
213 294 317 353 inesset
341 293 367 352 ei
389 293 491 352 natura
520 290 641 351 facultas
660 291 779 351 dicendi
799 290 995 396 admirabiliso
1008 292 1171 371 quaedam,
1200 316 1392 377 superare

106 392 190 451 facile
200 407 323 452 caeteros
333 405 473 465 oratores,
495 390 681 470 quantumvis
700 389 839 463 disertos,
861 392 974 469 potuit,
996 391 1102 470 quibus
1118 392 1187 453 talis
1194 392 1319 453 defuisse
1331 406 1385 453 t

106 491 257 550 institutio.
299 489 375 563 Sed,
395 511 451 568 quo
471 490 502 548 id
521 487 637 568 plenius
656 486 870 565 intelligamus,
892 510 949 567 quo
968 489 1176 569 perspiciamus
1195 492 1309 551 interius·
1353 536 1376 565 ,

105 610 176 666 quae
187 587 226 646 de
245 588 371 647 Platonis
385 587 526 646 sententia
543 607 609 643 vera
624 584 801 662 eloquentia,
821 585 892 663 quid
908 588 1026 646 omnino
1043 589 1075 646 in
1090 589 1154 669 ipsa
1169 588 1374 667 eloquentia

104 706 242 745 summum
266 687 321 759 sit,
353 687 397 745 vis
427 660 511 742 uoltis
532 682 731 763 philosophiae
750 684 787 742 ad
808 684 882 742 liene
902 685 1061 745 dicendum
1083 708 1120 747 ex
1142 689 1213 769 ipsis
1231 688 1368 769 phile—

104 786 218 865 sophiae
246 785 400 865 principiis
424 781 599 841 declaranda
628 793 681 839 est:
713 780 768 840 erit
794 796 889 859 autem
909 784 969 864 ipse
990 784 1075 843 nobis
1093 785 1197 859 Plato,
1226 789 1255 847 in
1269 778 1364 845 luc

104 883 267 962 praesertim
282 880 501 965 disquisitione,
523 877 584 936 dux
603 892 631 937 et
650 880 782 968 magister
802 882 936 961 optimus.

142 982 212 1038 Nam
237 994 269 1039 ut
286 978 425 1058 Apologia
441 977 492 1035 ille
513 976 681 1059 scrihenda,
698 977 852 1038 scribendo
870 981 939 1039 item
957 980 1122 1040 Menexeuo
1131 1026 1140 1056 ,
1165 980 1359 1063 exeiiiplm

16 1143 20 1149 ,
102 1080 184 1139 dedit
199 1099 282 1138 sanae
301 1079 540 1156 incorruptaeque
560 1060 763 1153 eloquentiae,
790 1078 830 1136 ita
850 1078 883 1140 in
903 1078 1033 1138 Phaedro
1053 1081 1270 1161 praesertimque
1283 1080 1356 1139 in

100 1177 204 1256 Gorgia
218 1197 255 1235 ex
268 1175 369 1234 intima
384 1172 565 1254 philosophia
580 1170 761 1251 eloquentiae
776 1176 922 1256 principia
937 1177 1034 1237 duxit.
1068 1150 1105 1236 l'n
1114 1177 1223 1259 Gorgia
1232 1192 1354 1237 auten

101 1275 167 1334 data
185 1275 271 1354 opera
288 1270 495 1333 demonstravit
504 1316 512 1345 ,
534 1271 590 1351 nisi
610 1270 680 1330 insit
699 1273 803 1331 oratori
823 1273 1026 1355 philosophia,
1048 1278 1275 1363 propositumque
1289 1274 1356 1333 is

103 1373 135 1431 in
162 1371 287 1432 dicendo
313 1370 418 1430 habeat
446 1390 598 1449 magnum,
629 1366 808 1449 praeclarum
828 1372 965 1451 tantique
989 1388 1048 1432 arte
1074 1373 1215 1454 dignum,
1235 1374 1356 1435 term

103 1471 273 1549 inanemque
293 1491 352 1529 esse
362 1515 371 1543 ,
400 1469 473 1548 quin
492 1468 576 1526 ctiam
595 1467 735 1544 abjectam
751 1483 779 1528 et
796 1470 910 1529 civitati
928 1470 1120 1551 pernicialem
1137 1471 1359 1551 eloquentiam

103 1589 222 1628 omnem.
275 1569 373 1646 ltaque
403 1581 435 1625 ut
462 1566 599 1640 haberet,
621 1588 742 1644 quorum
771 1569 930 1628 sententiae
959 1590 1039 1628 suam
1068 1570 1130 1650 ipse
1149 1570 1365 1644 ‘senteutiam'

102 1666 270 1749 oppUtreret,
289 1667 437 1748 principes
454 1664 592 1745 quosdam
609 1663 749 1744 sophistas
769 1685 834 1724 cum
853 1666 968 1725 Socrate
982 1666 1181 1746 colloquentes
1200 1666 1363 1729 indunt,

100 1760 254 1846 Gorgiam',
274 1765 393 1839 l‘olum,
416 1764 583 1837 Calliclem,
599 1765 650 1841 qui
668 1783 722 1821 nec
743 1764 803 1821 veri
821 1785 873 1822 nee
887 1766 959 1841 justi
975 1765 1066 1825 ullam
1084 1765 1225 1826 habentes
1240 1764 1313 1825 ratim
1332 1786 1362 1799 -·

102 1886 184 1937 nem,
205 1840 290 1943 vulg'i
303 1863 397 1921 solum
414 1883 511 1919 aeriam
529 1875 643 1940 captare
664 1859 789 1919 dicendo
809 1861 967 1922 studerent.
1009 1864 1045 1922 Et
1064 1865 1192 1945 primum
1210 1862 1364 1943 quidem

100 1962 232 2041 Gorgiam
251 1960 288 2019 de
305 1961 374 2018 artis
390 1972 493 2019 natura
511 1958 696 2041 disserentem
715 1959 793 2018 fecit.
827 1961 913 2020 'Nam
940 1976 1091 2042 postquam
1109 1985 1188 2023 more
1208 1984 1255 2023 sue
1268 1960 1322 2021 St·
1343 1982 1363 1995 ·

99 2071 205 2133 crates,
235 2058 307 2137 quid
327 2071 397 2116 esset
412 2056 594 2134 eloquentia,
615 2055 742 2133 quidque
761 2057 785 2115 is
804 2060 1005 2137 profiteretur,
1025 2061 1076 2138 qui
1096 2082 1126 2120 se
1145 2062 1362 2141 eloquentem

100 2155 225 2230 diceret,
246 2156 441 2234 quaesiverat,
471 2156 510 2212 sie
539 2153 658 2233 Gorgias
684 2152 720 2210 ad
749 2154 801 2213 has
819 2158 998 2234 quaestiones
1015 2159 1189 2239 respondet,
1211 2174 1241 2218 ut
1261 2166 1360 2215 erse

37 2268 41 2275 “
67 2288 69 2292 »
100 2254 177 2313 dicat
195 2268 283 2313 artem
303 2254 421 2314 dicendi
431 2250 555 2325 aelflede
570 2247 769 2332 δημιουργόν,
785 2264 995 2330 persuasionis
1011 2257 1214 2333 effectricem,
1227 2255 1358 2339 l)or2‘

98 2368 171 2412 tores
189 2366 282 2423 autem
301 2355 445 2435 appellet,
467 2364 520 2433 qui
541 2357 638 2412 verbis
653 2362 772 2430 possint
787 2376 855 2411 eum
870 2363 904 2437 iri
915 2356 1038 2430 judicio
1054 2358 1217 2432 judicibus
1226 2402 1235 2432 ,
1252 2364 1354 2412 tur!

97 2461 131 2509 in
149 2463 255 2510 senatu
272 2457 490 2530 4ιεινπαιυνὶὂιιεῑ,
509 2466 574 2511 tum
594 2462 627 2511 iri
650 2461 781 2511 comitiis
807 2463 837 2510 et
861 2460 895 2510 ira
926 2456 1106 2531 quibuslibet
1135 2452 1287 2515 eorreioat'lt
1300 2462 1353 2501 ³

98 2560 210 2609 civium
231 2551 419 2609 oreditoribus
434 2554 628 2628 persuadere.
649 2549 679 2631 2)
699 2552 755 2609 Hle
776 2550 905 2610 Socrates
916 2597 924 2625 ,
945 2573 1002 2629 quo
1023 2554 1111 2632 magis
1123 2592 1127 2599 -
1139 2552 1176 2613 de
1197 2553 1247 2613 hac
1259 2536 1352 2609 viri

98 2650 233 2729 opinione
254 2648 378 2725 artisque
405 2664 506 2708 natura
534 2664 561 2708 et
589 2651 734 2730 proposito
758 2633 866 2709 summo
887 2665 1029 2710 constaret
1061 2653 1191 2728 «visne,
1212 2646 1305 2731 inquit·-
1346 2678 1352 2707 r

99 2747 157 2806 duo
178 2767 314 2826 ponamus
335 2749 524 2825 persuasionis
542 2770 664 2827 genera,
685 2748 808 2806 alterurn
833 2751 895 2825 sine
914 2751 1034 2808 scientia
1053 2749 1144 2810 fidem
1164 2760 1318 2832 praestttffi
1345 2776 1352 2805 r

98 2842 219 2902 alterum
238 2864 305 2903 vero
324 2844 496 2912 scientiam?
517 2877 547 2887 —
569 2847 613 2904 Sit
633 2834 681 2906 ita.
705 2880 736 2887 —
758 2850 859 2908 Utram
876 2870 943 2909 vero
958 2836 1173 2929 persuasionem
1192 2852 1352 2929 eloquess‘.

98 2944 136 3001 tia
165 2943 244 3000 affert
261 2942 292 2999 in
307 2941 429 3019 judiciis
444 2942 563 3020 aliisque
581 2945 709 3003 coetibus
728 2947 764 3006 de
779 2949 865 3024 justis
883 2948 1054 3025 injustisque
1070 2948 1182 3009 rebus?
1212 2970 1247 3009 ex
1262 2954 1326 3025 Ρ
1346 2930 1361 2999 ¹-

99 3041 229 3100 homines
248 3041 309 3098 sine
328 3040 446 3098 seientia
466 3038 662 3129 credant,an
693 3065 729 3101 ex
757 3067 811 3123 qua
832 3047 947 3103 sciant?
969 3073 1003 3080 -
1023 3047 1121 3104 Patet:
1144 3068 1182 3105 ex
1201 3070 1255 3128 qua
1269 3048 1354 3097 Μ’

99 3138 211 3197 dientes
234 3136 271 3196 ad
299 3137 385 3196 fidem
415 3137 605 3197 adducantur.
627 3169 660 3177 —
680 3143 772 3223 Ergo,
796 3157 826 3201 ut
847 3143 980 3218 ridetur,
1001 3146 1197 3225 persuasionis
1220 3134 1355 3206 artis&

97 3236 258 3313 eloquentia
287 3250 346 3310 est,
367 3258 438 3315 quae
467 3238 677 3297 eredulitatem
705 3243 799 3321 potius
827 3264 913 3320 quam
938 3250 1098 3301 seientiam
1127 3242 1164 3303 de
1196 3247 1275 3325 justo
1307 3226 1354 3277 εί

100 3334 206 3408 injusto
223 3349 371 3414 praestat.»
398 3334 428 3415 3)
450 3335 527 3394 Haec
543 3350 571 3393 et
589 3334 645 3394 alia
666 3340 770 3397 similia
790 3351 820 3398 ut
838 3354 1015 3399 concesserat
1036 3340 1174 3419 Gorgias,
1196 3328 1355 3403 socrat&

100 3430 206 3491 deinde
240 3436 254 3484 ί(
265 3432 366 3510 quodsi
377 3480 384 3507 ,
406 3436 520 3512 inquit,
544 3433 621 3492 nihil
640 3435 726 3494 hahet
748 3458 812 3494 cum
831 3439 950 3498 scientia
970 3440 1135 3518 eloquentia
1154 3432 1352 3499 eommussc’

98 3552 143 3609 ars
162 3552 220 3589 non
240 3545 298 3605 est,
314 3530 364 3602 sed
384 3534 420 3592 sit
439 3549 548 3614 oportet
570 3527 704 3613 ἕμπείριά
726 3558 782 3608 τις,
797 3547 914 3614 peritia
936 3541 1101 3616 quaedem
1120 3540 1164 3597 uti
1182 3560 1213 3599 v.
1231 3533 1256 3599 d.
1288 3530 1351 3577 ⁶⁰⁹

97 3632 231 3708 quinaria
251 3653 294 3690 res
324 3654 383 3690 neu
404 3655 448 3691 ars
468 3649 526 3707 est,
549 3635 598 3693 sed
625 3638 728 3716 peritia
756 3640 816 3714 eius
834 3637 912 3715 quod
938 3639 1055 3717 gratiam
1086 3620 1347 3718 voluptatemq¹¹‘

97 3728 192 3788 hahet.
224 3729 271 3788 Sic
292 3732 472 3820 eloquentia,
493 3756 577 3812 quam
599 3738 793 3809 resumatis,
815 3738 931 3817 gratiam
952 3735 1068 3813 quidem
1088 3720 1346 3817 volupnten‘tl‘

129 3970 153 4036 l)
172 3958 254 4040 dags
266 3975 316 4028 453
335 3976 376 4028 A:

129 4056 154 4121 2)
176 4063 233 4112 llud.
251 4060 301 4112 452
321 4063 351 4112 Ε.

127 4143 151 4207 3)
172 4147 229 4196 mr.
251 4149 301 4197 aar
316 4149 344 4197 a.
362 4149 410 4198 aas
425 4148 455 4198 a.
