2796 5048
112 506 202 555 lisera
216 505 326 557 hominis
339 503 469 568 conditio,
487 504 648 568 aphamiam
666 505 750 569 decipi
765 503 870 552 solentis
889 520 938 553 nec
958 503 1005 553 sibi
1019 505 1176 568 deceptionis
1191 518 1251 554 sues

77 593 185 641 conscii.
209 592 245 640 lit
269 591 333 639 haec
357 590 405 655 ipsi
426 590 582 649 conscientia
603 595 807 654 commoveatur,
827 590 966 656 disciplinis
983 588 1028 653 et,
1051 590 1180 640 internum
1196 605 1252 638 sen·

76 690 135 727 sum
153 676 376 744 perpurgantihus.
416 680 419 689 '

400 846 403 853 Ι
542 779 842 849 Dsindalephilosaplsa.
1163 783 1167 789 ’
1250 777 1302 831 202

110 881 245 933 Politia
267 882 296 933 V.
320 883 465 931 Amatorum
489 887 593 945 natum,
617 883 682 933 nihil
701 898 752 933 non
769 882 869 930 abunde
883 882 1046 931 laudantium.
1067 883 1249 945 Lucretii,

78 962 223 1031 Ovidii,
250 969 281 1016 Μ
288 968 338 1017 ali
346 971 417 1016 sris·
440 970 504 1018 loca.
526 969 669 1018 Amariset
683 969 860 1034 philosophiae
879 968 1046 1017 necessitudo.
1071 969 1251 1034 Philosophum

75 1055 170 1118 amoris
196 1054 273 1102 ardor
292 1054 380 1116 decet,
398 1055 462 1102 nihil
479 1054 638 1104 fastidientis.
659 1053 962 1115 Ciceronisingenium
978 1053 1150 1103 adumbratur.
1178 1056 1251 1103 Com-

76 1147 183 1208 paratur
213 1141 420 1189 Demostheni
449 1142 570 1190 Cicera.
597 1140 723 1191 Oratianis
740 1148 792 1206 ‘pro
811 1139 909 1191 Arsissa
930 1140 1087 1191 excellentia.
1109 1141 1169 1206 Quis
1181 1141 1250 1193 Cice-

77 1228 136 1277 roni
151 1231 178 1277 et
192 1226 260 1275 hanc
276 1230 303 1274 ct
317 1224 365 1275 alia
383 1224 504 1275 scribenti
522 1228 578 1276 lons
595 1227 665 1275 suit?
758 1238 761 1243 '

226 1330 266 1397 ‘De
283 1346 403 1396 camai
419 1348 510 1397 artium
527 1354 551 1397 et
567 1347 736 1398 dochiaci-am
752 1346 851 1397 cisseh
867 1355 892 1397 ct
907 1349 980 1415 quasi
996 1349 1145 1415 emeruisse.
1247 1342 1301 1394 210

109 1449 271 1510 Augescente
293 1447 385 1495 artium
400 1462 504 1497 numera
520 1452 546 1495 et
561 1449 698 1511 varietate,
716 1449 796 1511 magis
810 1463 897 1499 earum
920 1449 1050 1497 vinculum
1067 1449 1178 1498 delituit.
1194 1450 1250 1499 Ba·

77 1535 173 1583 sonis
202 1537 229 1581 et
252 1533 624 1598 Esayclapaedistaraos
647 1521 730 1583 stridis
754 1541 780 1585 et
800 1535 914 1585 consilia.
937 1535 1133 1585 Plataartium
1150 1540 1177 1584 et
1192 1535 1251 1584 doo-

74 1621 202 1681 trinarum
226 1620 359 1683 principia
378 1619 539 1683 investigavit
565 1625 592 1669 et
614 1635 773 1671 communem
797 1621 920 1687 originem
939 1621 1045 1673 invenit.
1078 1621 1250 1671 Ciceronis

74 1706 214 1756 sententia.
241 1707 304 1755 llum
316 1721 365 1771 pra
381 1705 483 1755 Archia
499 1707 586 1756 dicens
601 1709 755 1772 perspexisse
771 1709 871 1758 videtur
888 1723 953 1773 quae
970 1707 1061 1757 deinde
1083 1706 1205 1773 explicuit
1219 1704 1250 1755 de

76 1798 178 1842 oratore
198 1790 331 1840 scribens?
355 1792 460 1841 Platone
487 1792 594 1840 subinde
620 1793 739 1842 disertius
764 1793 911 1843 enunciavit
932 1794 1092 1846 sententiam.
1112 1795 1175 1843 llum
1193 1809 1252 1858 per·

76 1882 166 1944 spectu
189 1877 282 1925 artium
302 1879 453 1957 cognatione
471 1881 609 1927 contentus
638 1878 726 1928 Plato?
748 1879 816 1944 Quas
839 1880 945 1930 dicenda
961 1881 1071 1931 Platonis
1088 1881 1251 1948 ἓγκυκλοπαι-

75 1965 154 2022 datas
176 1963 271 2013 course
286 1978 344 2012 cum
357 1971 516 2031 posterorum
535 1965 687 2029 studiisque
705 1982 732 2014 re
750 1967 876 2030 praestat?

398 2085 503 2148 Quinam
518 2087 620 2153 proprie
634 2085 772 2155 philosophi
787 2093 845 2136 saal
861 2084 979 2137 dicandi?
1251 2080 1302 2137 215

110 2185 209 2234 Petit
230 2185 268 2248 V,
284 2184 327 2235 vl.
365 2185 486 2250 Φιλήκοοι
506 2191 532 2235 et
551 2188 735 2252 φιλοθεάμονες
756 2205 808 2239 uon
822 2186 1001 2252 φιλόσοφοι
1018 2186 1063 2235 sed
1078 2184 1251 2251 φιλόδοξοι

75 2275 140 2321 sunt
154 2270 272 2320 habendi.
289 2272 399 2335 Quarum
414 2286 498 2320 rerum
513 2273 659 2338 participem
672 2279 716 2324 aut
731 2279 894 2338 appetentem
906 2277 1068 2338 essecpcrtet
1077 2271 1259 2339 philosopham·
1280 2322 1283 2329 ,

75 2357 215 2405 natummi
234 2357 307 2421 Apud
328 2355 457 2404 Platonem
474 2372 525 2405 non
540 2360 618 2421 magis
630 2360 662 2409 de
677 2360 752 2408 radas
764 2375 844 2408 sermo
858 2359 975 2423 quamde
996 2359 1156 2422 horninibus,
1182 2373 1250 2423 quo-
1312 2393 1314 2405 .

75 2458 135 2491 rum
153 2442 240 2491 cauni
255 2459 295 2491 res
307 2443 498 2506 investigantur.

263 2562 355 2626 Quibus
370 2564 478 2614 maxims
495 2563 632 2627 dismpliais
645 2567 750 2627 juvenes
767 2564 865 2614 erudiri
882 2571 988 2630 oportet,
1006 2565 1051 2631 qui
1065 2564 1120 2613 eati
1263 2607 1267 2613 .

532 2657 589 2698 seat
605 2650 639 2698 ad
653 2646 849 2715 philosophiam?
1249 2644 1302 2700 219

109 2750 167 2799 lton
185 2751 251 2807 satis,
262 2757 302 2800 est
319 2750 408 2799 naturi
429 2765 483 2831 epse
503 2749 694 2814 philosophum:
711 2748 851 2818 qvondam
863 2748 1051 2817 disciplinarum
1065 2763 1126 2813 ope,
1142 2764 1173 2796 ne
1193 2764 1251 2797 ocr-

74 2841 211 2902 mmpatur
226 2837 373 2901 philosopha
389 2834 494 2884 indoles.
860 2836 864 2841 '
1113 2872 1118 2880 .

452 2926 456 2933 ⁷
579 2938 616 2989 Dc
633 2938 795 2989 aritlssastica.
1248 2935 1304 2987 219

28 3096 36 3105 ,
110 3043 213 3092 Pollt.
233 3042 287 3093 VlL
313 3041 366 3106 Quo
388 3047 486 3107 spectat
506 3042 607 3091 Socrate
629 3041 717 3103 judice
739 3040 917 3090 arithmetica?
941 3040 1110 3089 Orientalium
1136 3042 1250 3103 gentium

73 3131 122 3179 dos
135 3132 170 3195 'et
188 3129 300 3177 inventa.
322 3130 473 3176 Graecarum
498 3127 550 3176 dos.
575 3129 638 3176 llum
661 3114 737 3190 quod'
750 3127 880 3191 proprium
903 3124 1250 3186 erat0rientalibus‚deluit

74 3217 155 3282 plane
184 3214 306 3263 Graecis?
333 3214 373 3262 Ab
398 3215 512 3276 utrisque
536 3213 727 3277 proficiendum.
757 3215 808 3279 Qun
833 3230 859 3261 re
871 3211 1046 3261 mathematica
1063 3227 1076 3258 a
1093 3212 1185 3260 ceteris
1199 3211 1251 3259 dis-

73 3301 180 3367 ciplinis
193 3299 403 3363 distinguuntur?
420 3297 583 3347 Arithmetica
601 3303 711 3347 nentem
727 3299 758 3347 ad
780 3301 912 3347 veritatem
928 3297 1025 3345 trahit:
1039 3296 1252 3345 acuitaddiscsr-

73 3386 187 3435 ιιιιιᾶιιιιι
195 3385 422 3454 judicandumque.
445 3383 594 3447 Pythagorei
612 3401 663 3447 quo
678 3385 783 3433 consilio
801 3385 915 3433 numeris
934 3382 994 3431 usi?
1011 3382 1111 3430 Numeri
1125 3383 1251 3445 quomodo

74 3486 164 3521 rerum
174 3471 273 3530 τύποις
289 3470 494 3520 Aristotelis
508 3469 588 3517 locus.
605 3471 768 3518 humerorum
781 3470 895 3520 doctrina
911 3468 990 3534 pluris
1001 3467 1161 3531 Pythagoreis
1174 3485 1249 3532 quam

72 3557 178 3609 Platoni
196 3556 288 3607 hahita.
309 3556 477 3621 Epinomis.
499 3556 622 3622 Volgares
639 3561 665 3604 at
684 3556 802 3604 sublimis
821 3555 993 3605 arithmeticae
1014 3554 1156 3603 discrimen.

489 3659 527 3710 De
542 3661 674 3726 pecsnetrs'a
691 3669 713 3710 st
731 3654 886 3710 athanasia.
1251 3656 1303 3710 221

110 3763 185 3814 lod.
214 3761 332 3814 Sublimis
353 3779 367 3810 a
393 3761 497 3809 Platone
524 3762 674 3824 geometriae
699 3763 771 3810 locus
798 3760 916 3810 tributus.
941 3760 1033 3818 hautio
1049 3762 1250 3825 stersoaretrias,

72 3848 192 3900 nondum
214 3848 347 3904 inventam
376 3848 498 3909 cogitasse
521 3846 595 3895 etiam
622 3846 741 3912 algshraa
761 3846 919 3912 disciplinam
937 3846 1044 3897 videtur.
1063 3845 1203 3894 Geometrid
1225 3851 1253 3894 et

69 3932 231 3985 astronenii
260 3936 317 3982 ocri
331 3934 442 3982 studium
459 3933 581 3995 acuitur,
603 3948 705 3981 saraam
720 3934 841 3996 erigitur,
863 3949 927 3997 quae
947 3932 1062 3983 deorsam
1080 3935 1250 3996 spectaverat,

69 4034 151 4070 mens
165 4018 281 4068 humana.
303 4021 391 4067 Vesana
407 4019 497 4068 harum
513 4018 701 4081 disciplinarum
717 4024 831 4068 naturam
851 4018 973 4068 divinavit
985 4018 1065 4067 Plato.

590 4121 628 4173 De
645 4121 782 4172 maasia.
1244 4117 1299 4171 232

107 4221 184 4276 Eod.
209 4219 385 4276 dehonoratur
410 4228 436 4271 et
457 4223 603 4271 samarias
626 4182 792 4272 necessitudo.
818 4222 975 4273 decentioris
998 4222 1252 4271 aevi'acasticare-

70 4309 187 4376 spondet
206 4308 317 4357 Platonis
331 4298 479 4357 sententiae.
494 4308 669 4357 Doctrinarum
683 4308 821 4361 vinculum.
838 4310 893 4357 Lea
910 4308 1036 4373 quomodo
1054 4323 1068 4355 a
1083 4307 1152 4373 legis
1162 4322 1251 4372 praca-

69 4398 126 4444 mio
143 4393 348 4456 distinguenda?
369 4395 531 4445 Dialscsioas
547 4392 715 4458 principatus.
