2796 5048
663 222 724 283 250

76 382 134 465 μὲν
153 382 195 459 εἰς
215 376 397 465 ἀνθρώπους
416 326 514 459 ὣς,
536 376 579 458 ὥς
598 405 638 465 yq
650 380 857 464 καταφαίνεται
878 375 960 460 ἐμοὶ,
981 377 1082 443 noete
1104 379 1140 445 ht
1160 383 1246 445 θεῶν
1265 378 1308 467 ih-

78 485 152 572 ῥίφη
170 479 223 549 itt
242 508 319 561 τινος
337 480 537 568 Προμηθέως
563 478 628 565 ἅμα
650 480 817 571 φανωτάτῳ
833 484 890 546 τινὶ
907 482 992 567 πυρὶ·
1020 488 1136 547 mum
1166 484 1308 563 uam,

79 592 209 649 etmihi
232 591 368 664 videtur,
389 590 539 649 diuinitus
558 592 599 649 od
617 591 751 649 homines
766 611 826 669 per
844 589 1058 647 Prometheum
1079 588 1237 665 quendum
1254 606 1310 659 m

77 690 349 773 eum-lucidissimo
376 696 447 772 igne
474 690 597 756 delam
625 700 702 748 est.»
720 687 749 767 l)
798 687 885 747 Unde
913 686 1112 766 intelligitur,
1141 674 1236 765 quein
1259 684 1308 745 lete

77 801 172 871 pateat
191 786 270 867 apud
289 787 436 847 Platonem
455 808 506 868 per
533 807 631 846 omnes
651 801 725 847 artes
744 789 905 866 artiumque
926 785 1117 846 inventiones
1136 784 1187 845 vis
1205 768 1308 843 dne-

77 887 160 947 ticae.
202 885 243 943 Et
263 905 332 946 vero
351 886 478 944 fructum
497 884 567 944 inde
593 887 700 967 posteri
723 886 899 944 uberrimum
917 896 1066 966 ceperunt.
1110 882 1234 942 Dicitur
1287 884 1293 895 '

77 983 190 1043 stoteles
211 983 321 1064 primus
339 983 427 1041 fuisse
437 1029 444 1058 ,
466 985 516 1063 qui
534 997 609 1043 artes
628 983 831 1064 doctrinasque
850 996 877 1042 et
895 983 1089 1061 distingueret
1105 1002 1122 1039 a
1138 1002 1172 1041 se
1191 886 1309 1063 int

78 1082 132 1142 rite
151 1096 178 1155 et
198 1081 320 1161 singulis
339 1081 486 1162 propriam
506 1083 694 1142 constitueret
710 1084 867 1142 rationem:
890 1080 966 1141 idem
986 1100 1055 1138 vero
1076 1093 1147 1139 ante
1170 1099 1239 1139 eum
1261 1080 1309 1157 iau

78 1180 266 1241 inchoaverat
287 1180 486 1254 Plato„certe
506 1181 649 1260 quomodo
670 1182 702 1243 id
731 1195 803 1240 esset
828 1177 1070 1269 perficiendum,v
1085 1177 1142 1237 hac
1174 1176 1309 1239 tradmdt

79 1278 222 1339 cernendi
237 1278 440 1358 jungendique
458 1292 517 1338 erte
540 1279 686 1340 docuerat.
728 1281 807 1355 Quin
827 1280 912 1337 etiam
932 1296 1004 1356 quae
1022 1273 1141 1335 scholae
1161 1276 1308 1337 mathema·

36 1420 38 1427 ·
77 1378 199 1436 ticorum
226 1376 392 1436 Platonicae
420 1376 511 1436 tribui
538 1379 598 1437 fere
623 1379 743 1440 inventa
764 1377 875 1450 solent,
898 1375 1083 1434 anovahac
1104 1373 1309 1437 Pletoniam
1331 1396 1334 1401 ·

78 1475 167 1535 thodo
186 1472 346 1555 repetenda
365 1496 498 1554 magnam
518 1490 628 1557 partem
655 1477 803 1538 videntur.
846 1474 932 1550 Quod
952 1472 1070 1532 Procius
1088 1460 1309 1549 animadvertit',

78 1594 167 1653 quum
187 1573 288 1653 agebat
307 1571 344 1632 de
364 1574 565 1634 Leodamantis
583 1575 775 1635 mathematici
786 1575 933 1633 inventis:
955 1567 1097 1653 καλλίστη
1108 1567 1170 1650 μὲν
1182 1566 1310 1650 μέθοδος

77 1665 100 1752 ἦ
121 1665 170 1732 tei
192 1671 246 1753 τῆς
267 1665 433 1746 ἀναλύσεως
449 1667 494 1733 ἐπ’
512 1666 612 1756 ἄρχήν
630 1666 869 1755 ὁμολογουμένην
888 1666 1040 1754 οἶνοίγοοσο
1056 1668 1096 1734 td
1114 1667 1309 1759 ζητοῦμαῃ·

78 1771 117 1856 ἢν
130 1773 178 1835 καὶ
197 1768 216 1835 α’
236 1768 382 1849 Πλάτων,
404 1767 446 1850 ὥς
467 1794 555 1856 φασι,
578 1769 778 1854 Λεωδάμαντι
798 1769 980 1854 παρέδωκεν,
1002 1771 1055 1857 ἀφ’
1073 1765 1112 1858 ἧς
1134 1775 1189 1838 καὶ
1208 1771 1309 1851 ἐκεῖνος

78 1877 195 1937 πολλῶν
213 1870 287 1938 κατά
307 1875 489 1959 γεωμετρίαν
505 1871 626 1960 εὑρετής
641 1874 794 1961 ἱστόρηται
810 1872 960 1960 γενέσθαι.
971 1878 1003 1961 2)

120 1981 199 2054 Quae
220 2001 286 2039 cum
314 1980 351 2039 sit
379 1979 467 2058 hujus
496 1980 623 2040 methodi
653 1982 862 2060 universaeque
891 1979 1059 2039 dialecticae
1080 1978 1253 2037 Platonicae
1273 1976 1310 2037 vit

80 2090 109 2136 et
130 2077 262 2153 ubertas,
284 2098 337 2136 nos
356 2077 475 2158 quidem
495 2076 531 2137 de
548 2080 696 2138 divisione
715 2093 744 2138 et
767 2086 938 2156 partitione
958 2100 1035 2151 non,
1058 2090 1091 2135 ut
1109 2075 1147 2135 de
1170 2072 1310 2137 communi

79 2176 204 2255 quodam
225 2176 334 2256 logicae
354 2175 418 2234 loco
429 2220 438 2250 ‚
459 2196 582 2255 agemus.
624 2178 819 2236 Proferremus
837 2179 878 2235 ita
898 2177 1030 2257 vulgares
1048 2174 1221 2254 centiesque
1241 2192 1309 2256 repe·

80 2275 147 2332 titas
166 2273 338 2333 dialecticae
358 2275 532 2350 sententias,
558 2275 591 2334 in
618 2274 711 2334 nullis
732 2297 796 2349 uon⁸
811 2276 992 2356 compendiis
1021 2273 1132 2334 obvias.
1189 2274 1308 2365 Proletgt

80 2384 109 2429 et
128 2372 209 2450 quasi
239 2371 271 2430 in
297 2370 391 2430 lucem
416 2393 549 2432 revocare
570 2372 661 2453 ipsius
690 2373 818 2432 Platonis
846 2373 1014 2434 methodum
1032 2371 1118 2431 nohis
1137 2372 1307 2454 propositu!

81 2482 140 2543 est,
163 2489 280 2548 eamque
299 2470 339 2528 ita
360 2470 539 2549 producere,
561 2484 594 2530 ut
623 2471 742 2554 abipso
773 2473 916 2554 descripta
942 2485 1058 2530 auctore
1077 2483 1139 2545 est,
1162 2492 1231 2529 cum
1248 2466 1306 2528 deit

82 2567 183 2627 niendi
205 2580 265 2626 arte
283 2581 310 2626 et
329 2567 474 2630 Socratica
495 2569 666 2630 inductione
685 2574 856 2650 conjuncta,
878 2572 1020 2649 uniceque
1039 2567 1143 2628 valens
1159 2569 1201 2629 ad
1218 2570 1304 2629 riteet

80 2667 266 2747 cogitandum
286 2680 314 2725 et
335 2667 497 2728 dicendum
517 2684 545 2729 et
561 2668 763 2744 scribendum,
784 2669 959 2748 omninoque
978 2682 1010 2727 ut
1021 2669 1131 2726 donum
1149 2668 1316 2749 diuinitus,⁸

81 2766 160 2845 quod
180 2767 241 2846 ipse
260 2767 320 2841 ait,
336 2788 396 2845 per·
415 2767 630 2827 Prometheum
649 2771 799 2848 quendam
822 2764 1036 2826 od'hominum
1054 2788 1154 2848 genus
1172 2768 1301 2826 delutu-

81 2865 122 2924 Ut
141 2885 209 2924 vero
229 2863 261 2923 id
280 2879 356 2925 recte
375 2866 580 2942 instituamus,
601 2882 668 2949 peto
689 2889 705 2926 a
725 2866 901 2939 lectoribus,
923 2879 973 2941 ut,
994 2865 1088 2923 missis
1108 2864 1240 2945 vulgaris
1255 2862 1301 2923 dir

82 2962 200 3022 lecticae
219 2965 400 3044 praeceptis,
421 2965 529 3044 quibus
549 2987 566 3024 a
585 2967 692 3026 teneris
702 2986 799 3025 sumus
809 2964 928 3039 imbuti,
950 2984 986 3023 ex
1006 2983 1190 3023 unomecum
1199 2964 1299 3023 Plano

81 3061 197 3120 haurire
217 3060 330 3136 velint,
354 3061 529 3143 eidemque,
550 3086 606 3144 qua
627 3065 697 3139 ille,
720 3064 769 3124 via
787 3078 814 3122 et
835 3064 947 3122 ratione
967 3059 1139 3143 procedant.

68 3156 73 3167 '
122 3161 194 3220 Tres
214 3173 282 3219 sunt
300 3159 409 3241 dialogi
428 3163 574 3237 Platonis,
595 3184 717 3242 quorum
737 3161 812 3221 alius
831 3182 867 3219 ex
887 3160 945 3220 alio
972 3159 1077 3234 fluxit,
1100 3170 1134 3217 ut
1153 3152 1295 3219 dissent

84 3259 117 3318 in
136 3259 175 3318 iis
198 3259 279 3338 quasi
305 3261 487 3320 continuatio
508 3260 648 3340 quaedam
669 3274 821 3334 cernatur,
846 3259 1043 3332 Theaetetus,
1067 3257 1214 3336 Sophiste
1220 3302 1230 3332 ,
1250 3254 1293 3315 Pr

84 3359 198 3418 titicus.
241 3359 329 3417 Recte
347 3358 399 3417 hos
418 3360 589 3419 dialecticos
601 3372 702 3421 voces.
725 3356 757 3439 3)
790 3359 880 3433 Nam,
902 3372 933 3416 ut
951 3356 1111 3436 quaerendi
1134 3357 1291 3436 interrogat,-

81 3455 171 3536 dique
191 3457 252 3516 sive
271 3457 368 3538 potius
387 3456 594 3517 obstetricandi
615 3458 648 3517 in
665 3457 849 3539 philosophia
870 3470 957 3514 artem
973 3455 1154 3514 Theaetetus
1174 3453 1289 3523 mauri,

83 3555 125 3614 ita
152 3555 227 3615 hanc
257 3555 396 3615 cernendi
414 3555 615 3637 jungendique
630 3556 797 3616 methodum
815 3557 848 3614 in
869 3554 1011 3631 Sophiste
1029 3567 1057 3613 et
1074 3553 1207 3613 Politice
1224 3566 1290 3631 esp?

81 3653 140 3712 suit
157 3654 247 3715 Plato.
269 3656 311 3715 De
330 3656 423 3737 primo
444 3655 672 3737 hujustrilogiae
690 3654 803 3736 dialogo
817 3656 879 3733 jam
889 3652 1026 3713 diximus.
1044 3650 1077 3733 h)
1096 3650 1231 3712 Occurrit
1241 3649 1291 3709 ine

118 3926 143 3996 ll
162 3931 253 3983 Petu.
270 3929 310 3982 16.
328 3930 356 3982 B.
374 3930 402 3984 G.
428 3932 562 3985 Manifeste
580 3933 630 3985 huc
651 3933 766 4000 respexit
783 3930 873 3985 Cicero
891 3935 920 3984 de
935 3934 996 4000 hep.
1016 3930 1058 3982 ΙΙΙ.
1077 3930 1101 3981 2.
1125 3948 1228 3999 pm
1239 3912 1307 3979 off*

83 4017 204 4069 altiores
224 4018 380 4081 extulerunt,
406 4027 431 4068 et
452 4019 548 4087 aliquid
568 4022 667 4087 dipnum
691 4021 770 4070 dono
792 4021 920 4070 deorum
935 4028 979 4069 out
998 4018 1094 4084 efficere
1114 4026 1161 4068 out
1179 4010 1313 4081 τιτοςιῗῐῦ111
1335 4020 1337 4027 “

103 4113 226 4155 otuerunt.
1170 4114 1178 4129 ·
1268 4108 1271 4113 '

83 4122 102 4172 p
118 4185 144 4252 2)
163 4188 219 4240 Vid.
236 4188 345 4242 Gesaub.
368 4193 402 4241 od
420 4191 490 4256 hiep.
510 4191 538 4240 h.
559 4191 602 4241 Ill.
622 4190 663 4242 24.
683 4189 721 4242 Gi.
741 4190 850 4258 Dionys.
869 4191 923 4242 liei.
945 4199 994 4241 ort.
1015 4190 1086 4240 nter.
1104 4186 1147 4239 xi.
1174 4186 1199 4239 8.
1219 4202 1241 4253 p·
1256 4164 1325 4229 5⁶⁸

84 4283 112 4325 et
131 4275 268 4327 Stallhaum
289 4279 322 4326 art
338 4270 416 4326 Ptot?
427 4277 519 4326 Philet.
542 4276 612 4327 Psoi.
628 4294 653 4344 p.
667 4277 730 4328 LIV.

119 4358 145 4423 3)
164 4362 220 4413 Vid.
237 4364 284 4414 Ast
301 4363 394 4413 Ploto’s
414 4362 494 4413 hohen
513 4379 538 4429 p.
563 4362 605 4414 53.

119 4445 145 4511 hl
165 4448 239 4498 tuitio
263 4466 288 4514 p.
309 4447 356 4498 124
375 4465 430 4515 sqq.
456 4448 500 4499 iil
523 4465 578 4516 sqq.
