2796 5048
672 198 728 263 102

77 388 137 427 non
161 365 294 447 pulcrum
318 380 377 440 est,
399 364 555 425 necessario
573 363 606 423 id
624 376 729 423 tetrum
748 365 831 422 esse?
853 376 903 421 aut
928 350 1006 441 ¹quod
1026 383 1087 423 non
1106 377 1163 425 est·
1170 363 1304 522 Ἢν,

78 464 222 525 stultum?
245 464 349 523 Nonne
376 461 624 538 animadvertisti,
652 463 779 523 medium
806 459 879 541 quid
897 480 955 519 esse
975 460 1052 520 inter
1080 462 1185 543 sapien
1259 472 1305 521 tet

79 561 249 636 stultitiam,
269 582 373 619 verum
392 567 513 638 opinari
522 556 537 616 7
561 560 670 621 Verum
698 560 775 619 enim
785 604 794 634 ,
810 559 947 637 inquam,
968 557 1004 617 ab
1022 559 1160 618 omnibus
1178 556 1303 634 dieitur,

80 680 138 719 uno
156 673 184 720 et
202 661 346 719 communi
365 679 504 718 consensu
514 704 524 732 ,
542 679 662 738 magnus
680 658 757 717 Deus
775 677 843 716 esse.
865 655 910 715 Ab
930 655 1081 730 omnibus,
1102 656 1199 723 dicis:
1229 658 1303 738 igno·

80 756 212 817 rantibus
222 803 232 832 ,
249 779 287 816 sn
305 756 485 816 scientibus?
506 756 551 815 Ab
569 755 722 829 omnibus,
741 757 872 833 inquam,
893 756 1019 814 omnino.
1050 756 1125 814 Tum
1144 755 1202 815 illa
1214 754 1304 817 subri-
1340 830 1343 835 Ι

80 854 170 929 dens,
190 856 227 937 Et
245 877 300 935 quo
326 855 443 915 tandem
461 868 562 934 pacto,
592 855 705 932 inquit,
734 874 750 912 o
778 852 924 927 Socrates,
951 873 1070 933 magnus
1099 853 1180 913 Deus
1198 850 1237 913 eb
1261 851 1303 912 bit

80 952 210 1028 dicatur,
235 954 283 1032 qui
307 956 397 1012 Deum
423 952 507 1011 illum
537 973 595 1010 esse
625 953 754 1031 negant?
778 950 903 1025 Quinam
931 949 977 1008 illi
995 948 1132 1024 tandem,
1162 950 1300 1031 inquam?

80 1052 182 1126 Unus,
203 1053 315 1131 inquit,
345 1052 447 1110 horum
471 1064 569 1122 tues,
598 1049 686 1108 altera
710 1069 769 1129 ego.
811 1040 953 1126 Equidem
976 1068 1045 1108 vero
1071 1046 1222 1107 dicebam:
1251 1069 1301 1128 qne

80 1148 196 1208 tandem
215 1149 299 1213 modo
318 1148 373 1207 hoc
393 1146 541 1206 affirmas?
561 1145 714 1206 Manifesto
725 1193 733 1222 ,
753 1146 867 1226 inquit:
890 1167 956 1204 narn
979 1146 1131 1226 tumetipse
1144 1144 1298 1221 admisisti,

80 1261 211 1328 appetere
231 1267 353 1305 amorem
371 1245 473 1326 pulcra
491 1260 519 1304 et
536 1246 630 1319 bona,
654 1243 889 1325 quandoquidem
913 1243 949 1302 iis
976 1257 1018 1303 est
1046 1242 1211 1305 destitutus.
1254 1244 1300 1305 Hit

80 1359 173 1404 autem
191 1344 360 1417 destitutus,
380 1343 430 1422 qul
449 1342 568 1402 tandem
588 1345 677 1424 possit
693 1344 770 1403 Deus
787 1343 870 1400 esse?
899 1339 1028 1399 Videsne
1048 1331 1156 1420 igitur,
1184 1354 1213 1401 te
1239 1341 1299 1403 item

79 1463 201 1522 negare,
223 1443 315 1501 Deum
334 1462 392 1500 esse
407 1444 552 1501 amorem?
572 1440 652 1516 Quid
666 1441 778 1521 igitur?
802 1440 938 1517 inquam:
960 1452 1039 1517 estne
1057 1438 1187 1499 mortalis
1206 1441 1297 1499 amori

80 1541 211 1609 Minime.
253 1539 310 1598 Sed
327 1538 399 1618 quid
417 1538 558 1599 tandem?
579 1541 620 1598 Ut
638 1538 785 1619 superiora
804 1534 857 1593 ille
868 1581 883 1619 ,Ι
901 1534 1028 1594 medium
1047 1535 1120 1616 quid
1139 1537 1218 1597 inter
1234 1557 1297 1597 mor

47 1695 50 1707 ,
79 1639 149 1697 talia
168 1651 196 1697 et
216 1636 395 1696 immortalia.
417 1635 497 1719 Quid
516 1638 622 1716 igitur,
638 1635 786 1696 Diotime?
808 1635 954 1708 Daemon,
974 1656 990 1693 o
1006 1633 1154 1709 Socrates,
1175 1656 1296 1715 magnust

81 1749 109 1795 et
129 1756 196 1796 vero
215 1735 308 1794 omnis
325 1734 495 1804 daemonum
514 1749 616 1794 natura
636 1736 712 1793 inter
735 1731 837 1791 divina
857 1745 884 1790 et
903 1731 1034 1790 mortalia
1059 1745 1101 1789 est
1127 1732 1298 1793 intermedia

81 1831 207 1912 Ecquam
225 1853 310 1907 vero,
330 1833 467 1912 inquam,
487 1833 547 1893 vim
565 1833 699 1893 habens?
719 1821 893 1911 ‘Epuqreaiou
914 1827 962 1888 καὶ
982 1828 1209 1911 διαπορθμεῦον
1229 1831 1299 1903 θεοῖς

82 1926 120 1992 roi
145 1923 214 2014 παρ’
240 1923 412 2011 ἀνθρώπων
436 1929 484 1991 καὶ
511 1924 684 2012 ἀνθρώποις
707 1926 746 1993 τοὶ
773 1924 853 2013 παρά
881 1929 978 2010 θεῶν,
1007 1929 1068 1991 τῶν
1088 1927 1145 2009 μὲν
1165 1926 1222 2007 τοὶς
1240 1924 1298 2014 δεή-

83 2052 141 2107 σεις
166 2031 214 2094 καὶ
240 2029 364 2108 θυσίας,
390 2031 453 2094 τῶν
480 2028 515 2094 δὲ
540 2026 594 2106 τοῖς
616 2026 758 2108 ἐπιτάξεις
778 2056 810 2094 τε
831 2031 880 2095 καὶ
900 2025 1028 2112 ἀμοιβάς
1047 2031 1109 2093 τῶν
1129 2031 1299 2097 θυσιῶν-ἒν

82 2129 164 2222 μέσῳ
186 2131 221 2197 δὲ
243 2129 278 2196 tv
299 2129 478 2216 ἀμφοτέρων
499 2137 681 2216 συμπληροῖ,
698 2128 772 2196 ὥστε
787 2129 825 2196 ao*
839 2135 900 2197 πᾶν
916 2129 991 2196 aristi
1010 2129 1092 2221 αὐτῷ
1104 2133 1299 2208 §antedicta

83 2239 268 2316 interpretis
297 2247 327 2295 et
353 2245 513 2314 portitoris
530 2237 653 2296 munere
662 2241 837 2319 fungitur,
859 2250 895 2297 ut
914 2242 1067 2298 bominum
1086 2261 1136 2300 res
1156 2242 1197 2299 ad
1213 2240 1298 2314 Deos,

84 2336 218 2395 Deorum
237 2337 277 2392 ud
295 2337 427 2395 homines
444 2320 658 2395 transmittat:
679 2338 803 2395 illorum
821 2340 939 2416 quidem
961 2358 1068 2414 preces
1091 2348 1121 2397 et
1139 2342 1300 2419 socmfies'e,

85 2437 191 2494 lterum
209 2457 277 2493 uero
286 2444 449 2511 praeopta
468 2445 497 2493 et
515 2436 735 2512 saenfieiorum
755 2443 1028 2496 remunerationes:
1043 2444 1078 2493 in
1094 2438 1302 2497 mediisautm

86 2538 224 2611 utrisque
231 2543 378 2610 uersutus,
389 2542 562 2593 uuiversum
574 2536 706 2612 complet,
716 2546 751 2592 ut
760 2542 859 2613 ipsum
869 2558 966 2594 seeum
977 2543 1039 2612 ipso
1049 2545 1269 2599 connectatum
1278 2532 1302 2615 ll

332 2729 379 2789 De
398 2737 511 2789 umoris
529 2739 655 2790 nutura.
696 2730 746 2788 Ex
763 2733 935 2812 indigentia
953 2739 1065 2792 oritur.

126 2925 219 2985 Semel
237 2925 356 3004 ingressi
381 2925 558 3006 praeclarum
582 2923 637 2984 boc
657 2925 850 3005 colloquium,
871 2946 952 3005 aegre
971 2925 1152 2988 subsistimus
1180 2926 1301 3010 legendo

87 3023 158 3080 Nam
175 3024 215 3082 sic
240 3036 388 3081 enarratur
412 3045 428 3082 a
456 3022 587 3096 Socrate,
609 3036 640 3080 ut
660 3023 716 3102 ipsi
745 3010 810 3080 cuni
836 3023 961 3082 Diotima
989 3026 1193 3085 sermocinanti
1222 3023 1302 3088 veluti

87 3121 221 3179 interesse
240 3120 324 3179 nobis
343 3119 502 3181 videamur.
545 3120 760 3195 Veruntamen,
783 3134 814 3178 ut
832 3119 902 3179 haec
925 3135 953 3179 et
971 3123 1101 3201 proxima
1120 3123 1175 3181 rite
1199 3122 1302 3185 intelli·

89 3238 203 3297 gamus,
223 3216 361 3277 nonnihil
380 3217 434 3277 hoc
454 3218 518 3277 loeo
535 3216 826 3277 animadvertendum
841 3217 967 3278 videtur.
997 3220 1034 3278 Et
1053 3220 1178 3300 primum
1197 3219 1301 3299 quiden

87 3313 158 3373 hinc
176 3327 254 3394 patet
273 3325 389 3373 nutura
405 3316 525 3395 amoris,
546 3335 631 3394 qnam
657 3335 817 3396 expressam
839 3316 896 3394 jam
917 3317 1043 3376 vidimus
1061 3318 1094 3376 in
1113 3316 1301 3400 Aristophanis

88 3410 207 3488 fabule,
233 3434 373 3493 quamque
397 3414 458 3495 ipsa
484 3412 592 3472 deinde
620 3413 761 3489 Diotime,
792 3414 892 3473 sabuli
918 3415 1079 3476 enarrandl
1105 3415 1141 3475 de
1169 3417 1301 3477 Peniact

88 3508 178 3584 Poro,
198 3506 361 3571 evidentius
380 3512 465 3570 etiam
488 3511 625 3572 declarat.
667 3511 712 3570 Ex
737 3513 908 3594 indigentia
931 3514 1040 3587 oritur,
1066 3535 1127 3573 non
1140 3514 1210 3592 ills,
1225 3530 1301 3597 ¹quatu

89 3607 189 3666 Cicero
207 3622 235 3667 et
253 3608 342 3669 Stoici
360 3608 596 3690 reprehendunt,
616 3609 757 3669 honorum
776 3624 803 3669 et
820 3612 1027 3691 pecuniarum,
1048 3633 1121 3691 qnae
1142 3625 1202 3672 tota
1217 3613 1302 3673 ahos

90 3703 127 3762 ab
147 3725 240 3764 amore
259 3720 287 3764 et
305 3707 432 3766 amicitia
461 3707 566 3783 debet,
588 3707 638 3766 sed
666 3727 703 3765 ex
729 3707 892 3788 indigentia
918 3722 1036 3767 naturae
1061 3724 1185 3770 nostrae,
1237 3711 1305 3771 Hinc

90 3823 252 3884 comparare
270 3805 355 3865 nobis
373 3809 543 3882 studemus,
564 3828 637 3888 qnae
657 3808 834 3889 appetimus:
861 3807 932 3866 hinc
952 3811 1054 3867 studio
1078 3808 1229 3890 praeclara
1256 3826 1310 3871 om·

90 3903 157 3977 nia,
178 3902 330 3983 inprimis
357 3904 452 3985 pulcri
480 3919 507 3964 et
535 3905 624 3965 boni:
645 3905 715 3965 binc
735 3916 836 3980 artes,
855 3905 961 3984 quibus
978 3907 1096 3988 explere
1116 3907 1188 3967 haec
1217 3895 1323 3968 studiss'

90 4020 244 4059 conamur:
272 4000 341 4060 hinc
368 4002 429 4081 ipse
448 4000 519 4062 adeo
546 4005 648 4063 cultus
674 4002 807 4062 Deorum
817 4025 831 4073 ,·
861 4025 928 4062 nam
958 4018 989 4063 ut
1017 4004 1233 4086 nobismetipsis
1248 4012 1333 4065 'ntss³

91 4096 265 4172 sufficimus,
287 4101 325 4158 ita
346 4098 384 4158 ad
401 4102 475 4160 Deos
495 4102 676 4181 confugimus
694 4122 796 4180 eosque
820 4121 967 4181 rogamus,
989 4116 1020 4160 ut
1039 4117 1186 4183 praestent
1213 4103 1308 4164 nobis
1336 4124 1343 4160 t

11 4217 15 4223 ·
91 4216 162 4273 quae
188 4197 406 4258 desideramus.-
437 4198 615 4279 Imaginibus
642 4198 712 4258 haec
739 4201 845 4280 magis,
874 4222 958 4279 quam
986 4200 1083 4261 verbis
1109 4215 1138 4261 et
1164 4188 1343 4264 scatendi

144 4355 344 4364 w—-n

126 4419 249 4492 1)Symp.
269 4422 327 4474 202.
347 4423 377 4474 E.
