2796 5048
693 271 754 331 tto

143 451 219 509 llius
248 464 334 527 porro
364 441 493 503 Socrates
519 436 557 497 cle
580 437 776 516 singulorum,
800 454 874 514 quos
890 433 1064 514 descripsit,
1086 431 1214 493 virumn
1232 432 1323 492 condi·

101 550 181 607 tionc
202 545 280 626 agit,
302 540 487 617 instituitque
509 534 548 596 de
571 535 625 609 iis,
646 555 679 594 ac
706 535 730 593 si
758 533 790 592 iu
817 530 897 595 ludis
927 529 1082 590 ehnrmum
1102 529 1223 609 praemii
1243 550 1324 610 repor-

100 644 189 705 taudi·
209 640 307 701 caussa
330 647 561 707 concertassent,
592 631 719 693 solemne
743 628 900 710 judicium.
947 630 1050 708 elga,
1080 627 1144 701 ait,
1172 627 1327 702 Adimaute,

100 732 465 822 quemadmodumjudex,
482 731 579 790 ornnia
597 728 800 810 conspiciens,
821 725 859 786 de
878 725 1003 806 siugulis
1016 723 1155 803 judicat,
1176 726 1216 787 ita
1233 738 1266 784 tu
1280 727 1328 804 jau

100 840 198 922 profer
205 884 215 913 ,
245 836 296 916 qui
326 847 377 893 tuo
401 829 518 909 judicio
535 828 647 909 primus
666 825 825 899 felicitate,
846 824 897 903 qui
917 821 1066 884 secundus
1082 823 1141 883 sit:
1162 836 1329 902 maurosque

100 937 239 1016 deinceps
262 931 381 1012 judica,
410 920 577 1008 βασιλινόν,
610 916 832 1005 τιμοκρατικόν,
867 909 1079 1000 ὀλιγαρχικδν,
1107 915 1330 1002 δημοκρατικὸν,

100 1019 279 1114 τορανναιόν.
301 1064 341 1077 w
365 1030 453 1091 Haud
477 1048 545 1088 sanc
574 1023 700 1086 difficile
727 1023 784 1085 hoc
805 1021 953 1102 judicium
977 1034 1038 1080 estc
1059 1021 1104 1079 uti
1125 1023 1208 1081 cuim
1225 1023 1330 1102 ingressi

101 1150 187 1210 suut,
208 1135 249 1193 sic
277 1151 331 1211 ego
357 1149 423 1202 eos,
452 1141 591 1203 tauquam
621 1121 741 1195 choros,
768 1120 878 1183 virtute
905 1140 938 1178 ac
967 1117 1129 1200 pravitate,
1152 1117 1291 1178 felicitate
1306 1139 1331 1177 ac

101 1231 264 1303 contrario,
294 1246 428 1307 comparo
457 1225 535 1282 iuter
561 1233 646 1299 seget
668 1218 779 1297 judico.
801 1246 837 1255 -
857 1219 1069 1276 Praeconemne
1087 1216 1180 1295 igitur
1198 1215 1331 1276 conduce-

101 1351 182 1403 mus,
211 1350 250 1386 an
278 1346 329 1405 ego
358 1320 573 1404 pronunciabo,
603 1307 650 1377 iim
675 1309 692 1376 ri
719 1310 904 1395 Ἀρίστωνος
930 1305 997 1386 uide
1025 1305 1080 1373 adr
1098 1306 1227 1392 ἄριστόν
1247 1335 1276 1374 τε
1295 1312 1332 1374 aci

21 1451 25 1458 ·
102 1418 288 1488 dormitator
312 1413 576 1498 εὐδαιμονέστατον
601 1412 706 1499 iitpcre·
744 1414 852 1478 τοῦτον
877 1411 909 1477 δ’
931 1407 1005 1476 εἶναι
1030 1409 1088 1475 τᾶν
1113 1404 1332 1494 βασιλαιοῖτατον

101 1525 151 1589 καὶ
171 1517 362 1606 βασιλεύοντα
382 1515 493 1583 αὑτοῦ·
513 1512 569 1582 adr
582 1516 626 1599 de*
647 1511 787 1580 κάκιστόν
806 1539 838 1579 τι
858 1514 908 1578 καὶ
931 1509 1116 1578 oiduroiroeror
1142 1511 1333 1581 ἀθλιώτατα·

103 1628 209 1691 τοῦτον
230 1621 260 1686 δ’
279 1617 317 1686 αὖ
338 1614 492 1704 τυγχάνειν
514 1616 607 1697 ὄντα,
637 1616 670 1696 ὃς
701 1614 739 1682 ἄν
768 1611 1019 1704 τυραννικώτατος
1045 1610 1089 1680 ὤν
1115 1612 1230 1682 ἑαυτοῦ
1250 1642 1279 1683 τι
1298 1615 1333 1682 ὅτι

104 1723 235 1811 μάλιστα
254 1726 385 1812 τυραννῇ
405 1723 454 1786 καὶ
474 1723 530 1807 τῆς
550 1717 677 1798 πόλεως·
699 1723 859 1784 Aristonis
876 1723 986 1800 filium
1014 1728 1117 1781 cirum
1146 1730 1334 1800 optimumst

101 1838 314 1911 justissimum
333 1830 493 1905 judicasse
520 1829 746 1886 beatissimum:
777 1847 839 1886 ease
867 1833 970 1883 cutem
1000 1824 1081 1882 dune
1110 1824 1264 1888 imminent
1281 1847 1333 1886 τιν·

107 1940 189 1989 es'me
222 1935 355 1988 omnium
395 1935 516 2008 regium
556 1947 642 2003 seque
679 1931 780 2005 ipsum
816 1929 970 2007 regentem
981 1944 995 1994 ;
1028 1930 1197 2003 pessimum
1225 1931 1334 1987 νοντα

107 2034 354 2108 iniquissimum,
375 2047 436 2085 ease
455 2029 683 2083 sacerrimum:
705 2023 797 2083 talant
817 2029 919 2079 autem
948 2043 1028 2099 cese,
1057 2028 1112 2101 quc·
1140 2029 1274 2082 maxime
1295 2030 1333 2099 ty-

107 2149 228 2185 ναιιιιιιι
245 2132 305 2201 sit,
326 2145 413 2203 ecque
430 2130 531 2202 ipsum
548 2129 578 2180 ct
595 2127 751 2180 civitatem
771 2119 937 2199 tyrannide
955 2127 1084 2199 premat.
1096 2144 1111 2176 ιι
1142 2116 1174 2199 l)

274 2316 328 2376 De
360 2325 599 2394 utriusque
626 2317 810 2375 leminis
843 2322 1024 2373 interna
1055 2322 1193 2374 enimi

602 2414 859 2472 conditione.

151 2612 268 2675 Poiseos
297 2610 386 2669 ferme
412 2608 582 2668 Pindaricae
611 2608 736 2677 colorem
755 2610 786 2668 iu
805 2608 861 2673 hoc
881 2606 973 2669 veluti
993 2604 1224 2669 athlothetarum
1239 2608 1336 2690 judicio

109 2707 145 2768 de
172 2708 292 2791 prolatis
320 2707 394 2768 viris
418 2706 617 2788 agnoscimus5
649 2706 700 2766 sed
726 2725 812 2766 nemo
839 2703 910 2765 haec
934 2704 1040 2782 facilc,
1061 2725 1136 2788 quac
1154 2705 1337 2779 adduximus,

107 2822 170 2866 tum
197 2808 282 2866 etiam
309 2825 382 2885 quae
410 2801 481 2863 haec
508 2802 741 2884 subsequuntur,
762 2800 935 2885 diligentius
955 2801 1076 2885 legerit,
1096 2805 1174 2883 quin
1192 2797 1337 2865 ducu‘ilta

99 2886 202 2964 'omnia
229 2925 288 2964 esse
316 2902 417 2966 videat
444 2923 482 2961 ex
506 2901 644 2961 interiore
671 2914 790 2960 naturae
817 2899 962 2961 humanae
988 2900 1188 2983 indagatione.
1234 2902 1337 2962 Facturi

107 3016 201 3062 autem
230 3002 270 3059 ita
294 3013 356 3076 est,
387 3014 419 3059 ut
446 3004 548 3080 s'pontc
576 2997 648 3058 hinc
677 2996 759 3057 Plato
784 2997 937 3077 justissimi
963 2999 1021 3059 viri
1048 2998 1136 3079 atque
1166 2997 1338 3079 injustissimi
1377 3044 1379 3081 :

107 3099 273 3158 interiorem
302 3096 392 3156 animi
422 3078 621 3157 conditionem
642 3095 768 3176 imagine
790 3094 976 3156 informandi
1001 3094 1183 3175 declararet,
1207 3113 1297 3180 atque
1310 3098 1339 3156 iu
1377 3086 1379 3105 ²

106 3194 225 3276 quidem
254 3216 307 3254 uos
334 3195 372 3256 de
398 3194 566 3274 gravissima
592 3214 691 3253 caussa
721 3192 841 3254 idoneos
867 3193 983 3273 judices
1009 3192 1157 3257 redderet.
1199 3195 1253 3257 sic
1277 3194 1339 3257 euin
1377 3270 1379 3279 Ι

63 3305 67 3312 ’
107 3314 191 3375 porro
218 3289 298 3373 apud
323 3312 390 3350 eum
420 3290 558 3350 Socrates.
614 3311 629 3343 u
640 3291 726 3367 Esto,
755 3291 871 3372 inquit,
901 3294 1055 3373 postquam
1082 3290 1141 3351 lruc
1172 3289 1341 3375 disputanda
1377 3302 1380 3355 ξ

107 3389 297 3469 devenimus,
328 3389 482 3464 iteremus,
513 3408 586 3467 quac
615 3409 631 3447 a
662 3389 808 3470 principio
838 3388 917 3448 dicta
947 3403 1034 3466 sunt,
1056 3388 1137 3448 unde
1166 3389 1230 3451 huc
1259 3408 1341 3452 sumu

73 3488 86 3509 ⁴
107 3486 216 3548 delati:
239 3486 351 3547 dictum
367 3501 462 3546 autem
480 3499 540 3561 est,
562 3486 671 3567 injuste
690 3507 773 3567 agere
791 3486 839 3547 illi
859 3485 1010 3567 prodesse,
1031 3487 1082 3567 qui
1102 3508 1170 3547 cum
1190 3490 1338 3572 perfectum

108 3586 139 3644 iu
160 3584 276 3646 modum
289 3587 422 3665 ¹injustus
441 3585 497 3660 sit,
514 3586 610 3663 justus
630 3597 728 3644 tamen
746 3583 879 3646 liabetur.
921 3586 983 3646 Hac
1004 3584 1093 3667 igitur
1111 3585 1151 3646 de
1170 3608 1203 3647 re
1226 3598 1339 3648 utrem
1378 3574 1380 3627 5

103 3681 268 3760 judicemus
298 3682 436 3757 tandem,
466 3701 597 3742 sermone
626 3681 768 3763 fingamus
802 3684 894 3743 animi
926 3683 1081 3765 imaginem
1089 3728 1098 3759 ,
1133 3698 1187 3761 ut,
1218 3686 1272 3765 qui
1298 3685 1337 3743 ista

108 3777 204 3854 dixit,
236 3780 327 3856 sciat,
357 3779 430 3859 quid
458 3779 578 3840 dixerit.
599 3822 633 3831 -
654 3780 777 3856 Qualem
806 3778 881 3841 dicis
912 3781 1091 3861 imaginem?
1111 3809 1148 3820 -
1168 3782 1276 3864 Talem
1294 3780 1337 3841 ali·

108 3897 214 3957 quam,
234 3877 349 3956 qualem
375 3878 489 3957 antiqui
510 3877 706 3938 informarunt
723 3876 923 3954 Chimaeram,
944 3878 1091 3960 Scyllam,
1113 3879 1295 3956 Cerberum,
1311 3878 1329 3937 si

109 3975 210 4050 miles,
240 3996 256 4034 e
284 3974 374 4035 variis
398 3975 498 4035 formis
521 3974 669 4037 conflatas.
719 3976 810 4056 Finge
831 3976 922 4055 igitur
940 3977 1067 4058 primum
1085 3975 1198 4038 hestiae
1219 3979 1339 4046 roman,

109 4073 206 4132 variae
235 4070 412 4147 admodum,
443 4086 471 4132 et
499 4075 594 4155 capita
617 4074 804 4133 circumcirca
833 4075 924 4135 multa
952 4074 1104 4152 habentis,
1137 4077 1249 4156 partim
1277 4094 1338 4135 man·

110 4182 255 4227 suetorum
266 4213 276 4243 ,
295 4170 400 4250 partim
424 4171 577 4250 agrestium
604 4171 793 4246 animalium,
820 4192 892 4251 quae
913 4173 974 4253 ipsa
993 4193 1045 4254 per
1063 4193 1093 4232 se
1113 4173 1339 4253 productusque

109 4339 367 4351 ——---.-----·

146 4445 174 4507 ii
192 4445 229 4495 m
243 4446 304 4513 rep.
324 4445 364 4495 rx.
383 4445 441 4496 580.
458 4447 556 4510 s-c,
