2796 5048
671 223 728 281 ιον
787 178 790 182 ’

77 385 222 463 quotsint
238 406 357 444 numero
373 385 435 444 soni
448 431 455 456 ,
467 385 657 465 exploremus.
700 387 757 444 Nos
774 400 833 445 tum
855 387 925 446 haec
937 386 1245 466 explicuimus,quum
1255 388 1322 447 dia-

79 485 214 545 lecticam
234 485 361 543 Platonis
390 482 592 557 tradehamus,
620 505 651 542 ac
663 529 672 557 ,
693 483 767 543 duce
789 485 927 558 Platone,
952 485 1120 559 docuimus,
1139 487 1322 564 quemadmo-

77 583 153 642 dum
171 582 224 640 hao
242 596 302 640 arte
318 584 424 658 musica
440 596 468 641 et
488 583 588 641 literae
609 579 670 642 sive
684 583 868 663 alphabetico
889 584 1030 664 scriptura
1049 584 1186 644 inventae
1204 587 1264 645 sint
1283 584 1321 664 l).

77 683 162 741 Hinc
185 680 315 739 Socrates
338 682 463 742 sublime
491 694 628 743 memorat
650 679 836 758 antiquorum
864 682 997 739 cll'atum:
1029 681 1082 743 «ol
1105 679 1163 760 μὲν
1189 683 1308 744 παλαιοὶ
1314 735 1322 763 ‚

76 779 243 860 κρείττονες
273 775 360 862 ἡμῶν
379 781 428 842 καὶ
444 777 592 862 ἐγγυτέρω
612 782 695 843 θεῶν
712 780 869 855 οἰκοῦντες,
892 776 1004 863 ταύτην
1020 778 1128 865 φήμην
1137 781 1322 866 παρέδοσαν,
1370 828 1376 841 .

77 879 124 958 ὠς
148 882 179 955 ἔξ
201 879 269 958 inde
295 881 351 962 μὲν
372 883 421 944 καὶ
447 885 564 945 πολλῶν
592 879 687 945 ὄντων
714 882 775 944 τῶν
801 879 847 944 ciel
873 878 1038 962 dryopte'vmv
1065 880 1151 961 eluat,
1173 883 1265 966 πέρας
1288 886 1323 949 δὲ
1367 915 1371 919 ·

74 986 130 1048 καὶ
153 982 287 1067 α’πειριάν
310 986 341 1048 ἐν
363 983 478 1062 ἓαοτοῖς
495 982 650 1067 ξύμῳυτον
665 982 810 1068 ἑχόντων·
829 1013 901 1049 nane
910 999 1011 1068 prim
1032 993 1115 1048 nobie
1132 1002 1325 1068 praestanti-

74 1112 149 1149 ores
170 1090 300 1168 Diiequo
325 1089 576 1170 propinquiores,
609 1093 680 1149 haec
712 1094 796 1149 nobie
824 1091 949 1148 oracula
970 1090 1187 1165 tradiderunt,
1208 1116 1244 1150 ee
1266 1115 1324 1151 uno

75 1200 111 1247 et
133 1192 241 1248 nrultt'e
259 1202 398 1249 uenatore
419 1212 495 1269 qnae
517 1213 711 1268 temperem
732 1193 897 1264 dicuntur,
917 1190 1010 1262 finem
1021 1200 1163 1247 autemst
1181 1192 1318 1262 infinita-

75 1298 144 1347 tem
163 1297 305 1347 innatum
335 1291 452 1349 habere.
494 1291 604 1348 Iccirco
635 1312 688 1349 nos
716 1289 836 1363 decere,
857 1289 881 1346 si
912 1289 952 1346 ita
983 1288 1053 1347 haec
1085 1286 1220 1347 ordinata
1246 1291 1322 1364 sint,

77 1408 175 1446 unum
194 1387 266 1468 quid
287 1390 321 1446 in
343 1390 423 1448 omni
445 1409 476 1446 re
506 1389 660 1466 exquirere
677 1409 714 1451 ,ac
735 1408 863 1468 ponere,
892 1387 1065 1446 inventuros
1095 1387 1173 1445 enim
1204 1388 1325 1448 insitum

75 1505 162 1545 esse:
183 1485 259 1564 quod
283 1486 333 1546 uhi
353 1486 650 1568 deprehenderimus,
671 1503 735 1566 post
757 1508 846 1544 unum
865 1486 945 1560 duo,
976 1486 1001 1547 si
1022 1486 1134 1559 insint,
1155 1485 1324 1566 explorare,

78 1584 131 1643 vel
152 1586 208 1643 tria
228 1585 276 1646 vel
294 1586 386 1645 alium
415 1608 565 1646 numerum
589 1588 773 1666 quempiam,
793 1607 825 1644 ac
846 1583 998 1664 quodlibet
1028 1605 1126 1643 eorum
1145 1606 1237 1644 unum
1256 1586 1325 1646 dili·

76 1696 183 1762 genter
202 1684 385 1764 considerare
412 1683 528 1761 denu03
561 1684 654 1745 donec
673 1684 725 1759 id,
754 1684 833 1763 quod
851 1683 889 1742 ab
917 1684 1004 1743 initio
1028 1705 1119 1741 unum
1138 1684 1325 1764 invenimus,

76 1802 144 1841 non
163 1781 254 1841 solum
271 1796 303 1840 ut
324 1804 413 1843 unum
434 1783 482 1844 vel
503 1797 534 1842 ut
551 1784 643 1842 multa
664 1782 712 1843 vel
734 1797 765 1841 ut
781 1781 918 1856 infinita,
940 1781 990 1841 sed
1009 1795 1040 1840 ut
1057 1792 1128 1858 quet
1146 1783 1205 1841 sint
1225 1804 1323 1841 nume·

76 1902 114 1939 ro
133 1881 351 1960 perspiciamus.
392 1881 441 1942 Sic
458 1885 546 1962 igitur
560 1881 735 1941 infinitatem
748 1903 808 1940 non
827 1880 1012 1940 multitudini
1033 1899 1092 1939 esse
1112 1879 1323 1958 adhibendum,

76 1980 252 2061 priusquam
271 2002 422 2040 numerum
442 1984 508 2060 quis
528 1984 590 2061 ejus
616 2001 729 2041 omnem
740 2026 748 2054 ,
769 1979 819 2056 qui
841 1979 919 2037 inter
944 1977 1095 2037 inlinitum
1115 1994 1143 2039 ct
1163 2002 1255 2039 unum
1275 1982 1326 2040 iu·

77 2077 240 2137 termedius
260 2079 314 2152 sit,
344 2083 541 2162 perspexerit:
568 2095 630 2140 tum
648 2101 717 2140 vero
735 2099 826 2138 unum
854 2075 1006 2156 quodlibet
1025 2079 1155 2137 omnium
1174 2077 1208 2136 in
1223 2077 1323 2138 infini-

77 2189 144 2237 tum
164 2174 311 2236 dimittere
339 2193 480 2256 oportere.
521 2181 571 2240 Dii
592 2200 692 2258 ergo,·
708 2176 787 2257 qnod
813 2175 897 2249 dixi,
926 2175 967 2233 sic
989 2174 1074 2234 nobis
1096 2190 1324 2256 praeceperunt,

79 2289 114 2334 ut
137 2294 181 2331 res
202 2275 436 2354 exploraremus,
457 2278 652 2354 disceremus,
680 2277 867 2350 doceremus3
888 2275 938 2354 qui
965 2287 1061 2332 autern
1085 2295 1164 2333 nunc
1183 2271 1325 2335 dicuntur

77 2373 245 2453 sapientes,
265 2396 355 2434 unum
376 2389 405 2434 et
424 2376 515 2435 multa
529 2377 658 2439 velocius
687 2375 856 2449 tardiusve,
887 2394 974 2451 quam
1004 2385 1136 2453 oportet,
1163 2372 1325 2434 conficiunt

76 2497 113 2535 ac
139 2487 203 2556 post
224 2495 314 2533 unum
337 2475 477 2534 continuo
497 2476 530 2534 in
552 2475 669 2535 infinita
689 2473 846 2548 incidunt;
879 2471 975 2531 media
994 2484 1109 2543 autem,
1130 2471 1238 2550 quihus
1266 2473 1323 2533 dis·

78 2573 208 2657 putandi
229 2577 302 2632 ratio
322 2575 476 2633 dialectica
496 2597 512 2633 a
531 2574 657 2654 litigiosa
674 2573 868 2645 discernitur,
888 2571 1006 2650 fugiunt
1026 2569 1092 2627 illos
1103 2566 1165 2648 2).’'

123 2674 268 2747 Effatnm,
287 2671 366 2753 quod
388 2671 525 2733 laudatur
536 2673 568 2731 in
587 2672 667 2731 hisee
676 2718 684 2745 ‚
702 2670 828 2730 Philolai
848 2682 908 2743 est,
928 2690 943 2726 a
963 2669 1091 2745 Diogene
1109 2668 1222 2727 laertio
1239 2670 1326 2729 nohis

78 2787 281 2846 servatum,a
309 2772 411 2833 Proclo
439 2786 534 2832 autem
553 2793 614 2831 non
634 2769 720 2830 semel
744 2781 1004 2829 commemoratum.
1048 2759 1142 2838 Φύσις
1171 2761 1207 2825 δὲ
1229 2763 1261 2826 ἒν
1282 2751 1326 2851 eq]

77 2865 187 2954 κόσμῳ
209 2863 361 2952 ἁρμόχθη
386 2869 417 2941 ἔξ
443 2864 573 2947 ἀπείρων
602 2891 632 2929 τε
660 2867 710 2929 καὶ
735 2860 946 2947 περαινόντων,
975 2864 1024 2927 καὶ
1047 2859 1117 2940 ὅλος
1142 2861 1257 2946 κόσμος
1276 2871 1325 2931 καὶ

77 2968 119 3035 τοὶ
143 2971 175 3035 ἕν
196 2969 278 3058 αὖτῷ
299 2971 341 3051 3).
385 2973 467 3047 Quod
500 2972 614 3033 Platoni
647 2994 706 3031 non
729 2982 840 3051 poterat
870 2990 940 3050 nona
961 2968 1148 3028 vehementer
1174 2972 1324 3048 arridere,

79 3079 167 3154 cujus
187 3077 340 3137 dialectica
362 3076 479 3155 ipsaque
499 3069 682 3152 philosophia
713 3065 909 3127 discernendo
935 3064 1161 3146 definiendoque
1180 3072 1240 3129 fere
1266 3086 1325 3132 tota

77 3174 331 3259 progrediebatur.
372 3173 426 3231 His
454 3167 671 3249 igiturduohus
701 3166 822 3248 positis,
851 3167 995 3241 infinitis
1032 3179 1061 3224 et
1090 3169 1324 3243 diffinientibus,

79 3275 199 3334 tertium
218 3272 318 3346 addit,
338 3273 415 3349 quod
435 3291 471 3327 ee
492 3270 766 3344 distemperatur:
795 3286 847 3324 τον
869 3265 944 3324 θεον
965 3258 1107 3342 ἐλέγομέν
1127 3257 1248 3339 που,τὸ
1258 3263 1324 3343 μὲν,

79 3368 203 3452 ἄπειρον
225 3371 320 3442 δεῖξαι
342 3369 403 3430 τοῖν
425 3361 532 3440 ὄντων,
553 3361 590 3427 td
613 3362 662 3440 δὲ,
685 3361 789 3445 πέρας·
816 3361 930 3428 τούτων
959 3362 999 3447 riq*
1021 3365 1081 3427 τῶν
1101 3367 1190 3427 εἰδῶν
1209 3362 1246 3427 τοὶ
1269 3366 1324 3430 sl'o'o
1365 3357 1371 3368 ’

79 3470 264 3554 τιθῶμεθα·
287 3467 321 3533 το
345 3471 380 3534 δὲ
402 3470 516 3548 τρίτον,
539 3463 569 3540 ἔξ
591 3463 705 3547 α’μφοῖν
725 3463 841 3529 τούτοιν
863 3465 895 3529 ἓν
916 3492 944 3530 τι
967 3463 1216 3546 ξυμμιογόμενον·
1237 3471 1324 3530 deum

80 3582 218 3639 diximus
236 3601 272 3637 ee
287 3586 342 3651 e'e'e,
364 3597 440 3654 quae
461 3584 550 3644 eunt,
571 3573 705 3629 alterum
723 3572 904 3646 infinitum,
925 3572 1059 3629 alterum
1085 3572 1210 3644 finitum
1229 3583 1323 3630 oeten·

80 3681 162 3740 disee
173 3701 183 3733 .·
200 3682 263 3751 duo,
275 3685 379 3758 igitur
399 3676 470 3732 baec
495 3692 610 3752 genero
636 3692 801 3746 portatum,
833 3678 961 3728 tertium
993 3679 1116 3743 autem,
1134 3673 1210 3746 quod
1229 3693 1323 3728 unum

80 3800 119 3836 erc
141 3788 268 3855 utroque
295 3778 349 3834 illo
379 3782 580 3852 teutperatum
612 3781 656 3828 eet
676 3766 715 3846 l).
758 3768 890 3827 Tandem
918 3782 1060 3846 quartum·
1085 3768 1131 3825 his
1151 3769 1322 3847 subjungit,

80 3883 241 3936 mixtionis
264 3895 404 3933 causeum
415 3897 424 3928 :
453 3870 508 3952 τῆς
536 3866 706 3947 συμμΐξτοος
728 3860 842 3929 τούτων
858 3861 937 3946 πρός
954 3860 1065 3946 ἄλληλα
1083 3861 1192 3926 αἰτίαν·
1208 3886 1240 3923 ac
1259 3867 1325 3923 sin-

118 4152 144 4213 1)
164 4153 211 4205 cu.
232 4154 309 4203 initia
327 4170 351 4220 p.
370 4152 428 4202 270.

118 4237 145 4302 2)
165 4240 256 4290 Pouet.
278 4237 317 4288 16.
338 4238 367 4289 0.
387 4237 479 4286 -17.
501 4239 531 4288 Α.

117 4324 143 4385 3)
163 4325 222 4374 Vid.
242 4325 371 4375 Boeokls.
392 4327 417 4374 in
437 4324 549 4373 Peenno
567 4340 591 4388 p.
611 4325 651 4374 45.
672 4332 697 4373 et-
716 4324 855 4374 Stallhuum
875 4325 969 4389 Prolep.
989 4321 1025 4371 ud
1043 4320 1134 4370 Philet.
1156 4318 1241 4386 pser.

117 4409 144 4472 ll)
163 4411 254 4462 remo.
272 4409 314 4460 23.
335 4410 362 4461 C.
