2796 5048
664 258 724 319 326

80 421 155 487 edroi
173 423 297 486 δοκοῦσι
318 440 382 498 σοι,
402 419 496 482 καίτοι
516 420 632 503 νοητῶν
648 412 743 480 ὄντων
756 413 833 498 μετα
849 412 958 499 ἀρχῆς·
982 410 1158 478 διάνοιαν
1179 411 1217 476 δὲ
1229 418 1304 477 eald

78 548 131 605 μοι
159 525 255 597 δοκεῖς
279 516 336 604 τήν
363 522 426 583 τῶν
450 520 657 604 γεωμετρικῶν
678 503 713 582 ’τε
742 517 793 580 καὶ
816 513 874 600 τήν
898 520 960 580 τοῖν
987 512 1139 580 τοιούτων
1167 514 1242 593 ἕξιν,
1261 513 1304 579 att

79 620 132 688 obv
163 626 193 707 1)
220 618 261 698 ὠς
288 618 398 703 μεταξύ
424 646 452 685 τι
480 619 570 707 δόξης
596 647 627 686 τε
656 620 706 685 καὶ
732 619 787 682 voci
812 616 868 702 τήν
895 615 1067 682 διάνοιαν
1098 611 1213 681 οὖσαν·
1234 643 1306 699 pure

79 750 149 787 roro
164 729 255 785 iidem
276 748 333 785 non
354 728 394 784 od
405 734 599 805 pmrreipt'um
620 727 794 798 ascendant,
816 725 866 781 red
880 726 916 781 ob
936 717 1105 785 ὑποθέσεσι
1128 722 1306 794 descendant,

80 847 203 902 rapere,
223 823 292 883 νοῦν
313 819 407 902 ἴσχειν
427 826 484 881 titi
497 832 531 907 ia
553 827 601 884 hio
620 847 678 884 non
698 824 856 895 videntur,
879 834 1017 902 quamvis
1038 848 1075 883 oo
1098 827 1137 883 ab
1157 829 1225 900 ipso
1239 823 1308 895 pria·

80 932 157 1003 cepio
179 936 277 984 morato
302 932 531 1004 percipiantur.
573 923 660 1004 Ergo
690 914 821 980 διάνοιαν
853 944 958 982 vocare
987 925 1067 982 mihi
1096 926 1308 1003 geometrarum

81 1025 286 1101 similiumque
315 1031 467 1082 rationem
492 1021 628 1097 ciderio,
659 1046 717 1082 non
744 1043 813 1080 earo
841 1021 929 1098 νοῦν,
962 1029 1073 1100 quippe
1103 1040 1178 1077 oum
1216 1006 1309 1073 dodran

81 1120 211 1178 medium
242 1131 345 1180 terreat
373 1130 458 1179 iuteo·
487 1125 654 1196 opinionem
684 1130 715 1178 et
740 1118 809 1178 νοῦν
838 1123 943 1181 locum.
969 1157 1004 1169 -
1049 1115 1233 1176 Plenissime
1256 1114 1308 1172 lae

79 1219 252 1299 percepisti:
284 1221 382 1300 accipe
422 1228 517 1276 autem
556 1216 677 1297 insuper
713 1218 750 1277 ad
779 1234 903 1298 quatuor
930 1217 997 1276 illas
1025 1215 1176 1274 sectiones
1206 1224 1329 1299 (puertia¹

80 1313 203 1391 haecce,
234 1339 307 1398 quae
336 1319 369 1376 in
397 1315 494 1375 animo
535 1327 620 1374 sunt:
654 1307 782 1397 νόησιν
817 1319 855 1378 ad
884 1333 1066 1398 supremam,
1099 1312 1142 1372 ad
1171 1309 1309 1371 secundm

78 1406 266 1491 διάνοιανς
294 1417 395 1479 tertiae
423 1409 545 1472 πίστιν
571 1417 685 1492 tribue,
713 1418 830 1476 infimae
849 1429 944 1474 autem
970 1406 1155 1471 εἰκασίαν·
1185 1408 1309 1488 haecpro

81 1529 181 1576 mutua
206 1519 317 1577 ratione
338 1529 365 1574 et
385 1514 572 1595 proportione
589 1512 711 1590 ordina,
735 1528 786 1588 ut,
807 1528 950 1592 quatenus
966 1510 1150 1593 participare
1169 1530 1188 1567 a
1209 1505 1310 1567 verim

81 1627 221 1692 possunt,
250 1627 369 1672 eatenus
397 1631 456 1671 esse
484 1610 630 1670 existimes
660 1612 800 1672 claritatis
829 1611 993 1692 participia.
1010 1650 1047 1661 --
1076 1608 1147 1668 Jam
1172 1602 1309 1681 intellige,

82 1707 196 1788 tibique
215 1710 353 1770 assentior
374 1723 401 1769 et
421 1708 543 1783 ordino,
565 1722 597 1768 ut
618 1709 756 1770 dixisti.»
777 1708 809 1790 2)

123 1807 298 1885 Hujusmodi
327 1808 416 1887 igitur
445 1820 487 1865 est
516 1819 544 1866 et
570 1806 616 1865 his
645 1807 782 1887 gradibus
807 1805 943 1888 procedit
969 1802 1102 1862 hominis
1130 1802 1166 1860 in
1184 1797 1310 1858 mundun

84 1903 301 1985 intelligibilem
320 1905 384 1964 iter.
414 1902 580 1984 Significari
601 1918 695 1963 autem
712 1905 816 1964 iisdem
835 1905 881 1963 his
900 1900 1039 1985 gradibus
1059 1898 1180 1982 duplex
1196 1890 1311 1965 παιδειός

67 2020 191 2080 genus,
218 2023 340 2081 quorum
358 2001 481 2061 alterum
502 2001 593 2061 altero
613 2001 776 2062 illustretur
785 2047 794 2076 ,
815 2022 899 2060 nemo
919 2013 961 2060 est
971 2047 980 2075 ,
998 1999 1072 2079 quin
1090 2010 1202 2079 sponte
1221 1996 1310 2059 videat

82 2096 219 2157 infimum
246 2100 417 2179 vulgaribus
447 2098 615 2158 hominibus
641 2100 800 2174 convenit,
828 2099 878 2178 qui
908 2098 994 2156 unice
1023 2096 1170 2157 delectari
1190 2093 1311 2156 inanior

82 2196 252 2276 speciebus,
274 2196 336 2256 illis
364 2197 506 2271 maxime,
538 2217 610 2274 quas
636 2198 708 2278 ipsis
733 2202 833 2278 po'e'tae
851 2210 936 2276 atque
954 2209 1080 2255 oratores
1098 2194 1311 2276 proposuerint,

82 2292 186 2371 solent.
227 2293 311 2351 Hanc
340 2292 423 2351 Plato
450 2290 619 2352 εἰκασίαν
648 2294 796 2374 appellat,
817 2293 905 2354 ducto
925 2293 962 2352 ab
984 2291 1167 2373 imaginibus
1188 2291 1311 2360 nomine,

84 2409 157 2469 quae
188 2389 221 2447 in
252 2388 378 2465 umbris,
408 2393 440 2451 in
467 2394 569 2472 aquis,
600 2394 632 2453 in
660 2391 785 2473 speculis
814 2405 964 2471 apparent.
1007 2388 1215 2450 convertendi
1242 2388 1312 2468 igitur

86 2486 226 2544 continuo
245 2485 282 2544 ab
302 2486 349 2546 his
365 2490 515 2569 speciebus
534 2491 572 2550 ad
590 2512 623 2550 ea
642 2504 727 2565 sunt,
749 2488 856 2568 quibus
876 2488 984 2547 similes
1003 2500 1091 2546 sunt:
1113 2506 1176 2566 quo
1197 2483 1311 2545 nondun

84 2581 204 2661 quidem
229 2583 268 2644 ad
294 2585 463 2663 scientiam,
492 2602 684 2648 veruntamen
713 2586 751 2646 ad
778 2583 875 2645 πίστιν
904 2582 1112 2661 adducuntur,
1140 2582 1255 2663 quippe
1269 2600 1312 2639 nr·

85 2693 186 2739 nentes
221 2681 253 2740 in
284 2681 394 2744 mundo
430 2685 604 2766 spectabili,
633 2687 666 2744 in
695 2707 752 2764 quo
780 2685 921 2766 quamdiu
950 2694 1128 2756 versantur,
1159 2688 1313 2759 φίκακικε

85 2775 235 2853 homines,
265 2801 325 2838 non
351 2781 390 2840 ad'
417 2790 577 2842 erientiam
603 2796 632 2842 et
658 2791 819 2842 veritatem
837 2781 990 2841 accedunt.
1032 2778 1169 2840 Alterum
1196 2772 1313 2848 παιδείας

87 2892 177 2954 genus
202 2876 264 2935 illis
291 2876 493 2938 adhibendum
521 2880 604 2941 Plato
633 2879 758 2955 censet,
779 2883 850 2959 qui,
875 2879 967 2938 missis
984 2875 1090 2935 mundi
1111 2878 1314 2959 spectabiliset

89 2972 250 3031 simulacris
278 2988 306 3033 et
332 2975 442 3035 umbris
472 2977 711 3053 simulacrorum,
730 2978 818 3038 altius
839 2974 991 3037 escendere
1011 2988 1096 3053 atque
1114 2975 1198 3056 ipsas
1214 2992 1314 3036 cernere

58 3067 168 3155 ⁸ideas
198 3071 331 3150 cupiunt.
374 3072 415 3130 Ut
444 3073 491 3133 illi
519 3096 535 3133 a
559 3058 709 3154 speciebus
736 3075 774 3135 ad
802 3097 853 3151 ea,
883 3072 989 3152 quibus
1017 3070 1072 3129 hae
1102 3070 1220 3134 similes
1245 3084 1314 3145 sunt,

76 3179 318 3241 convertuntur,
349 3168 388 3226 ita
415 3168 447 3227 bi
465 3191 518 3250 per
537 3172 628 3251 ipsius
648 3172 779 3232 veritatis
797 3170 970 3252 disciplinas
986 3190 1002 3227 a
1020 3168 1123 3228 fonnis
1144 3153 1316 3232 nummorum

89 3260 301 3341 figurarumque
321 3264 588 3325 mathematicorum
607 3266 644 3325 ad
662 3269 738 3348 ipsos
758 3291 892 3328 numeros
908 3267 1040 3348 ipsasque
1058 3264 1171 3346 figuras
1186 3264 1345 3347 educendi-i

88 3371 174 3416 sunt:
194 3379 251 3436 quo
269 3359 400 3420 διάνοιαν
421 3376 622 3441 assequuntur.
651 3365 744 3424 Iidem
765 3387 851 3439 vero,
873 3378 923 3439 ut,
944 3363 1105 3444 repudiatis
1127 3364 1235 3426 formis
1251 3364 1318 3439 istit,
1348 3442 1352 3451 ι

90 3457 182 3516 missis
208 3459 295 3535 item,
322 3482 395 3539 quae
415 3459 461 3519 his
480 3460 647 3541 disciplinis
665 3464 798 3544 propriae
819 3477 905 3538 sunt,
935 3454 1111 3539 ὑποθέσεσι,
1146 3462 1188 3523 ad
1214 3457 1319 3546 ripam

90 3552 127 3611 ad
158 3556 287 3635 ipsarum
315 3579 368 3640 per
395 3559 505 3617 ha'ncce
533 3556 665 3619 idearum
688 3560 982 3640 contemplationem,
1002 3560 1160 3621 adrerum
1179 3564 1320 3627 scienti·

125 3786 150 3850 1)
169 3789 257 3857 Aegre
273 3794 378 3845 immuto
394 3793 470 3843 hocce
494 3776 557 3843 ἄλλ’
577 3775 648 3844 οὖν·
671 3809 730 3843 nam
746 3792 896 3858 planchaee
910 3797 986 3847 dictio
1001 3780 1132 3848 Platonica
1153 3807 1213 3850 eet:
1229 3798 1322 3863 soba,

89 3873 252 3935 verumenim,
274 3883 370 3922 tumea:
391 3888 441 3938 quo
463 3894 542 3945 sensu
561 3881 658 3930 centies
682 3877 795 3928 occurrit.
831 3876 866 3928 At
880 3895 973 3931 seusus
991 3879 1039 3931 loci
1054 3888 1081 3930 ot
1096 3879 1198 3934 allusio
1211 3882 1247 3935 ad
1259 3874 1324 3935 'vetit

91 3943 205 4009 διάνοια
226 3964 353 4014 rationem
378 3963 405 4013 id
433 3967 537 4020 videtur
562 3972 718 4038 requirere,
744 3968 814 4036 quod
838 3973 966 4024 vertendo
986 3975 1113 4039 expressi.
1153 3974 1324 4043 Scripsit,ai

91 4060 182 4126 fallor,
209 4063 297 4116 Plato:
321 4047 487 4114 derivator
513 4052 549 4115 δὲ
577 4058 673 4116 καλεῖν
698 4074 750 4131 μοι
778 4051 873 4127 δοκεῖς
892 4049 949 4133 τήν
970 4103 1003 4113 -
1025 4050 1088 4117 ἀλλ’
1108 4051 1148 4117 οὖ
1170 4050 1326 4136 rosim&

90 4137 203 4219 μεταξύ
228 4167 255 4204 τι
285 4138 377 4224 δόξης
403 4167 433 4205 τε
461 4144 509 4204 καὶ
530 4147 597 4206 νοῦ
617 4143 673 4229 τήν
699 4139 865 4205 διάνοιαν
886 4138 985 4208 οὖσαν.
1029 4156 1141 4224 Lag-isse
1168 4161 1208 4213 ita
1231 4161 1325 4212 Fidum

90 4237 200 4288 videtur.
228 4238 324 4287 Videris
336 4245 417 4285 ostem
431 4235 492 4284 anili
500 4239 704 4301 pomiterarum
718 4247 741 4287 et
754 4237 871 4287 similem
885 4254 970 4288 rerum
982 4237 1090 4288 οαὸκιιιοε
1103 4241 1326 4306 capitatione·

89 4324 202 4389 potius
226 4320 415 4389 appellare,
437 4336 529 4386 quum
549 4321 761 4385 intellectum,
785 4322 906 4390 quael-

126 4401 152 4467 2)
170 4406 208 4456 De
225 4406 287 4474 Καρ.
306 4402 348 4454 Vl.
364 4402 424 4454 509.
440 4402 472 4455 b.
505 4402 639 4457 -5tt.E.
