2796 5048
666 204 727 264 408

370 363 1048 445 Mediemne.igiturPlateinter

245 469 461 539 sceptieos
486 474 525 521 et
552 465 815 545 dogmaticos
846 468 952 519 aiam
980 459 1160 519 tenuit?

125 662 254 721 Discreto
272 662 311 721 ita
332 685 347 721 a
368 663 502 743 scepticis
517 677 545 722 et
564 663 733 744 dogmaticis
745 663 869 724 Platone
880 668 894 736 ,¹
914 660 1097 741 suspicemur
1118 660 1260 734 fortasse,
1273 679 1320 716 me·
1364 710 1366 731 ,

84 759 163 819 diam
183 758 266 817 illum
278 760 362 820 inter
380 775 514 839 utrosque
533 762 610 821 viam
627 763 771 822 tenuisse:
803 757 882 838 quod
902 757 939 818 de
957 757 1019 816 illis
1041 759 1106 816 fere
1127 756 1245 816 dictum
1261 759 1320 815 Aca·

83 855 203 916 demicis
214 871 255 915 est
263 902 272 931 ,
290 858 340 936 qui
351 902 361 933 ‚
378 879 394 915 a
405 857 569 918 dubitando
579 861 686 940 pariter
704 880 736 918 ac
748 856 900 918 statuendo
920 855 1123 929 abstinentes,
1146 854 1321 934 probabilia,

84 954 234 1013 simillima
253 955 315 1015 reri
325 1000 335 1029 ,
356 955 559 1033 sequebantur.
602 956 649 1015 Sic
669 958 746 1016 enim
764 955 801 1014 de
811 955 848 1013 iis
863 953 982 1038 Cicero:
1000 960 1175 1032 preprium
1193 963 1240 1010 est
1253 951 1321 1010 Au·

84 1054 198 1111 dentiae
208 1097 217 1127 ‚
228 1054 388 1129 judicium
408 1075 496 1111 suum
515 1055 637 1111 nullum
663 1062 873 1130 interponere:
894 1071 929 1109 ea
946 1052 1094 1128 prebere,
1115 1068 1199 1124 quae
1213 1049 1322 1108 similli-

83 1172 134 1209 ma
152 1158 218 1208 aeri
235 1153 416 1209 videantur:
434 1154 574 1226 conferre
600 1173 740 1226 caussas,
761 1160 809 1225 et,
828 1151 901 1224 quid
920 1156 955 1206 in
974 1166 1127 1223 quemque
1146 1155 1323 1207 sententiose

83 1250 145 1307 clici
160 1257 272 1326 pessit,
292 1257 461 1325 exprimere
482 1247 519 1328 l).
551 1251 644 1323 Quam
669 1244 897 1329 philosophandi
925 1245 1069 1306 rationem
1088 1266 1126 1305 eo
1148 1244 1323 1325 probabilius

83 1345 212 1404 tribuere
233 1345 348 1407 Platoni
370 1345 503 1421 videare,
524 1368 589 1405 cum
609 1346 687 1405 idem
707 1344 897 1417 illeCicero,
915 1343 1013 1422 quiet
1032 1342 1211 1402 Socraticus
1228 1355 1257 1401 et
1265 1342 1324 1401 Pla-

82 1444 197 1502 tonicus
216 1442 318 1502 baberi
338 1444 432 1504 voluit
452 1441 503 1522 2),
524 1445 599 1504 hanc
618 1464 647 1503 sc
665 1464 724 1502 csse
743 1433 924 1524 potissimum
946 1452 1079 1499 secutum
1099 1440 1225 1521 saepius
1243 1437 1324 1521 proli·

83 1553 187 1605 teatur.
209 1540 386 1616 Defendet,
397 1544 456 1617 ait,
468 1545 544 1620 quod
562 1550 682 1616 quisque
693 1548 788 1599 sentit
796 1561 811 1610 ,·
830 1549 904 1597 suat
914 1539 1131 1614 enimjudicia
1143 1539 1264 1596 libere:
1281 1558 1324 1595 uss

85 1645 268 1696 institutum
289 1642 474 1714 tenebimus,
502 1641 676 1714 nulliusque
704 1645 798 1697 unius
822 1637 1002 1715 disciplinae
1019 1636 1144 1715 legibus
1165 1636 1324 1707 adstricti,

85 1739 191 1809 quihus
208 1738 439 1816 inplsilosoplsia
458 1745 625 1796 necessario
639 1757 805 1815 pareamus
815 1735 916 1809 ,quid
925 1741 967 1792 sit
984 1741 1018 1791 in
1040 1751 1166 1812 quaque
1187 1754 1223 1791 re
1238 1738 1323 1791 masi·

81 1855 127 1890 me
132 1836 284 1911 probabile
294 1881 303 1909 ,
322 1857 437 1914 semper
454 1843 643 1910 requiremus
664 1833 705 1914 3).
737 1832 838 1908 Quid?
858 1831 936 1911 quod
955 1830 1103 1890 Socratem
1123 1831 1267 1909 antiqui,
1284 1830 1324 1908 ip-

81 1951 144 1988 sum
163 1930 292 1991 Platonis
311 1935 497 2014 magistrum,
518 1933 606 2010 hujus
630 1932 718 1991 fuisse
739 1930 860 1989 rationis
880 1942 1024 1988 auctorem
1042 1927 1208 1987 dixerunt.
1249 1927 1324 2001 Quod

83 2029 184 2088 Cicero
203 2042 332 2091 testatur.
374 2031 457 2089 Haec
487 2039 520 2088 in
544 2032 734 2110 philosophia
755 2036 837 2086 ratio
865 2038 973 2085 eontra
1002 2033 1107 2085 omniu
1139 2027 1324 2098 disserendi,

81 2127 255 2201 nullamque
265 2149 336 2187 rena
353 2140 456 2207 aperte
475 2130 686 2205 dijudicandi,
701 2129 843 2205 profecta
854 2146 873 2182 e
886 2124 1030 2199 Sacrate,
1048 2131 1193 2201 repetite
1214 2127 1250 2183 ab
1267 2123 1325 2182 Ar-

82 2226 175 2282 cesila
184 2269 193 2299 ‚
212 2227 394 2302 confirmata
414 2247 432 2282 a
445 2226 618 2298 Carneade,
640 2243 731 2298 usque
759 2225 799 2281 ad
807 2233 944 2281 nostram
962 2229 1325 2303 uiguitaetatemcquass

83 2343 164 2378 nunc
182 2325 392 2400 propemodum
408 2326 509 2381 erbam
526 2345 586 2381 esse
604 2330 714 2398 inipso
735 2321 864 2380 Graecia
873 2321 1021 2400 intellige.
1066 2317 1159 2398 Quod
1181 2343 1241 2379 non
1251 2319 1325 2378 Aee-

9 2420 16 2434 '
83 2420 197 2476 demiae
215 2427 306 2494 vitio,
325 2422 376 2478 sed
393 2423 542 2479 tarditate
563 2423 716 2479 bominum
735 2422 872 2480 arbitrer
889 2425 1049 2498 contigisse
1069 2415 1112 2497 4).
1161 2416 1190 2477 E
1209 2439 1266 2497 qua
1281 2416 1325 2476 Ci-

84 2517 196 2576 ceronis
216 2518 378 2593 sententia,
405 2540 462 2597 quo
482 2519 544 2600 ipse
565 2518 628 2577 loco
655 2518 732 2576 banc
759 2514 987 2597 philosophandi
1010 2514 1160 2573 rationem
1181 2515 1324 2587 babuerit,

83 2611 232 2674 efficimus.
274 2615 312 2674 Et
329 2637 398 2675 sane
409 2617 577 2697 principum
597 2616 786 2695 sceptieorum
796 2659 804 2687 ,
814 2613 867 2693 qui
885 2636 944 2675 non
955 2612 1153 2687 dubitarunt,
1166 2625 1201 2672 ut
1219 2610 1324 2685 caeteri,

83 2711 121 2771 de
139 2712 226 2771 rebus
248 2712 402 2787 omnibus,
423 2713 473 2772 sed
490 2715 558 2790 juro
577 2702 639 2773 u’nd
661 2710 716 2772 τοῦ
728 2705 907 2771 σκέπτεσθαι
921 2732 1027 2771 nomen
1046 2708 1226 2769 habuerunt
1240 2709 1323 2787 deque

83 2808 269 2891 philosophia
286 2811 467 2870 excellenter
487 2826 556 2871 sunt
573 2813 684 2888 meriti,
701 2813 805 2872 borum
824 2811 914 2890 igitur
931 2807 1155 2889 disquisitiones
1174 2807 1323 2889 palmarias

81 2928 118 2967 ex
137 2907 191 2966 bac
220 2909 400 2988 potissimum
418 2908 656 2971 Academicorum
677 2912 788 2969 ratione
807 2922 836 2968 ct
864 2907 997 2968 doctrina
1015 2904 1184 2966 fluxerunt.
1205 2904 1238 2986 5)
1246 2900 1324 2991 ¹Quid

82 3005 196 3084 igitur?
216 3006 318 3065 lllisne
340 3028 392 3066 nos
411 3006 595 3087 philosophis
615 3006 869 3068 annumerandum
880 3027 939 3064 esse
958 3003 1108 3063 Platonem
1119 3001 1322 3064 censebimus?

82 3101 227 3180 Equidem
248 3125 308 3162 non
329 3104 502 3164 existimem.

123 3201 196 3259 Nam
206 3200 323 3280 elegans
341 3201 410 3259 haec
428 3201 547 3281 quidem
557 3217 599 3261 est
617 3217 646 3261 et
662 3201 947 3262 bominiliberaliter
965 3197 1323 3263 institutoconvenientie

83 3297 154 3356 sima
173 3296 402 3378 philosophandi
414 3299 495 3358 ratio.
540 3299 765 3377 Philosophiam
781 3323 833 3358 nos
849 3301 1028 3375 adjuvemus
1038 3341 1046 3370 ,
1056 3296 1100 3360 ait
1119 3296 1228 3356 Cicero
1237 3341 1246 3371 ,
1262 3316 1322 3353 nor

7 3388 10 3399 ¹
83 3403 136 3470 qui
153 3403 232 3472 ipsos
251 3398 401 3476 redargui
419 3399 577 3472 refellique
592 3407 765 3476 patiemur.
810 3396 894 3476 Quod
911 3405 937 3454 ii
945 3398 1063 3471 ferunt
1082 3400 1191 3453 anime
1211 3402 1322 3467 iniquo,

82 3517 134 3572 que
155 3503 248 3553 certis
269 3497 448 3572 quidusdam
466 3497 687 3573 destinatisque
698 3503 858 3554 sententiis
873 3501 961 3568 quasi
976 3494 1097 3551 addicti·
1112 3501 1143 3549 et
1160 3496 1323 3552 consecrati

82 3603 172 3666 sunt,
184 3613 272 3666 eaque
283 3602 459 3655 necessitate
468 3602 629 3654 constricti
640 3640 648 3668 ,
661 3605 696 3652 ut
706 3602 799 3652 etiem
810 3638 818 3669 ,
830 3615 906 3671 quae
916 3615 973 3651 non
989 3592 1122 3669 probare
1141 3592 1263 3650 soleant
1270 3635 1279 3664 ,
1294 3608 1323 3647 sa

116 3938 140 4001 ll
160 3942 211 3991 Cic.
230 3942 260 3992 de
273 3941 330 3991 Dio.
348 3939 379 3991 ll.
395 3935 436 3991 72.

113 4023 139 4087 2)
158 4025 195 4075 ld.
214 4027 244 4077 de
262 4027 310 4093 Off.
329 4025 348 4076 l.
364 4026 386 4076 1.

115 4109 141 4174 3)
164 4112 235 4161 Tusc.
255 4114 283 4175 Q.
304 4112 345 4161 lV.
364 4113 388 4162 4.
507 4159 508 4162 ,

112 4192 137 4256 q)
156 4196 194 4246 De
211 4197 269 4248 Nat.
288 4197 363 4246 Deor.
380 4195 398 4245 l.
418 4196 442 4246 5.

115 4276 140 4341 5)
160 4282 217 4331 vid.
235 4282 485 4348 praestantissimum
499 4282 531 4331 du
547 4281 585 4332 his
603 4296 669 4347 opus
680 4280 850 4332 Stiudlini
863 4278 1004 4330 Gesclsiclste
1015 4277 1068 4327 und
1080 4276 1152 4328 Geist
1168 4279 1215 4329 des
1237 4280 1323 4347 saepti

78 4369 175 4416 risurus.
191 4366 260 4432 Lips.
278 4366 353 4418 1794.
