2796 5048
686 214 745 275 526

94 387 193 442 bertas
220 382 273 454 sit,
303 377 444 439 efficitur:
473 379 551 459 quod
580 402 636 461 quo
666 380 752 441 uobis
774 380 957 442 manifestius
982 380 1054 459 tiss,
1085 376 1230 463 manili
1250 389 1295 464 jan

94 499 288 560 comparemus
305 478 458 559 pessimum
477 478 626 539 hominum
635 523 645 556 ‚
666 479 764 541 virum
783 478 979 562 tyrannicum.

248 673 306 734 De
335 682 429 734 aire
458 683 699 754 tyrannica.
752 674 835 755 Qua
865 659 1162 753 ratiorresit?

131 875 183 936 Uti
199 895 214 933 e
233 870 403 932 democratia
422 871 577 952 tyrannis,
598 872 638 931 ita
659 892 674 930 e
694 871 884 933 democratico
912 872 976 932 viro
1005 875 1179 953 tyrannicus
1198 874 1237 937 fit.
1271 876 1299 937 lu

93 975 147 1034 hac
182 984 276 1030 autem
311 968 514 1048 disquisitione
545 968 625 1029 Plato
653 970 826 1051 cupiditates
853 990 912 1029 esse
939 985 1070 1031 accurate
1096 971 1300 1054 distinguendas

92 1073 213 1134 censuit.
253 1071 348 1143 Quum
375 1067 412 1127 de
439 1069 549 1129 ratione
575 1068 783 1149 quaerebatur,
813 1066 1054 1146 quemadmodum
1079 1092 1119 1131 ex
1145 1070 1301 1152 aligaruliies

92 1171 208 1232 homine
233 1166 441 1228 democratieus
472 1167 612 1244 oriretur,
641 1168 674 1227 iu
704 1166 876 1227 necessarias
903 1165 970 1227 illas
998 1182 1026 1228 et
1058 1192 1118 1230 non
1146 1172 1300 1233 necessaris

93 1270 206 1332 divisit:
238 1265 287 1324 hic
316 1279 409 1324 autem
434 1286 494 1324 uon
515 1267 687 1328 necessarias
708 1266 741 1327 in
766 1256 973 1345 παρανόμους,
998 1288 1072 1346 quae
1099 1285 1221 1349 possunt
1234 1270 1300 1331 coii-

90 1369 165 1443 ceri,
196 1379 224 1425 et
241 1357 451 1444 ἰσχυροτέρας,
475 1367 723 1442 vehementiores,
753 1367 918 1448 distinguit.
966 1366 1207 1429 vehementiores
1232 1368 1300 1429 hasar

90 1466 161 1527 tales
190 1488 249 1527 esse
278 1467 400 1526 maxime
429 1465 521 1538 dicit,
551 1463 650 1543 quales
669 1465 702 1525 iu
721 1466 829 1526 somnis
849 1463 975 1525 subinde
996 1465 1183 1541 excitantur,
1202 1465 1302 1547 quanda

90 1565 201 1646 reliqua
226 1586 292 1646 pars
321 1565 429 1639 animi,
450 1584 523 1642 quae
551 1563 672 1623 rationis
699 1578 740 1624 est
765 1562 909 1645 particeps
930 1584 963 1623 ac
981 1576 1132 1624 mansueta
1151 1564 1303 1644 obtinetque

89 1665 306 1745 principatum,
335 1662 530 1738 obdormivit3
560 1661 614 1721 illa
641 1675 755 1737 autem,
783 1682 858 1742 quae
881 1663 1014 1722 inmanis
1039 1675 1082 1721 est
1107 1683 1144 1722 ae
1170 1663 1248 1739 fera,
1266 1662 1302 1723 vd

90 1763 162 1824 vino
181 1763 229 1824 rel
247 1762 313 1822 cibo
331 1761 460 1842 repleta,
478 1758 606 1841 trepidat
622 1759 778 1839 abactoque
797 1781 895 1820 somno
914 1759 1028 1840 longius
1048 1761 1207 1842 procedere
1223 1759 1302 1823 studet
1343 1748 1345 1785 ³

88 1882 195 1939 suoque
214 1861 333 1941 ingenio
353 1861 534 1935 satisfacere,
565 1872 627 1918 tum
648 1879 715 1921 vero
732 1858 803 1917 haec
821 1859 866 1918 nil
885 1880 945 1945 non
963 1858 1058 1918 facere
1076 1860 1213 1921 sustinet.
1251 1861 1300 1921 Ou-

89 1960 137 2019 uia
166 1958 236 2018 huic
262 1959 323 2019 visa
352 1958 546 2037 objiciuntur,
568 1970 662 2017 mente
689 1977 722 2016 ac
749 1957 860 2017 ratione
887 1978 995 2032 uacua,
1017 1971 1050 2017 ut
1073 1972 1215 2019 anteum
1230 1971 1301 2019 maus

87 2078 191 2138 corpus
210 2057 326 2116 miscere
341 2056 489 2131 videatur,
509 2069 560 2115 aut
577 2076 642 2114 cum
663 2057 765 2134 quovis
789 2056 847 2116 alio
866 2056 914 2117 vel
931 2055 1047 2117 homine
1068 2056 1120 2119 vel
1141 2055 1218 2134 deo,
1233 2077 1299 2137 saepe

86 2155 202 2217 bellue:
223 2170 307 2235 atque
327 2157 411 2215 etiam
430 2154 575 2215 trucidare
593 2154 718 2231 aliquem
729 2168 758 2214 et
766 2154 854 2235 impie
864 2169 1014 2215 cruentare
1024 2199 1033 2230 ,
1053 2154 1210 2236 multaque
1223 2156 1295 2215 farm
1340 2138 1345 2153 ¹

85 2255 196 2335 impure
224 2267 309 2332 atque
338 2268 409 2313 tetre
429 2274 495 2312 cum
518 2253 777 2332 temeritatemque
797 2252 988 2334 impudentia.
1028 2255 1112 2314 Patet
1131 2253 1300 2334 hinc,quau

86 2353 349 2429 vehemens,quam
360 2352 484 2410 immane
494 2371 599 2429 ,quam
617 2349 714 2411 dirum
722 2350 914 2431 cupiditatum
933 2372 1022 2432 genus
1036 2351 1155 2412 homini
1176 2354 1262 2413 insit:
1278 2351 1304 2413 id

85 2451 210 2511 maxime
227 2448 535 2524 animadvertendum,
555 2449 606 2507 ubi
625 2464 719 2509 ortum
734 2451 878 2530 tyrannici
888 2451 946 2511 viri
956 2450 1185 2513 consideramus.
1212 2452 1303 2531 uFinqs
1331 2454 1334 2461 '

80 2551 240 2628 *juvenem
263 2549 446 2611 democratici
466 2549 522 2608 viri
544 2547 656 2623 filium,
677 2548 809 2607 similiter
835 2562 920 2628 atque
947 2530 1046 2630 ipsius·
1061 2563 1197 2630 patrem,
1217 2550 1302 2611 multi

84 2650 229 2730 uariisque
249 2647 463 2731 cupiditatibus·
478 2647 632 2728 agitatum:
653 2648 779 2728 primum
794 2646 914 2726 ¹quidem
931 2648 963 2707 in
982 2668 1081 2707 omues
1094 2663 1195 2729 partes
1214 2648 1302 2709 distre·

83 2748 185 2808 betur:
217 2747 324 2808 deinde
351 2767 437 2822 vero,
468 2767 556 2825 quum
582 2744 749 2826 tyrannidis
777 2745 904 2807 fautores
930 2745 1145 2806 adolescentem
1169 2747 1302 2807 existima·

84 2849 181 2909 verint
207 2870 265 2909 non
294 2846 351 2905 alia
376 2867 458 2926 posse
485 2845 596 2927 ratione
618 2840 788 2919 contineri,
821 2866 962 2904 anserem.
978 2844 1004 2903 ei
1032 2832 1181 2924 queirdem
1213 2844 1301 2905 indere
1339 2874 1343 2887 ·

83 2947 236 3023 nituntur,
265 2937 434 3028 προστάτην
463 2943 524 3006 τῶν
553 2938 653 3027 α’ργῶν
680 2939 729 3002 καὶ
757 2937 795 3005 τοὶ
821 2939 926 3022 ἕτοιμα
952 2937 1174 3022 διανεμομένων
1205 2941 1302 3007 esee

81 3043 174 3122 perois·
200 3045 229 3127 l)
243 3049 414 3126 praesidem
440 3056 599 3107 otiosorum
625 3055 715 3123 etque
745 3047 900 3106 libidinem
928 3048 979 3104 iili
1007 3051 1301 3107 subministrantium

81 3148 306 3207 desideriamam.
348 3145 407 3204 Ubi
436 3167 504 3207 vero
534 3157 711 3211 susurrantes
736 3147 813 3205 circa
839 3146 933 3228 ipsum
950 3143 1136 3231 ¹cupiditates
1164 3160 1299 3219 caeterae,

81 3247 202 3306 refertae
231 3244 353 3318 nidore,
382 3245 554 3324 unguentis,
585 3244 697 3303 coronis
723 3265 756 3303 ac
780 3264 875 3318 mero,
897 3257 1041 3323 coaugent.
1062 3243 1207 3323 aluntque
1234 3244 1301 3305 desi-

80 3343 193 3404 derium
223 3341 319 3418 illud,
349 3356 410 3402 tum
434 3345 493 3421 jam
520 3342 568 3401 hic
595 3342 685 3401 animi
714 3363 826 3422 praeses
855 3343 929 3402 furit
957 3341 1075 3401 omnino
1106 3341 1300 3421 dementiaque

82 3444 193 3517 fervet,
222 3463 255 3501 ac
285 3443 406 3523 stipatus
433 3440 503 3501 iude
529 3439 702 3501 satellitibus
717 3434 901 3520 ”stimuloque
929 3435 1074 3521 percitus,
1094 3442 1121 3500 si
1142 3463 1215 3521 quas
1233 3443 1300 3510 intra

79 3560 109 3599 se
140 3541 265 3621 frugales
289 3556 316 3602 et
345 3539 527 3601 verecundas
544 3540 696 3620 opiniones
719 3540 946 3621 cupiditatesque
975 3537 1147 3615 offenderit,
1176 3540 1300 3620 protinus

81 3640 222 3719 exstirpat
239 3640 432 3720 expellitque,
455 3639 547 3699 donec
572 3640 789 3718 temperantiam
816 3648 927 3698 omnem
955 3637 1050 3696 auimo
1077 3639 1199 3715 ejecerit·
1225 3657 1299 3717 seque

81 3759 155 3798 nova
184 3739 295 3797 insania
322 3738 488 3819 repleverit.
529 3738 612 3796 Hanc
634 3737 671 3797 ob
700 3759 826 3797 caussam
855 3759 932 3797 amor
949 3747 1103 3815 tyrannus
1123 3735 1224 3797 dictus
1240 3736 1299 3796 olim

79 3850 130 3898 est.
144 3862 158 3894 u
183 3834 216 3915 2)

117 3936 153 3995 Iu
174 3936 220 3995 his
241 3935 343 4010 Plato,
364 3935 405 3994 uti
426 3934 589 4009 cernimus,
609 3935 663 3994 iter
683 3934 808 3994 hominis
827 3932 864 3995 ad
875 3934 946 3994 vitia
956 3952 1126 4011 omnemque
1134 3934 1298 4014 pravitatem

113 4257 141 4322 l)
162 4256 252 4309 Cicero
274 4259 303 4308 de
326 4257 387 4326 Rep.
407 4255 438 4308 ll.
465 4257 482 4307 ll
507 4257 552 4308 has
571 4258 701 4325 respexit,
720 4266 855 4308 sumtuosas
878 4266 901 4308 et
920 4257 1052 4308 desidiosas
1068 4254 1202 4308 illecebras
1226 4257 1292 4324 cupi-

74 4345 178 4395 ditatum
192 4359 346 4395 memorans.
380 4342 417 4393 lte
436 4358 467 4393 err
480 4341 552 4393 fonte
569 4343 795 4410 interpretandus,
816 4344 860 4410 qui
875 4342 1010 4394 Plutonem
1027 4357 1133 4408 semper
1150 4341 1281 4411 cogitabat.

111 4425 137 4492 2)
155 4429 192 4479 lle
205 4429 265 4495 resp.
280 4429 321 4478 lx.
342 4428 399 4478 571.
418 4427 440 4478 Α
458 4454 491 4464 -
509 4426 567 4479 573.
583 4428 612 4481 Β.
