2796 5048
1160 146 1178 193 o

630 256 686 316 371

58 429 177 478 aarum
188 416 274 477 Dour
293 427 336 476 rit
355 417 526 497 auctoml)
567 419 701 499 Ineptum
721 416 771 492 id,
794 420 905 494 fateor,
927 422 981 496 sit,
1007 411 1037 481 ¹et
1057 443 1125 483 vero
1143 420 1198 502 ipsi
1218 422 1303 500 Pla-¹

58 517 121 577 ouis
139 515 289 575 doctrinae
306 531 466 598 repugnet,
486 515 629 594 siquidem
649 516 689 574 sic
718 516 896 596 accipiatur,
916 532 947 577 ut
976 520 1022 579 his
1043 519 1140 581 verbis
1157 520 1283 586 enunci-

58 629 110 675 tur
129 613 212 688 illic,
235 635 328 694 neque
347 636 383 674 ex
403 616 556 676 universae
580 614 739 672 sententiae
768 615 898 692 ratione,
921 631 1043 697 apteque
1062 616 1128 676 idea
1147 641 1163 678 a
1183 637 1282 697 παρα-

58 708 184 793 alypon
205 712 363 787 distincta,
395 712 568 776 declaretur.
611 708 850 792 Παραδιίγματα
871 714 982 774 scilicet
1008 737 1040 775 eo
1061 715 1123 780 loco
1144 718 1286 797 spectarit

58 814 148 888 hato,
168 825 248 891 quae
263 832 315 870 nos
346 833 448 871 vocare
477 814 593 870 idealia
620 812 761 888 solemus,
792 836 852 873 non
869 816 954 871 iduor
981 813 1097 892 proprie
1117 816 1158 873 sic
1179 814 1282 875 dietas.
1321 862 1327 875 ,

58 914 86 973 le
107 908 270 993 pictoribus
288 930 381 989 sermo
400 924 459 984 est,
481 911 531 989 qui
542 956 551 985 ,
571 924 713 989 quantum
733 933 749 970 a
779 913 899 971 veritate
919 909 1037 984 absint,
1057 911 1128 969 hinc
1148 910 1285 986 docetur,

58 1008 126 1091 prod
144 1028 206 1066 rem
224 1030 241 1066 a
261 1005 353 1065 fabris
382 1009 488 1067 factam
498 1054 507 1083 ,
535 1009 628 1069 veluti
648 1008 755 1067 lectum
776 1008 824 1070 vel
850 1029 994 1081 mensam,
1015 1009 1186 1083 imitantur,
1208 1008 1285 1067 fabri

58 1120 143 1167 ‚utem
162 1106 195 1164 in
213 1105 261 1164 his
280 1105 459 1165 fabricandis
469 1107 607 1167 divinum
623 1126 738 1165 mensae
757 1127 791 1165 ac
810 1107 878 1166 lecti
897 1104 1065 1186 exemplum
1081 1119 1283 1186 respexerunt:

58 1204 129 1265 inde
149 1203 234 1262 tertio
244 1202 312 1261 illos
330 1202 393 1262 loco
411 1225 427 1262 a
446 1205 568 1265 veritate
588 1204 684 1262 abesse
705 1202 839 1264 efficitur.
882 1205 920 1266 Et
937 1205 977 1263 sic
996 1203 1114 1281 quidem
1129 1202 1287 1262 nobissen·

57 1302 170 1362 entiam
187 1301 270 1359 illius
287 1300 351 1360 loco
369 1301 647 1382 interpretantibus,
675 1303 772 1361 minus
800 1302 853 1361 illa
870 1303 971 1382 inepta
989 1300 1038 1361 vel
1059 1299 1185 1359 absurda
1205 1297 1287 1360 vide·

58 1420 105 1461 ur.
148 1398 207 1458 Sed
225 1399 336 1467 instant
355 1400 413 1458 isti.
436 1399 503 1461 Sive
523 1400 654 1459 idearum
674 1400 737 1458 illic
748 1444 757 1474 ,
776 1400 932 1478 inquiunt,
955 1402 1018 1460 sive
1037 1389 1288 1480 παραδειγμάτων

58 1498 111 1559 ive
130 1495 270 1556 idealium
289 1497 397 1555 mentio
417 1497 468 1572 fit,
487 1518 583 1556 rerum
601 1500 720 1557 istarum
739 1511 840 1556 auctor
859 1498 937 1555 Deus
955 1497 1082 1558 dicitur:
1103 1520 1161 1579 quo
1180 1498 1225 1558 nil
1246 1513 1290 1558 est

58 1593 216 1655 drsurdins.
258 1595 427 1670 Cernimus,
447 1617 534 1674 quam
552 1596 638 1654 facile
658 1597 718 1677 ipse
737 1617 790 1655 nos
808 1595 911 1670 Plato,
933 1597 989 1654 nisi
1001 1597 1217 1678 philosophiam
1228 1598 1290 1675 ejus

58 1692 223 1753 rtinterius
240 1693 472 1772 perspexerimus
491 1707 554 1751 ete
582 1679 694 1773 poetica
713 1690 833 1752 dicendi
862 1694 973 1751 ratione
994 1694 1236 1775 explicuerimus,
1257 1695 1289 1752 iu
1377 1731 1378 1734 =

58 1811 175 1851 errorem
192 1791 283 1871 possit
301 1789 416 1851 ducere.
458 1793 530 1850 Nam
549 1792 643 1850 lacere
663 1790 762 1864 ideas,
792 1791 925 1870 ineptum
956 1805 1015 1850 est:
1046 1791 1125 1871 quod
1154 1793 1216 1872 ipse
1247 1791 1288 1849 ait

58 1887 153 1949 eodem
180 1887 260 1946 loco:
289 1882 326 1948 οὐ
350 1883 408 1973 γάρ
430 1911 488 1950 που
524 1872 632 1970 τήιῖγε
664 1882 748 1949 ἰδέαν
779 1880 872 1966 acircio
901 1887 1080 1971 δημιουργεῖ
1106 1883 1204 1962 οὐδεὶς
1230 1887 1291 1949 τῶν

58 1986 254 2069 Ιημιουργῶν.
278 1989 310 2072 2)
360 1993 418 2051 Nec
447 2014 516 2054 vero
553 1991 659 2052 idealia
699 1992 795 2049 facere
833 1991 928 2068 aptius
965 1989 1089 2050 dicatur.
1138 1990 1194 2049 Ille
1224 2010 1293 2051 vero

58 2090 148 2151 neum
167 2085 265 2165 dixit,
284 2110 373 2168 quum
392 2089 529 2149 conderet
548 2089 708 2165 mundum,
728 2086 833 2148 mundi
861 2088 1013 2166 cujusdam
1044 2090 1165 2169 perfecti
1191 2080 1294 2168 παρά-

58 2186 163 2268 δειγμα
194 2188 285 2246 menti
311 2186 446 2246 hahuisse
476 2190 672 2269 propositum,
704 2186 741 2245 ad
762 2187 845 2264 cuius
865 2185 985 2245 formam
1017 2185 1166 2267 effingeret
1186 2189 1293 2248 omnia,

58 2288 90 2351 ld
110 2286 245 2347 similiter
262 2307 315 2344 nos
335 2282 372 2342 dc
391 2283 526 2343 humanis
544 2284 635 2343 fabris
654 2300 682 2344 et
696 2283 857 2344 artificibus
877 2306 1064 2366 usurpamus:
1088 2287 1240 2367 usurpavit
1257 2285 1294 2346 de

58 2386 162 2449 Phidia
180 2386 297 2459 Cicero,
330 2403 383 2442 nec
401 2396 498 2441 tamen
526 2384 677 2460 quisquam
708 2383 849 2441 artificem
870 2386 982 2456 forero
1003 2383 1085 2443 ideas
1111 2384 1168 2444 vel·
1184 2384 1294 2444 idealia

58 2485 176 2547 dixerit.
217 2483 331 2542 Politice
348 2495 442 2540 autem
462 2480 543 2540 Plato
563 2480 700 2540 divinum
719 2472 908 2561 παράδειγμα
929 2482 1107 2541 continuisse
1118 2483 1216 2541 omnia
1226 2503 1296 2563 per-

58 2583 133 2645 uera
152 2582 247 2663 specie
278 2579 385 2654 finxit,
414 2600 487 2658 quae
512 2577 717 2659 complexurus
746 2579 904 2659 aliquando
932 2578 1139 2659 adspectabilis
1168 2579 1296 2638 mundus

58 2683 143 2743 [oret.
165 2679 275 2739 Verum
296 2678 374 2736 enim
403 2698 471 2738 vcro
500 2699 560 2736 non
588 2677 782 2756 argutandum
805 2677 889 2736 nobis
909 2676 946 2736 de
966 2676 1013 2734 his
1034 2690 1093 2750 cst,
1124 2689 1156 2735 ut
1176 2677 1296 2735 fuerunt

58 2780 122 2861 qui-
138 2778 267 2836 facerent
295 2789 480 2853 quaerentes,
506 2775 599 2854 ipsine
626 2776 685 2834 Deo
705 2774 784 2854 apud
813 2775 962 2834 Platonem
993 2773 1075 2833 ideae
1104 2773 1152 2833 vel
1184 2774 1294 2833 formae

58 2896 153 2939 rerum
174 2887 370 2956 praestarent,
391 2874 499 2954 quippe
517 2895 587 2951 quas
605 2874 682 2931 Deus
693 2874 818 2932 intuitus
836 2871 971 2951 fingatur.
1013 2872 1103 2945 Quasi
1114 2870 1297 2931 scilicetide·

58 2997 90 3037 re
108 2974 159 3036 vel
178 2974 286 3032 formae
305 2993 421 3047 rerum,
440 2992 511 3050 quas
539 2992 618 3029 mens
646 2971 794 3050 concipit,
813 2992 874 3028 non
896 2982 1026 3028 amente
1055 2966 1297 3049 distinguendae,

58 3071 297 3152 redseparandae
309 3082 403 3128 essent
412 3089 541 3150 prorsus:
564 3068 714 3146 autquasi
735 3058 805 3127 haec
827 3069 923 3127 omnia
945 3080 1039 3126 essent
1059 3065 1098 3125 ad
1125 3065 1298 3125 dialecticae

58 3170 136 3251 leges
155 3167 299 3248 exigenda
317 3181 401 3246 atque
422 3189 438 3226 a
459 3166 678 3227 dialecticorum
698 3167 893 3247 captiunculis
911 3164 1102 3226 vindicanda.

98 3268 212 3339 Verum
233 3280 265 3324 ut
284 3266 338 3325 hae
357 3263 497 3326 videntur
515 3285 629 3324 caussae
659 3266 946 3345 opportunitatesque
964 3263 1053 3321 fuisse
1064 3308 1072 3336 ,
1093 3262 1200 3341 quihus
1219 3261 1298 3319 acci-

58 3364 164 3439 deret,
183 3376 215 3422 ut
234 3363 391 3422 multorum
412 3364 445 3422 in
466 3362 719 3443 reprehensionem
735 3361 869 3421 doctrina
890 3361 927 3420 de
947 3359 1022 3418 ideis
1035 3359 1184 3419 Platonica
1195 3358 1299 3414 incur-

58 3474 137 3523 reret
148 3507 159 3536 ,
172 3462 212 3521 ita
232 3463 417 3544 praecipuam
436 3462 566 3519 omnium
596 3481 847 3519 commemoremus
866 3458 994 3517 tandem.
1037 3458 1088 3515 Est
1107 3455 1160 3513 illa
1180 3474 1241 3512 non
1261 3452 1299 3511 ab

59 3563 258 3640 interpretum
277 3560 378 3635 vitiis,
407 3559 458 3618 sed
488 3557 524 3616 ab
546 3559 638 3637 ipsius
665 3558 795 3619 Platonis
825 3557 886 3615 sive
907 3554 1029 3614 audacia
1061 3555 1121 3614 sive
1142 3552 1301 3610 temeritate

58 3658 231 3741 repetenda.
274 3660 328 3719 Dei
349 3659 441 3718 instar
461 3654 654 3738 philosophus
675 3677 771 3714 rerum
791 3655 983 3714 humanarum
994 3655 1129 3753 perlectq
1139 3647 1303 3731 παραδείγ-

58 3779 147 3838 ματα
169 3774 197 3819 et
217 3772 312 3818 mente
333 3756 468 3836 concepit
497 3769 524 3813 et
544 3774 596 3811 nos
616 3754 703 3833 jussit
721 3751 759 3811 ad
788 3774 886 3812 eorum
906 3751 1113 3832 perfectionem
1132 3773 1177 3811 res
1192 3765 1303 3813 nostras

58 3877 247 3939 componere.
276 3857 358 3930 Hoc,
379 3855 403 3914 si
424 3852 507 3933 quid,
529 3853 625 3912 audax
647 3852 793 3932 negotium
809 3852 867 3909 fuit
888 3863 916 3910 et
933 3851 999 3929 jure
1020 3849 1303 3931 reprehendendum.

97 4137 130 4204 1)
151 4137 190 4189 lto
207 4139 272 4206 step.
286 4135 318 4187 X.
331 4133 389 4187 596.
409 4133 456 4185 Gt.
475 4133 552 4184 latria
565 4148 593 4198 p.
613 4128 672 4181 328,

96 4223 131 4288 2)
151 4223 215 4277 Eoo.
234 4220 291 4273 596.
316 4220 345 4270 B.
