2774 5048
571 228 574 233 ’
623 246 676 303 131

72 416 113 477 est,
128 424 174 463 nuc
196 402 316 483 aequale
336 417 446 479 tantum
457 450 466 477 ‚
486 404 564 483 quod
587 427 666 465 nunc
689 408 773 465 unice
798 406 945 483 diximus,
965 408 1016 467 sed
1039 410 1132 487 ipsum
1151 412 1257 490 pu‘riter

72 501 221 582 etpulcrum
235 514 265 561 et
279 500 388 561 bonum
407 516 435 561 et
444 505 555 581 justum
573 518 600 562 et
619 516 763 579 sanctum,
795 504 914 579 omnino
938 504 1080 585 quidquid
1098 507 1257 589 perfectum

70 618 196 679 rerumque
213 612 275 673 eat,
294 600 398 678 cuique
416 601 529 681 signum
549 603 610 679 ejus
620 601 724 680 „quod
743 612 805 687 eet,
824 604 904 679 quasi
924 604 1121 685 imprimimus.
1147 605 1257 665 Horum

69 698 270 787 nescientiam
298 699 466 773 amisimus,
494 720 583 779 quum
611 701 643 759 in
672 700 746 759 hane
776 698 991 779 procederemus
1010 702 1114 781 uitam:
1146 698 1213 761 Μ
1221 702 1257 759 ui

68 796 274 869 utiuuissemus,
303 796 439 855 sciremus
468 816 546 856 nune
558 842 567 870 ‚
595 817 654 856 non
677 798 879 877 opinaremur,
900 818 958 856 non
977 796 1158 873 falleremur,
1186 821 1257 879 quae

68 913 124 953 rure
142 892 272 951 conditio
296 907 390 952 nostra
417 907 467 953 est.
508 894 697 968 Quamobrem
717 893 815 954 danda
837 894 920 953 nobis
944 910 1108 974 operaest,
1130 911 1179 973 nt,
1201 920 1257 976 quo

69 992 214 1070 rogitemus,
230 989 412 1067 judicemus,
439 992 642 1049 ratiocinemur
664 992 784 1065 melius,
804 993 929 1073 perfecta
951 992 1001 1051 illa
1023 1008 1050 1052 et
1079 1015 1165 1070 vera²
1185 1017 1256 1074 quae

70 1086 138 1149 dicere
155 1082 193 1148 τα“
217 1080 289 1147 ὄντα
307 1087 589 1171 licet,quippequae
608 1104 689 1157 sunt,
709 1109 767 1148 non
787 1088 942 1163 ridentur,
958 1090 1144 1171 haecigitur,
1162 1091 1258 1171 quoad

70 1189 110 1265 ejus
124 1189 183 1249 heri
211 1190 319 1271 possit,
349 1200 590 1267 repraesentemus
614 1188 727 1246 animo:
759 1184 791 1246 id
811 1186 888 1245 enim
907 1186 1016 1246 discere
1035 1203 1093 1247 est:
1123 1210 1190 1247 nam
1217 1190 1257 1249 sic
1318 1230 1321 1237 -

70 1288 130 1345 unice
155 1286 223 1346 licet
252 1286 289 1345 ad
319 1305 413 1344 rerum
442 1286 590 1345 scientiam
616 1285 777 1365 pervenire.
824 1283 938 1360 Verbo,
955 1289 1123 1363 ¹reeordari
1150 1300 1258 1368 oportet

70 1381 204 1444 hominem:
227 1405 294 1442 nam
313 1384 353 1443 sic
374 1382 490 1442 demum
509 1396 537 1441 et
554 1382 664 1442 discere
683 1397 711 1441 et
731 1402 829 1441 verum
850 1382 950 1442 ridere
968 1397 996 1442 et
1013 1385 1184 1465 pristinam,
1202 1406 1258 1463 qua

70 1479 171 1543 luituri
191 1503 287 1541 sumus
298 1527 307 1556 ‚
327 1480 494 1539 felicitatem
514 1500 680 1561 recuperare
700 1500 855 1560 possumus.

82 1576 242 1654 'lbhomet‚
263 1582 372 1653 fateor,
392 1578 445 1635 hoc
465 1576 602 1657 placitum
618 1577 765 1652 Platonis,
787 1592 819 1637 ut
836 1580 921 1637 modo
938 1579 1002 1637 dixi
1012 1626 1021 1653 ,
1042 1601 1058 1637 a
1081 1593 1177 1640 nostra
1195 1578 1258 1659 phi-

69 1672 212 1756 losophandi
242 1679 371 1755 ratione,
400 1690 502 1752 atque,
534 1690 564 1733 ut
585 1660 668 1734 [lucta
689 1698 728 1735 eu
745 1667 839 1757 rechap
860 1676 913 1736 illo
928 1677 965 1735 de
984 1678 1073 1735 urrinri
1094 1676 1258 1736 conditione

69 1774 163 1851 pristina
180 1790 240 1849 est,
263 1778 302 1834 ita
316 1780 430 1855 poeseos
447 1773 553 1832 habere
567 1776 669 1853 inagis,
690 1798 774 1854 quam
791 1776 1004 1857 philosophiae,
1025 1775 1147 1835 colorem
1163 1775 1259 1835 videa·

69 1881 107 1932 tur.
140 1873 195 1933 Sed
215 1873 324 1955 hahent
348 1877 446 1952 poetae
470 1872 559 1930 multa
570 1916 579 1946 ,
611 1886 641 1930 ut
660 1874 720 1953 ipsc
738 1874 944 1933 animadvertit
960 1873 1059 1947 Plato,
1079 1893 1168 1951 quae,
1192 1894 1258 1952 qua·

55 1966 195 2051 ‚lhcunque
215 1972 351 2045 tandem,
372 1971 521 2031 veritatem
540 1983 636 2029 tamen
654 1973 832 2033 contineant.
854 1968 940 2032 Θεῖον
960 1962 1015 2050 δή,
1037 1968 1095 2049 ait,
1117 1965 1153 2029 ad
1175 1991 1260 2050 ποιη-

69 2063 124 2129 ttuh
143 2065 176 2131 dr
196 2064 278 2150 γένος
297 2062 454 2152 ὐμνῳδοοῖν
474 2068 590 2127 πολλῶν
609 2066 670 2128 τῶν
690 2060 753 2129 κατ’
773 2065 917 2153 ἀλήθειαν
937 2066 1111 2153 γαοόμὲοων
1130 2065 1260 2143 ‘fiderem

69 2166 153 2255 Χᾶριοι
176 2171 227 2234 καὶ
251 2164 391 2244 Μούσαις
416 2164 577 2250 ἐφάπτοται
604 2163 746 2233 ἑκάστοτε.
772 2173 800 2254 l)
834 2175 918 2249 Quod
945 2176 976 2233 in
1002 2174 1055 2232 hoc
1084 2194 1152 2232 sane
1171 2174 1260 2254 ipsius

69 2270 178 2349 placitum
207 2274 347 2354 quadrare
368 2273 483 2334 videtur
501 2274 633 2333 inanime.
663 2274 736 2333 Nam
754 2276 815 2335 sive
835 2275 944 2354 poetice
964 2274 1024 2332 sive
1044 2270 1259 2352 philosophice,

69 2385 171 2433 naturam
186 2387 262 2433 certe
281 2356 405 2431 hominis
425 2369 584 2430 declararit
601 2392 633 2429 eo
654 2372 857 2453 philosophus:
879 2393 938 2431 non
953 2391 1011 2428 esse
1027 2370 1115 2450 ipsius
1133 2370 1260 2429 animum

68 2485 102 2545 per
120 2492 145 2529 se
173 2490 314 2540 vacuum,
344 2470 424 2548 quasi
453 2469 580 2541 scilieet,
610 2470 754 2547 quidquid
783 2469 918 2542 haberet,
941 2469 971 2527 id
995 2469 1120 2547 corporis
1144 2466 1261 2527 deberet

68 2568 187 2629 unibus:
209 2569 250 2629 sic
274 2568 351 2625 enim
374 2567 397 2625 si
416 2588 459 2624 res
480 2587 508 2624 se
529 2566 666 2640 haberet,
687 2589 747 2626 non
763 2568 804 2625 ita
822 2581 887 2647 apte
913 2587 1034 2643 vereque
1052 2563 1090 2623 ad
1104 2567 1260 2645 propositas

68 2660 278 2749 interrogationes
303 2685 369 2723 cum
397 2674 510 2723 sertum
540 2665 572 2722 in
601 2634 744 2739 Menbne,
765 2679 825 2723 tum
850 2667 881 2722 in
907 2664 1059 2721 Theaeteto
1079 2682 1199 2741 puerum
1213 2684 1260 2749 re-

64 2764 182 2841 ‚madere
208 2765 351 2846 potuisse,
374 2762 424 2821 sed
448 2763 575 2821 animum
603 2778 749 2838 nostrum,
779 2764 836 2822 acsi
866 2761 991 2820 nutritus
1009 2761 1108 2817 fuisset
1126 2773 1208 2818 antea
1227 2781 1259 2818 ac

68 2860 136 2923 ueluti
151 2877 249 2945 pastus
273 2863 305 2921 in
325 2861 452 2920 veritatis
466 2882 584 2939 campo,
605 2881 637 2919 eo
652 2882 731 2919 nunc
746 2881 804 2919 esse
819 2861 934 2939 vigore,
953 2880 983 2915 ea
1005 2856 1135 2916 discendi
1154 2878 1261 2935 cogno-

67 2960 197 3041 undique
222 2957 376 3032 facultate,
405 2971 456 3033 ut,
486 2958 648 3017 admonitus
676 2958 795 3018 aliunde
823 2971 851 3016 et
881 2954 1036 3031 excitatus,
1067 2956 1127 3035 ipse
1153 2976 1204 3034 per
1231 2976 1259 3013 se

68 3056 156 3118 irritati
174 3056 296 3117 studeat.
318 3057 414 3136 Ipsum
429 3055 500 3114 adeo
509 3056 648 3137 placitum
657 3058 697 3116 ita
712 3071 829 3116 natmue
843 3055 974 3134 congruit
988 3053 1090 3111 mentis
1106 3053 1259 3126 humanae,

68 3156 136 3215 rtiu
159 3152 367 3215 recentioribus
397 3154 505 3212 fuerint
534 3153 706 3231 Platonicis,
743 3155 792 3233 qui
826 3155 949 3211 Homero
980 3152 1056 3211 illud
1083 3151 1258 3223 tribuerent,

69 3253 124 3328 tpud
140 3274 223 3332 quem
248 3251 380 3310 Phemius
400 3252 432 3309 in
451 3250 578 3331 Odyssea
596 3252 665 3311 haec
684 3252 783 3311 dicens
801 3251 967 3310 inducitur:

215 3345 426 3422 αὐτοδίδακτος
451 3343 480 3408 δ’
504 3347 576 3426 εἰμι’·
600 3345 676 3423 θοός
697 3343 733 3410 δέ
752 3372 803 3428 μοι
825 3346 857 3407 ἐν
877 3346 980 3429 φρεσὶν
1000 3343 1086 3424 οἷζαας
1119 3358 1155 3421 ⁸¹

214 3449 352 3526 παντοίας
373 3447 517 3532 ἐνέφυσεν.
540 3449 571 3529 2)
1186 3444 1191 3454 ’

73 3551 190 3616 laetorum
207 3556 245 3617 dc
262 3556 385 3637 pristina
412 3554 463 3612 illa
484 3555 544 3615 vita
567 3575 636 3612 num
664 3552 720 3610 sibi
748 3554 919 3633 persuaserit
941 3551 1040 3626 Plato,
1069 3549 1158 3607 nolim
1182 3549 1256 3607 diri-

73 3666 138 3710 uere:
158 3654 259 3735 quodsi
279 3653 348 3710 haec
368 3651 454 3710 finxit
473 3652 568 3709 omnia
588 3650 704 3729 ingenio
725 3663 756 3708 ut
774 3649 901 3727 fabulam
916 3649 1081 3721 sublimem,
1100 3669 1257 3707 asseverare

74 3751 176 3823 equidem
195 3763 254 3810 non
275 3748 394 3823 dubito,
415 3749 521 3828 fingere
542 3769 605 3806 eum
624 3746 701 3804 haud
724 3746 810 3807 facilc
834 3745 989 3826 quidquam
1009 3747 1151 3826 potuisse,
1180 3746 1257 3823 quod

75 3850 178 3925 uptius
205 3849 373 3909 conveniret
399 3830 541 3929 praesenti
569 3846 672 3903 mentis
701 3845 880 3920 conditioni,
913 3858 940 3903 et
967 3846 1112 3918 nativam,
1142 3846 1257 3903 insitam

75 3938 133 4001 uobis
156 3948 215 4007 veri
243 3947 430 4026 cupiditatem
461 3943 705 4023 cognoscendique
725 3943 887 4002 facultatem
908 3940 1065 4002 declararet
1084 3940 1255 4001 evidentius.

74 4031 147 4118 Quod,
166 4066 221 4124 quo
241 4043 409 4123 diligentius
433 4028 493 4120 ejus
516 4043 620 4121 scripta
640 4040 860 4120 perlustramus,
882 4063 914 4099 eo
934 4038 1139 4099 admirabimur
1159 4042 1254 4118 magis.

70 4208 294 4245 Χ-ὲ

85 4342 94 4391 l
121 4355 160 4411 De
177 4358 247 4425 Leqq.
264 4352 306 4405 ΠΙ.
323 4352 382 4405 682.
399 4353 430 4404 Α.

79 4430 101 4495 2)
122 4453 205 4517 aaa.
223 4466 253 4520 7.-
274 4446 331 4497 au.
352 4448 408 4497 vra.
430 4446 493 4496 arax.
513 4445 570 4510 τοι.
588 4445 650 4495 aas.
667 4444 729 4495 xvi.
748 4443 775 4509 α.
792 4460 815 4510 ρ.
831 4440 887 4493 aas.
911 4440 1008 4503 nessi.)
1028 4440 1112 4507 nune
1128 4440 1209 4508 intpp.

1085 4537 1119 4594 9.
