2796 5048
670 242 729 305 sto

79 411 227 473 Platonem
247 410 285 472 ad
303 422 422 471 naturae
439 411 499 472 vim
511 424 542 477 ,et
561 410 792 492 pulcritudinem
807 408 1027 493 exprimendam
1046 392 1161 474 valent.
1184 410 1321 495 Spectant

79 510 153 571 illuc
175 511 302 592 pariter,
323 530 395 588 quae
415 508 451 568 de
470 530 565 569 amore
585 509 781 591 prodiderunt
799 508 985 594 vetustiqimi
1005 514 1125 590 poetae:
1151 508 1233 570 hunc
1252 512 1319 574 fuis·

79 631 128 684 se,
160 622 327 687 quo=orto,
358 605 461 682 chaos,
491 606 572 668 rudis
599 609 654 667 ista
679 608 877 689 indigestaque
911 607 1019 683 moles,
1049 609 1082 667 in
1109 608 1317 693 pulcerrimum

79 707 192 767 huncce
210 705 352 765 mundum
372 707 572 786 aptissimeque
594 706 650 767 sihi
670 708 891 782 concinentem,
910 720 1145 769 commutaretur.
1183 710 1210 768 Α
1231 708 1316 770 nullis

81 826 141 865 non
156 805 242 864 rebus
261 818 370 864 veteres
391 804 452 865 sive
472 806 629 886 imagines,
650 807 712 866 sive
739 806 937 888 metaphoras,
959 805 1019 866 sive
1050 807 1185 866 notiones
1214 809 1314 886 etiam,

80 904 245 984 petierunt,
266 923 322 983 quo
342 902 450 962 clarius
478 903 553 979 sibi',
575 901 719 983 quidquid
745 905 824 964 intus
848 904 1030 978 sentiebant,
1051 905 1134 983 quasi
1156 904 1196 965 ob
1224 907 1314 968 oculos

80 1016 284 1083 proponerent.
332 1000 434 1060 Veluti
476 1001 555 1080 quod
585 1002 727 1062 mundum
754 1002 833 1062 dixit
859 1003 942 1064 Plato
972 999 1050 1076 ζῶον
1084 1024 1145 1062 esse
1179 997 1313 1088 ἔμψυχον

80 1093 180 1160 ἔννουν
196 1121 227 1161 τε
248 1097 290 1185 τῇ
313 1093 458 1184 ἀληθείᾳ,
491 1099 624 1160 videatur
651 1099 730 1160 illud
759 1100 916 1161 absurdum
943 1103 1050 1185 plane,
1080 1106 1117 1163 et
1142 1108 1243 1168 visum
1275 1110 1310 1169 ita

81 1202 197 1280 Vellejo
224 1216 282 1262 est:
309 1222 376 1261 nam
402 1202 547 1260 mundum
575 1208 675 1258 animo
702 1210 732 1258 et
761 1203 896 1260 renatos
911 1205 1109 1281 praeditum,
1131 1207 1311 1282 rotundum,

80 1301 256 1378 ardentem,
285 1302 442 1360 volubilem
475 1298 591 1374 Deum,
623 1300 654 1358 in
683 1300 802 1358 somniis
831 1314 929 1360 censet
957 1301 1212 1383 philosophorum.
1264 1303 1310 1364 Sed

80 1397 256 1459 abhorrebat
282 1399 440 1479 antiquitas
465 1420 483 1461 a
508 1398 623 1480 placitis
655 1398 736 1473 illis,
767 1419 840 1479 quae
871 1401 1029 1483 recentiore
1058 1402 1090 1460 in
1119 1403 1228 1482 primis
1251 1424 1310 1464 aero

81 1494 229 1557 dominata
254 1513 341 1581 sunt,
372 1499 453 1576 quasi
479 1496 645 1557 mechanica
675 1497 761 1556 unice
796 1511 868 1556 esset
896 1498 1024 1559 universi
1054 1496 1213 1576 conditio,
1243 1499 1308 1563 nihil

82 1594 130 1657 vel
155 1595 232 1676 ipsi,
252 1616 309 1675 quo
338 1596 466 1675 vigeret,
488 1595 535 1657 vel
555 1596 618 1673 ejus
638 1593 789 1676 partibus,
810 1616 867 1674 quo
885 1592 1091 1672 moverentur,
1113 1597 1243 1673 inesset,
1262 1617 1307 1659 om·

81 1693 234 1770 nistera,
256 1707 289 1753 ut
307 1694 339 1754 in
360 1694 545 1770 mechanico,
566 1692 644 1773 quod
664 1693 792 1769 dicitur,
810 1708 980 1775 systemate,
1000 1694 1191 1755 mechanicae
1211 1696 1308 1779 legibus

80 1790 321 1873 obtemperarent.
372 1792 565 1866 Quamobrem
595 1792 654 1853 vim
683 1791 786 1866 illam,
818 1813 903 1872 qnam
920 1807 1054 1877 ¹naturae
1089 1815 1152 1853 non
1168 1782 1306 1876 kphterant
1357 1781 1360 1788 ¹

81 1912 141 1950 non
166 1891 312 1965 tribuere,
336 1891 425 1951 variis
448 1891 541 1951 modis
561 1892 724 1972 exprimere
752 1890 941 1953 conabantur.
985 1891 1144 1970 Spiritum
1178 1893 1306 1954 vocabant

81 1987 185 2061 illam,
206 2003 238 2048 ut
255 1989 287 2049 in
308 1988 475 2070 Virgiliano
496 1989 567 2050 illo:
620 2049 625 2055 ,
902 1992 910 2001 '
950 2060 954 2069 Ι

262 2087 401 2165 Spiritus
420 2097 507 2148 intua
527 2091 600 2163 alit,
621 2097 771 2167 totumque
790 2089 900 2164 infuso
918 2109 975 2166 par
994 2089 1085 2148 ortus

258 2188 343 2245 Mena
362 2196 466 2269 agitat
484 2189 597 2248 molam.
622 2185 651 2267 l)
758 2258 763 2269 Ι

80 2284 140 2345 Alii
169 2286 229 2343 vim
254 2285 336 2344 illam
360 2307 425 2344 cum
447 2287 513 2364 igne
534 2283 751 2367 comparabant,
774 2270 1035 2364 quod'Heraclitos
1054 2307 1089 2369 qe
1109 2300 1214 2368 postea
1232 2284 1306 2355 Stoici

79 2381 254 2462 diligentius
275 2384 420 2464 explicare
441 2384 625 2459 studuerunt.
676 2387 733 2444 Nec
753 2406 822 2446 vero
843 2384 974 2445 discessit
992 2383 1103 2444 ab-hac
1126 2386 1309 2454 vetustissima
1354 2396 1358 2406 '

80 2481 192 2540 ratione
217 2481 347 2541 Platonis
377 2482 568 2564 physiologia.
610 2483 668 2543 Sed
694 2485 719 2543 is
743 2483 853 2543 scilicet
880 2483 1035 2557 universo,
1057 2497 1091 2542 ut
1113 2487 1188 2549 νοῦν
1206 2488 1311 2554 Anaxa·

79 2608 178 2670 goras,
208 2582 313 2670 ψυχήν
341 2592 461 2670 tribuit3
493 2592 569 2653 hanc
599 2609 693 2654 antem
723 2594 759 2653 ab
790 2594 852 2673 ipso
877 2591 939 2652 Deo
968 2591 1094 2650 inditam
1119 2610 1183 2648 esse
1212 2587 1315 2677 mundo

79 2692 297 2769 pronunciavit.
339 2692 431 2751 Ducta
461 2693 493 2751 in
518 2693 597 2757 hisce
622 2694 659 2753 ab
689 2692 806 2752 homine
830 2688 991 2751 ‘similitudo
1015 2703 1076 2763 est,
1098 2691 1187 2768 cuius
1209 2703 1242 2748 ut
1261 2709 1315 2748 cor·

79 2788 143 2869 pori
168 2788 288 2871 ψυχήν,
309 2794 350 2853 ita
376 2789 469 2876 ψυχῇ
496 2793 589 2852 inesse
618 2782 865 2854 votv'contendit
887 2786 986 2847 Plato:
1009 2789 1179 2866 factumque
1200 2801 1244 2847 est
1263 2788 1316 2861 ita,

81 2905 113 2952 ut
139 2892 282 2954 mundum
309 2908 423 2956 vocaret
448 2892 527 2969 ζῶον
549 2887 690 2976 ἔμψυχον
710 2889 809 2956 ἔννουν
830 2917 870 2956 τε.
921 2892 957 2953 ld
974 2905 1069 2951 autem
1089 2892 1231 2972 quamvis
1249 2890 1287 2952 sit
1304 2913 1318 2950 a

80 3011 177 3058 nostra
206 2996 354 3081 co'gitandi
383 2994 579 3077 loquendique
604 2999 714 3058 ratione
742 2998 885 3074 alienum,
916 3014 1030 3074 tamen,
1060 3000 1086 3058 si
1114 2999 1320 3081 principium,

82 3095 160 3156 unde
184 3098 331 3171 manavit,
358 3110 536 3178 spectamus,
568 3117 628 3156 non
657 3111 750 3177 potest
776 3095 861 3157 nobis
887 3110 979 3159 totum
1005 3096 1177 3180 displicere.
1229 3101 1322 3174 Nam,

81 3209 113 3254 at
139 3195 263 3278 optimus
291 3195 411 3274 quisque
439 3193 519 3274 apud
547 3207 657 3254 veteres
680 3193 890 3279 physiologus,
921 3197 961 3259 ita
989 3196 1088 3283 l‘lato,
1119 3216 1185 3255 non
1217 3217 1233 3255 e
1263 3196 1323 3277 lege

82 3293 206 3377 quadarp
226 3292 394 3353 mechanica
412 3306 531 3353 naturae
551 3293 751 3374 principium,
771 3282 950 3371 sed'altius,
970 3294 1008 3357 ah
1028 3296 1091 3376 ipso
1109 3308 1239 3356 naturae
1261 3296 1323 3355 uni·

81 3394 213 3472 versique
234 3406 349 3453 auctore
370 3391 496 3472 repetiit.
894 3416 907 3457 ς.
935 3472 939 3479 Ι
1155 3422 1185 3459 q.

120 3493 196 3553 Sunt
221 3493 292 3553 haec
319 3490 404 3550 nobis
431 3504 459 3550 et
478 3489 593 3570 singula
614 3503 642 3549 et
662 3486 797 3552 univers'a
817 3450 976 3575 dittfflrer
989 3490 1283 3569 animadvertenda,
1304 3493 1327 3553 si

86 3593 239 3652 Timarum
263 3592 410 3672 ipsamque
434 3588 600 3671 philosophi
630 3587 839 3670 physiologiam
867 3591 1051 3672 interpretari
1072 3604 1151 3649 recte
1174 3591 1325 3668 velimus3

79 3690 159 3772 qnod
189 3704 285 3749 autem
316 3692 378 3769 ejus
412 3689 449 3749 de
480 3688 582 3748 divina
618 3702 720 3747 natura
750 3672 922 3750 sententiam
950 3689 1070 3764 attinet,
1103 3689 1168 3749 vim
1203 3693 1328 3751 omnino

80 3790 213 3851 divinam
239 3790 291 3848 toti
322 3809 419 3848 rerum
447 3787 631 3848 universitati
659 3789 749 3846 inesse
773 3788 969 3864 existimavit,
998 3802 1031 3846 ut
1058 3808 1118 3846 non
1152 3788 1214 3864 sit,
1248 3789 1328 3869 quod

80 3891 231 3964 miremur,
253 3888 296 3963 si,
316 3887 454 3967 antiquae
474 3886 642 3946 anctoritate
661 3907 726 3945 cum
747 3884 947 3968 μυθολογίας,
968 3900 1029 3946 tum
1047 3885 1240 3967 θεολογίας,
1264 3890 1329 3972 plu·

81 4015 126 4054 res
154 3993 322 4054 memoravit
349 3994 433 4052 Deos.
474 3990 689 4065 Veruntamen,
718 3992 790 4070 quin
820 4011 910 4049 unum
935 4011 1050 4071 reapse,
1071 3990 1122 4069 qui
1155 3995 1274 4056 mundi
1305 4007 1331 4054 et

82 4107 181 4153 auctor
208 4107 235 4151 et
263 4092 437 4172 gubernator
459 4103 547 4165 esset,
568 4091 659 4149 Deum
678 4087 815 4149 habuerit
831 4089 931 4164 Plato,
953 4111 1013 4148 non
1034 4103 1077 4148 est
1094 4091 1181 4169 quod
1204 4091 1332 4155 dubite-

82 4213 153 4251 mus.
195 4191 219 4250 E
248 4203 305 4250 tota
331 4189 362 4249 id
393 4186 506 4248 viride
533 4188 616 4247 rebus
645 4187 757 4246 divinis
784 4184 936 4263 doctrina,
960 4201 990 4246 ut
1008 4185 1122 4268 prodita
1146 4207 1195 4253 est
1218 4195 1253 4254 in
1277 4195 1332 4257 Po·

121 4469 145 4534 ll
164 4471 225 4521 Aen.
243 4469 284 4519 Vl.
306 4466 363 4518 726.
