2796 5048
671 250 727 306 2117

168 400 252 479 Quo
285 407 588 463 rationelionc
621 408 867 467 Platonico
901 415 1230 490 uictopltpsc'com

321 510 408 558 aive
439 513 531 561 ocri
563 507 801 567 doctrinam
834 511 1075 568 tractauit?

116 696 168 755 Est
187 695 302 775 elegans
330 718 398 755 sane
425 697 653 781 philosophandi
679 707 771 780 ratio,
801 728 856 785 qua
878 727 930 765 nos
949 726 964 763 e
981 705 1089 786 linguis
1104 709 1225 769 solemus
1246 731 1315 790 pro·

82 796 156 875 prias
176 795 283 852 mentis
314 810 342 854 et
373 799 486 856 nativas
507 800 639 858 notiones
669 801 792 878 ducere,
826 819 856 863 ut
874 806 965 885 ipsius
993 806 1034 862 sic
1054 819 1173 866 naturae
1189 810 1264 868 viam
1284 811 1315 867 in

82 892 200 951 colenda
221 893 281 952 veri
300 893 486 976 philosophia
510 898 694 958 inveniamus
715 915 742 959 et
763 917 919 964 teneamus.
961 902 1049 961 Haud
1068 905 1166 984 inepte
1184 903 1253 962 haec
1272 927 1315 962 ra·

80 990 417 1069 tioplia’loaopliiu
450 996 704 1074 linquar-um
737 1015 873 1059 vocatur:
897 1021 911 1057 a
932 1001 1136 1080 quaprofecto
1161 1022 1220 1060 non
1240 1002 1314 1060 alie-

77 1109 131 1147 nus
157 1088 240 1147 Plato
268 1090 334 1148 fuit.
386 1089 484 1150 Sermo
513 1093 592 1172 apud
629 1117 693 1153 eum
724 1111 784 1171 est,
816 1113 847 1157 ut
873 1098 1146 1172 animadvertimus,
1177 1098 1314 1176 colloquii

75 1186 205 1260 interni,
235 1208 293 1266 quo
318 1186 403 1246 homo
432 1209 527 1248 secum
560 1193 620 1271 ipse
647 1179 724 1272 agit,
750 1196 916 1270 effluvium,
948 1197 1065 1276 scriptio
1090 1210 1204 1270 autem,
1225 1196 1312 1275 hujus

72 1283 184 1344 effluvii
204 1285 295 1365 imago
327 1283 373 1365 l):
396 1288 475 1346 unde
496 1303 597 1368 sponte
617 1289 776 1364 efficimus,
807 1295 924 1352 nomina
943 1308 971 1353 et
991 1294 1080 1355 verba
1098 1295 1190 1373 ipsius
1208 1295 1313 1352 mentis

71 1383 315 1463 cogitationisque
334 1383 426 1442 veluti
448 1406 583 1466 expressa
602 1409 660 1446 esse
688 1391 860 1466 simulacra,
881 1413 917 1451 ex
941 1393 1031 1470 iisque
1053 1391 1135 1450 nohis
1152 1391 1241 1450 licere
1263 1413 1312 1449 no·

70 1481 169 1541 tiones
185 1483 292 1541 mentis
311 1482 455 1540 humanae
476 1485 625 1564 proprias,
646 1507 718 1564 quae
740 1489 825 1548 unice
846 1510 929 1552 verae
948 1504 1016 1550 sunt
1026 1535 1034 1564 ,
1055 1491 1163 1573 quippe
1180 1484 1312 1548 naturam

69 1578 232 1638 referentes
241 1624 250 1654 ,
272 1580 424 1660 explorare
444 1595 472 1639 et
490 1603 670 1662 cognoscere.
713 1585 751 1644 Et
768 1608 837 1647 vero
855 1587 955 1662 Plato,
978 1587 1029 1646 uhi
1046 1587 1093 1645 vel
1112 1587 1254 1646 Socratem
1265 1586 1313 1647 vel

67 1675 166 1735 alium
184 1697 385 1757 quemcunque
404 1678 515 1758 placita
534 1701 584 1738 sua
605 1683 810 1742 enunciantem
832 1683 967 1761 inducit,
990 1683 1074 1744 nulla
1094 1706 1154 1743 non
1172 1698 1312 1764 opportu-

68 1774 165 1833 nitate
183 1774 297 1835 eosdem
317 1797 332 1834 e
359 1775 499 1854 loquendi
529 1778 740 1838 consuetudine
758 1783 938 1849 ,sententiam
960 1803 1039 1842 suam
1056 1780 1213 1862 probantes
1234 1782 1311 1842 fecit.

67 1871 163 1932 Abest
190 1888 286 1933 autem
313 1872 438 1933 multum
449 1913 459 1948 ,
490 1888 522 1933 ut
540 1874 610 1934 haec
632 1878 669 1935 sit
688 1878 779 1952 ratio,
801 1900 857 1956 qua
876 1878 1056 1938 mactandam
1077 1899 1136 1937 esse
1157 1880 1219 1937 veri
1238 1878 1311 1938 doc-

65 1970 184 2031 trinam.
198 1972 418 2032 existimaverit.
460 1973 525 2031 Non
544 1975 616 2053 quin
636 1955 806 2034 convenerit
824 1978 915 2058 ipsius
935 1975 1153 2058 philosophiae:
1168 1997 1241 2054 quae
1251 1977 1311 2056 ipse
1395 2006 1397 2011 ·

65 2067 198 2129 subinde
214 2069 301 2129 verba
313 2091 328 2129 e
340 2091 391 2128 sua
412 2071 512 2152 lingua
532 2072 689 2147 excitavit,
712 2087 744 2132 ut
762 2079 956 2150 eccribrare,
974 2076 1130 2148 cannara,
1150 2081 1309 2133 carmino-

64 2189 123 2240 να,
145 2167 273 2243 similia,
295 2165 327 2247 2)
348 2169 495 2243 vidimus,
517 2190 602 2247 quaro
623 2185 688 2252 apte
707 2170 760 2230 illa
779 2172 870 2253 ipsius
888 2173 1076 2247 dialecticae,
1108 2190 1180 2251 qnae
1198 2173 1309 2230 discar-

64 2265 216 2325 maloin
237 2266 338 2344 primis
357 2267 507 2348 procedit,
532 2270 711 2329 conveniant
721 2293 729 2345 3
752 2283 781 2328 et
799 2291 868 2330 sane
889 2291 942 2331 nos
959 2272 991 2329 in
1001 2271 1047 2329 his
1056 2268 1310 2347 disquisitionibus

64 2362 208 2423 omnibus
228 2361 265 2421 de
293 2363 478 2445 philosophia
506 2364 654 2424 Platonica
684 2366 832 2447 explicare
852 2389 914 2427 eam
932 2369 1021 2426 fernae
1038 2380 1126 2427 totam
1146 2385 1161 2423 e
1178 2377 1308 2424 veterum

63 2461 320 2538 recentiorumque
338 2461 479 2540 loquendi
501 2462 730 2539 consuetudine,
749 2485 765 2522 e
782 2466 899 2545 propria
914 2464 1069 2527 verborum
1086 2459 1307 2543 significatione,

64 2579 130 2618 non
159 2558 223 2617 sine
246 2558 361 2633 fructu,
393 2573 424 2617 ut
453 2558 539 2618 nobis
567 2559 716 2635 videmur,
747 2559 921 2622 studuimus.
962 2561 1020 2620 Sed
1041 2562 1161 2619 fuerunt
1177 2558 1306 2617 Platonis
1388 2567 1391 2572 ’

63 2669 179 2730 aetate,
200 2657 251 2735 qui
269 2675 403 2736 perverse
423 2655 456 2715 id
477 2670 614 2737 agerent,
645 2657 789 2737 sophistae
814 2661 847 2719 in
864 2660 984 2739 primis,
1013 2679 1084 2737 quos
1105 2656 1254 2728 diximus,
1276 2669 1304 2713 et

63 2753 229 2813 Heraclitei
249 2753 428 2834 philosophi.
470 2755 510 2813 Hi
530 2755 603 2813 miro
622 2755 775 2832 acumine,
797 2757 847 2816 sed
867 2757 965 2836 inepte
993 2755 1064 2815 haec
1089 2752 1185 2813 studia
1205 2771 1305 2832 perse-

63 2856 189 2931 quentes
199 2895 208 2925 ,
230 2873 290 2910 non
310 2872 326 2910 e
346 2851 443 2912 verbis
459 2867 487 2911 et
507 2851 676 2911 nominihus
695 2851 801 2913 ducere
819 2853 934 2912 nativas
951 2856 1056 2912 mentis
1074 2853 1216 2911 humanae
1229 2849 1304 2907 noti·

63 2970 137 3011 ones
148 2994 156 3024 ,
178 2947 228 3007 sed
248 2949 280 3007 in
300 2949 388 3010 verba
407 2962 435 3008 et
455 2950 575 3008 nomina
593 2969 643 3008 sua
661 2949 718 3029 ipsi
738 2949 852 3010 decreta
870 2952 1044 3026 transferre,
1074 2963 1102 3010 et
1122 2949 1212 3008 sicea
1234 2967 1305 3027 pro-

62 3046 137 3108 bare
157 3046 336 3106 nitebantur.
377 3047 413 3106 Id
434 3046 609 3127 displicebat
626 3047 752 3107 Platoni.
778 3048 943 3128 ·Cratylum
962 3049 1010 3107 hic
1029 3047 1120 3122 adeo,
1148 3047 1198 3126 qni
1228 3059 1304 3104 totus

63 3144 114 3205 hie
132 3145 166 3203 iu
195 3144 301 3203 studiis
329 3145 387 3203 tuit
406 3159 553 3217 versatus,
566 3164 647 3224 puer
667 3143 837 3222 audiverat,
859 3167 948 3224 quum
968 3149 991 3204 is
1009 3146 1187 3206 fluitantium
1203 3142 1304 3223 philo-

65 3241 222 3322 sophorum
239 3241 400 3301 doctrinae
420 3241 618 3301 vindicandae
635 3240 711 3300 hanc
733 3244 887 3304 verborum
917 3244 1183 3325 interpretationem
1214 3240 1303 3299 adhi-

65 3338 164 3399 bebat.
185 3338 218 3420 3)
248 3340 315 3423 Hoc
331 3360 399 3400 vero
427 3340 524 3398 minus
552 3340 639 3398 ctiam
666 3339 741 3399 ferre
765 3354 889 3421 poterat.
931 3342 1033 3421 Inepta
1051 3340 1105 3398 hac
1124 3339 1213 3418 igitur
1233 3357 1301 3416 per-

68 3456 206 3516 versaque
224 3437 454 3519 philosophandi
475 3437 585 3496 ratione
605 3437 713 3495 factum
734 3437 871 3512 videtur,
892 3452 925 3497 ut
947 3458 1007 3496 non
1031 3436 1124 3494 solum
1142 3436 1253 3510 ajusto
1274 3446 1302 3490 et

69 3533 242 3616 philosopho
261 3535 378 3615 linguae
398 3534 494 3593 studio
515 3527 727 3607 deduceretur,
745 3532 796 3592 sed
814 3534 1002 3615 etymologiae
1022 3533 1090 3607 isti,
1110 3552 1195 3612 qnam
1212 3551 1301 3591 voca-

106 3858 129 3926 l)
147 3861 257 3914 Phacdr.
270 3860 329 3914 276.
348 3863 379 3914 Α.
399 3861 446 3915 cr.
465 3864 542 3915 Initio
556 3878 582 3930 p.
601 3861 667 3928 177,
685 3860 744 3914 300.

97 3943 129 4011 ,2)
146 3948 252 4016 Sophitt.
272 3945 339 4013 226,
362 3946 420 3999 227.
441 3947 488 3999 cn.
506 3948 584 3998 Initio
600 3964 625 4013 p.
644 3945 710 4010 259,
728 3945 787 3998 287.

104 4035 129 4105 3)
147 4026 229 4092 Anat
248 4042 357 4109 Meropa
377 4041 396 4092 1.
415 4040 441 4092 6.
460 4028 492 4091 ἐκ
520 4025 586 4090 νέου
612 4052 643 4090 τε
670 4023 727 4108 yolo
755 4024 964 4110 συγγενόμενος
999 4029 1120 4112 πρῶτον
1149 4015 1305 4118 Κρατύλῳ

68 4127 119 4189 *cl
137 4135 205 4206 ταῖς
224 4124 452 4214 Ἡραελεαείοις
478 4125 598 4209 δόξαις,
621 4124 663 4205 ὠς
684 4123 822 4192 ἁπάντων
842 4133 907 4195 τῶν
929 4131 1086 4214 αἰσθητῶν
1113 4125 1158 4192 oiri
1179 4123 1308 4213 ῥεόντων
1331 4181 1334 4185 .

59 4229 117 4290 *αἱ
143 4227 311 4316 ἐπιστήμης
338 4233 406 4316 περὶ
434 4224 536 4295 adroic
566 4228 618 4293 mitt
644 4225 778 4314 oiioqg—
801 4259 953 4327 quamquam
980 4243 1039 4294 hinc
1063 4257 1116 4293 non
1143 4238 1306 4291 efficiendum

61 4336 147 4400 ⁰⁸⁸0,
167 4339 205 4387 sic
225 4339 335 4403 primum
355 4337 459 4389 Platoni
484 4334 633 4402 cratylum,
658 4343 686 4384 ut
703 4343 796 4400 postea
818 4336 965 4397 Socratem,
985 4341 1185 4400 praeceptorem
1204 4333 1304 4395 luisse,

58 4419 142 4472 'ecte
161 4425 249 4474 statuit
266 4423 328 4473 Ast
345 4422 456 4474 Platon’s
472 4422 552 4472 helen
564 4437 590 4487 p.
606 4418 648 4470 19.

1150 4497 1189 4556 27
