2796 5048
184 858 792 1025 -nssoosssalouun
836 921 1194 1051 succussio

447 1088 524 1173 aa
558 1084 969 1177 insunuans.

612 1355 815 1367 ——fi-—u—

612 1368 817 1381 *ffl—

438 1580 517 1631 ΙΙΕ
542 1580 997 1634 ΡΙΙΙΙιθΙθΡΙΙΙΔ.

406 1692 557 1734 snoosusoss
584 1696 613 1733 ns
639 1696 827 1735 sassososnssss
854 1694 1030 1735 sassomou.

137 1802 211 1850 Varis
229 1800 400 1867 philosophiae
417 1804 573 1855 existimatio.
590 1778 680 1857 ‘Unda
692 1808 750 1871 ejus
765 1808 917 1873 vituperatio
933 1804 1091 1872 reputanda?

308 1923 478 1993 Philosophia,
496 1928 526 1977 sle
542 1936 650 1977 aetem
666 1930 799 1990 sententia,
818 1944 888 1979 amar
905 1936 941 1979 est
957 1928 1130 1995 cognoscendi,

585 2014 721 2080 sapietatins
736 2014 851 2065 matam

138 2128 226 2191 Σοφοὶ
246 2127 311 2191 apud
335 2130 443 2177 Graecos
466 2136 515 2179 tam
537 2132 640 2195 antiqua
666 2094 741 2195 quem
758 2132 897 2197 posteriore
911 2137 1000 2181 aetam.
1020 2130 1277 2195 Pythagoras&

102 2210 252 2274 φιλόσοφος.
271 2214 331 2276 Ejus
348 2217 488 2280 exemplum
508 2218 589 2265 secuti
606 2219 720 2280 Plato,
741 2218 881 2280 Oiasso,
896 2220 1037 2280 Seneca,
1055 2216 1105 2268 alil.
1136 2216 1279 2281 Φιλόσοφος

101 2296 171 2358 alius
190 2298 371 2365 Pythagoraa,
388 2301 452 2349 alius
470 2304 572 2351 Socrati
587 2309 613 2351 et
632 2304 744 2352 Platoni.
839 2352 842 2363 ,

360 2472 363 2479 ,
380 2420 454 2489 ΛΜ
471 2432 563 2475 ueteres
578 2423 731 2490 philosophia
747 2441 796 2473 non
813 2424 928 2473 doctrina
944 2432 995 2486 est,
1014 2424 1056 2475 sesi

465 2525 557 2576 parens
574 2518 598 2560 st
612 2512 773 2578 procreati-is
789 2510 967 2561 doctrinarum.
1298 2506 1334 2559 30

88 2620 91 2625 '
144 2623 325 2671 Ciceronis
349 2625 380 2673 de
405 2627 561 2691 philosophia
587 2628 670 2675 effata.
696 2628 857 2692 Philosophia
883 2627 1001 2675 discendi
1015 2626 1208 2691 iudaganiipsss
1223 2632 1282 2673 sta-

106 2707 185 2755 dium.
204 2709 285 2771 llnjus
300 2709 376 2761 studii
388 2712 498 2772 frisatas
515 2718 582 2761 artes
598 2718 624 2759 et
640 2712 771 2763 doctrinae
786 2720 853 2761 sunt.
874 2713 910 2761 lta
921 2712 1105 2777 geographiam
1118 2711 1177 2761 inda
1195 2712 1283 2761 Straho

106 2796 207 2858 repetit.
229 2797 401 2860 Disqairassdi
417 2799 528 2847 stadium
545 2804 572 2847 st
587 2800 651 2848 satio
665 2801 732 2864 apud
752 2798 890 2849 Platonem.

351 2918 403 2980 Quo
418 2920 568 2987 pothshnam
584 2921 651 2987 apati
667 2929 761 2970 ueteres
777 2918 901 2987 spectabat
914 2917 1088 2986 philosophia?
1288 2906 1344 2969 'at'

143 3034 330 3083 Sententiarum
353 3038 466 3088 varietas.
502 3040 603 3102 Spectat
624 3040 740 3087 universo
765 3040 821 3086 aeri
835 3038 1017 3103 segnitiam,
1041 3039 1201 3101 sapientiam.
1219 3038 1283 3087 Pso-

106 3118 191 3181 prium
206 3136 237 3168 ao
256 3121 363 3171 sublime
381 3124 437 3187 ejus
453 3125 607 3188 propositum
621 3128 704 3173 animi
715 3126 820 3172 hnmani
835 3125 961 3189 cognitio,
981 3122 1133 3185 amandatio,
1149 3124 1280 3188 perfactio.

106 3204 143 3251 Ex
158 3205 327 3256 admiratione
352 3210 449 3273 oritur,
474 3226 538 3273 quas
562 3211 680 3259 discendi
705 3225 813 3259 anserem
826 3210 914 3271 gignit.
943 3208 1046 3258 Amasis
1061 3219 1088 3258 et
1101 3210 1281 3275 philosophias

106 3292 277 3343 necessitudo.
304 3293 471 3359 Philosophus
489 3296 582 3344 dicitur
601 3295 759 3361 φιλομαθὴς,
781 3296 929 3359 φιλόκαλος,
951 3292 1076 3359 ἐρωτικὸς.
1105 3294 1283 3342 isocrates

106 3376 135 3423 iu
160 3376 314 3428 Phaedro.
340 3380 498 3446 Philosophia
517 3387 557 3430 est
574 3383 707 3430 institutio
721 3381 838 3431 hominis.
856 3379 1023 3444 Philosophus
1041 3380 1135 3428 dicitur
1153 3378 1281 3441 postomia.

108 3463 207 3526 Quibus
231 3466 390 3530 imaginihus
412 3466 483 3516 Plato
510 3467 682 3532 philosophiae
709 3467 863 3532 propositum
889 3465 1047 3513 illustravit?
1071 3463 1230 3529 Philosophia
1245 3472 1283 3512 est

106 3548 186 3597 animi
198 3552 324 3615 purgatio
339 3558 364 3600 et
380 3547 506 3602 initiatio.
524 3553 554 3601 ln
573 3553 722 3617 usurpandis
735 3552 885 3614 imaginibus
900 3551 949 3600 aliu
965 3552 1098 3613 Platonis,
1113 3551 1162 3600 ulia
1174 3550 1283 3614 Neopto·

109 3636 250 3683 tunicatum
264 3637 335 3686 ratio.
353 3638 514 3703 Philosophia
534 3636 549 3705 ἦ
570 3645 676 3707 μεγίστῃ
699 3638 817 3706 μουσικὴ.
841 3639 967 3686 Summum
986 3637 1158 3702 philosophiae
1172 3638 1283 3702 proposi-

110 3726 165 3772 tum
179 3719 333 3787 ὁμοίωσις
348 3726 391 3791 τῷ
405 3727 477 3791 θεῷ.

264 3842 377 3893 Veterum
391 3843 587 3912 philosophorum
603 3847 633 3896 tle
648 3844 814 3914 philosophias
829 3847 857 3895 oi
872 3854 896 3895 et
910 3844 1022 3897 ahertass
1037 3846 1178 3895 sssstesstias.
1300 3842 1333 3894 35

146 3962 307 4026 Philosophia
323 3963 375 4010 tissa
389 3969 416 4011 et
430 3977 475 4011 ars
489 3966 574 4028 uitae,
592 3966 706 4031 cognitio
718 3979 801 4011 remam
816 3964 965 4027 optimumst
980 3968 1007 4011 el
1024 3965 1051 4011 in
1069 3963 1099 4011 iis
1115 3962 1281 4024 saaraitatio,

109 4051 240 4099 medisina
254 4054 280 4096 at
293 4050 394 4096 cultura
405 4050 489 4098 animi.
513 4052 608 4099 Laudes
628 4048 800 4114 fiilosophiaa
820 4048 1011 4096 Posidonii
1027 4049 1171 4113 exemplos
1191 4049 1283 4096 (liae-

111 4150 192 4183 rons
221 4140 248 4182 et
275 4137 404 4185 Ssneoa
429 4136 547 4185 tributas.
583 4136 814 4185 Oiseroniani
838 4135 973 4183 Hortensii
994 4134 1073 4183 locus.
1109 4133 1282 4198 Philosophiae

109 4223 231 4291 princeps
242 4219 322 4268 honos
336 4221 441 4283 mansit,
460 4222 535 4270 etiam
550 4238 607 4270 oum
625 4223 657 4270 ab
673 4238 702 4270 sa
718 4220 852 4269 distinctas
866 4221 938 4267 luera
951 4224 1022 4279 ortes¹
1031 4218 1156 4269 liberales.
1174 4219 1285 4268 Platonis

112 4306 272 4371 philosophia
297 4322 355 4381 oum
381 4309 517 4369 mitatem,
544 4312 596 4356 tum
616 4309 720 4358 maxima
738 4309 871 4354 veritatatis
885 4310 990 4370 spsotst.
1016 4306 1122 4370 Triplen
1140 4321 1227 4354 caussa
1241 4320 1287 4352 our

113 4398 164 4441 tam
180 4393 260 4458 ampli
272 4392 400 4455 antiquis,
418 4400 468 4441 tam
487 4396 595 4458 angusti
606 4391 792 4444 recentioribus
803 4390 973 4455 philosophiae
987 4391 1038 4439 sint
1049 4390 1121 4440 linas.
1141 4390 1290 4456 Religionis

1123 4499 1134 4537 l
