2796 5048
586 235 646 298 299

46 395 154 477 idoque
170 396 310 478 procedit.
350 397 390 456 Ut
409 410 505 456 autem
530 399 683 459 inventrix
711 401 780 460 haec
802 413 844 459 est
868 416 964 457 rernm
987 398 1116 473 omniurn
1125 390 1229 479 ,74ips'12

46 517 65 555 n
91 495 152 553 fuit
179 495 284 555 artium
308 495 516 570 maximarum,
547 510 578 555 ut
604 513 671 558 ante
697 499 868 571 docuimus,
891 494 921 576 l)
951 496 993 556 ita
1018 482 1231 573 ejusdcmllrpb

46 615 114 667 ιους
131 593 199 655 illos
214 591 252 653 ad
271 608 347 655 recte
372 593 606 674 persuadendum
631 596 784 657 invenire:
813 594 949 675 qnodque
974 592 1064 653 iidem
1082 590 1230 655 addebant

46 710 152 769 stores,
171 692 264 773 primo
283 692 400 751 tractari
419 692 481 751 loco
505 691 537 751 in
563 714 614 752 sua
635 674 792 775 disciplina
829 692 954 774 topicam
979 691 1102 769 debere,
1133 704 1232 773 utpote

46 794 111 853 ium
139 793 171 851 in
198 790 251 849 hac
269 788 426 871 disciplina
457 792 586 851 omnium
605 794 809 874 praecipuam,
830 790 863 872 2)
895 790 927 850 id
947 790 1107 851 dialecticis
1124 790 1233 871 pariter

46 889 233 973 philosophis
251 887 506 969 praescribendum
523 910 582 949 esse
600 891 666 969 quis
684 892 857 971 negaverit?
884 890 1005 949 Omnem
1024 889 1103 948 enim
1121 878 1151 947 et
1167 886 1232 970 syl-

46 984 355 1068 isticametprobandi
373 985 648 1068 demonstrandique
667 1003 756 1049 artem
771 990 899 1070 analysis
914 987 1078 1071 prpecedit,
1094 986 1142 1047 uti
1153 985 1231 1051 vidi·

46 1108 79 1163 s,
91 1088 282 1147 inventorum
296 1084 405 1164 quippe
424 1106 543 1166 parens,
563 1108 636 1165 qnae
655 1086 762 1168 aliquis
776 1074 899 1169 'probare
918 1085 1040 1164 aliisque
1058 1082 1231 1167 persuadere

46 1185 85 1247 it.
107 1182 143 1264 3)
172 1183 271 1261 ltaque
289 1195 365 1241 recte
383 1184 514 1244 fecerunt
526 1229 535 1259 ,
555 1185 607 1264 qui
625 1184 703 1265 apud
731 1187 904 1245 recentiores
925 1184 1098 1245 exstiterunt
1127 1168 1231 1265 optimi

46 1282 126 1345 endi
153 1281 300 1362 magistri,
329 1302 418 1360 quum
444 1283 613 1360 juventuti,
642 1282 680 1342 ad
708 1299 784 1344 recte
813 1282 994 1343 tractandam
1019 1280 1230 1359 eloquentiam,

46 1402 137 1443 mum
168 1379 250 1440 illam
275 1370 508 1441 commendarent
535 1381 597 1441 sive
625 1383 750 1462 topicam
777 1380 838 1442 sive
866 1378 1040 1442 inveniendi
1069 1392 1176 1437 artem:
1196 1377 1231 1437 in

46 1480 111 1541 bus
130 1501 196 1539 cum
215 1479 269 1538 alii
287 1494 348 1539 tum
365 1479 471 1539 Paulus
488 1479 640 1539 Manutius
655 1476 687 1559 4)
711 1494 797 1560 atque
815 1480 973 1553 Ernestus,
995 1476 1027 1558 5)
1057 1478 1153 1537 fontes
1170 1496 1231 1535 esse

46 1579 188 1639 emtionis
213 1577 372 1637 uberrimos
393 1575 626 1638 demonstrarunt
648 1578 799 1654 Isocratis,
827 1577 1047 1652 Demosthenis,
1059 1620 1065 1637 -.
1077 1576 1110 1634 in
1128 1574 1232 1657 primis

46 1676 155 1739 nonis
180 1675 294 1755 scripta.
335 1673 503 1756 Philosophi
521 1696 589 1736 vero
613 1676 736 1756 quidni,
757 1677 796 1737 ad
821 1676 1021 1758 philosophiae
1039 1670 1229 1756 provehendl

46 1774 100 1837 iia
109 1820 122 1849 ,
143 1773 219 1833 idem
237 1774 416 1853 instituant?
444 1773 557 1849 Quidni
577 1789 605 1834 et
625 1774 692 1833 aliis
709 1774 891 1854 indagandos
907 1773 1111 1833 commendent
1127 1784 1155 1831 et
1172 1770 1230 1853 ipsi

46 1884 149 1953 agent
171 1860 403 1951 investigentque
431 1870 737 1953 philosophandiput
767 1874 808 1932 ita
831 1872 944 1947 dicam,
965 1872 1041 1931 locos
1061 1868 1234 1949 inscriptis

46 1990 136 2031 mum
164 1969 401 2051 philosophqrum
430 1969 560 2031 obvios?
604 1970 663 2032 Sed
689 1971 846 2031 eorundem
875 1969 1122 2050 philosophorum*
1137 1968 1231 2045 majus

46 2090 88 2129 on
111 2082 157 2129 est
182 2070 354 2149 graviusque
382 2088 498 2128 munus.
538 2069 621 2130 Latet
635 2070 684 2139 ,in
712 2068 864 2128 dialectica
885 2083 1014 2129 veterum
1049 2066 1231 2145 maximeque

46 2168 154 2242 tonis,
176 2180 207 2225 ut
225 2167 431 2247 cognovimus,
452 2167 515 2248 ipsa
533 2190 579 2228 ars
596 2168 787 2229 inveniendi:
817 2167 893 2226 hanc
922 2180 1017 2227 autem
1042 2186 1102 2225 non
1116 2174 1233 2225 tantm

46 2286 71 2327 te
90 2266 126 2325 in
145 2265 239 2323 lucem
255 2264 439 2347 protrahere,
460 2265 512 2325 sed
531 2266 669 2326 adhibere
697 2266 818 2326 eandem
846 2286 912 2325 cum
933 2268 1077 2345 juvenum
1101 2260 1235 2343 ingeniis

48 2360 57 2375 ⁴
81 2438 92 2449 .
120 2363 127 2374 '
164 2377 248 2442 atque
266 2362 448 2440 erudiendis,
469 2379 530 2423 tum
557 2365 669 2424 artibus
698 2365 833 2425 omnihus
859 2377 888 2425 et
912 2364 1054 2425 doctrinis
1073 2358 1233 2441 majoribus

46 2362 184 2637 &dis
203 2473 231 2521 et
250 2461 379 2522 inventis
399 2461 611 2542 locupletandis
629 2488 664 2499 ·-
684 2461 717 2521 id
737 2482 805 2523 vero
822 2462 1061 2544 philosophorum
1080 2474 1139 2519 est:
1161 2459 1230 2536 phi·

141 2581 213 2636 um,
245 2559 382 2639 inquam,
402 2581 523 2639 quorum
545 2559 638 2621 omnis
657 2572 788 2621 versatur
807 2561 840 2619 in
860 2561 981 2621 veritate
999 2556 1180 2621 invenienda
1200 2569 1232 2615 et

46 2656 123 2719 nine
143 2654 181 2716 ad
202 2657 373 2738 sapientiam
391 2640 543 2719 educendo
563 2676 610 2717 ars
628 2679 661 2717 ac
679 2657 847 2739 disciplina.
877 2658 915 2717 Et
934 2658 974 2716 sic
994 2655 1112 2735 quidem
1132 2674 1148 2713 e
1167 2650 1230 2715 dia'·

46 2752 107 2815 tica
135 2754 263 2815 Platonis
293 2769 321 2814 et
341 2756 501 2835 antiquitus
523 2757 645 2839 profecit
663 2755 826 2832 rhetorica,
851 2770 880 2815 et
899 2756 1064 2815 etiamnunc
1089 2751 1232 2834 proficere

46 2838 196 2934 iolosophia
210 2868 318 2935 potest:
341 2852 506 2933 eloquentia
524 2867 619 2913 autem
644 2855 669 2914 si
689 2856 846 2932 conjuncta
865 2874 932 2913 cum
954 2849 1140 2934 philosophia
1161 2870 1230 2912 vere

46 2951 191 3031 ,antiquis
210 2960 320 3029 eopiosa
340 2954 459 3030 loquens
474 2960 625 3032 capientia
645 2949 678 3034 6)
701 2953 779 3013 dicta
799 2966 860 3028 est,
881 2974 937 3032 qua
957 2951 1075 3011 tandem
1103 2948 1156 3009 illa
1183 2968 1229 3009 ra·

47 3020 86 3113 tlt
103 3050 199 3131 aptius
218 3050 510 3131 accommodatiusque
528 3052 566 3112 ad
586 3053 699 3133 generis
717 3051 838 3110 humani
855 3050 974 3111 salutem
990 3048 1123 3125 tractari,
1140 3068 1230 3128 quam

46 3188 48 3195 ·
68 3146 123 3229 ipsi
144 3162 172 3207 et
192 3147 345 3209 dialectica
365 3163 393 3209 et
412 3164 472 3211 arte
493 3149 666 3213 inveniendi
687 3150 881 3231 applicanda,
901 3150 1019 3232 potest?

100 3341 158 3403 Dc
186 3354 278 3403 orte
308 3346 534 3407 scribendi.
575 3343 679 3424 Quid
708 3357 769 3407 cst
792 3345 1008 3428 cogitare?
1038 3345 1141 3423 quid

344 3443 639 3522 dicere?.quid
667 3444 888 3504 scribere?

46 3630 218 3716 Hujusmodi
248 3604 530 3727 igiturith‘llccticae
558 3653 599 3698 est
619 3639 698 3720 apud
716 3639 864 3700 Platonem
883 3661 948 3699 cum
968 3639 1108 3699 rhetorica
1126 3656 1230 3698 neccs-

46 3732 118 3795 udo:
140 3736 219 3796 unde
239 3736 331 3818 ipsius
347 3736 541 3817 eloquentiae,
563 3737 599 3797 de
618 3760 675 3818 qua
694 3737 762 3799 dart
780 3739 867 3821 opera
882 3761 969 3821 supra
988 3739 1115 3821 egimus,
1135 3738 1227 3803 viset

46 3904 261 3922 h--u-—n

46 3988 70 4059 l)
81 3998 160 4051 tasso
175 4018 202 4069 p.
219 4000 271 4053 248
287 4018 342 4070 sqq.
360 3998 426 4066 265,
444 3997 503 4051 269.

46 4076 66 4145 l)
83 4084 138 4139 Cic.
156 4089 188 4139 de
202 4086 296 4138 levent
314 4086 334 4139 l.
352 4088 375 4138 7.
392 4086 436 4139 ubi
451 4088 560 4154 prinmo
574 4089 681 4140 metuo
695 4095 859 4141 memoratur.

46 4160 66 4232 l)
81 4172 161 4223 Νῆα
176 4188 203 4239 p.
221 4170 280 4223 274.

46 4249 775 4326 Dmmdfflspfflwwffiffllfflffi

46 4336 62 4401 t)
79 4342 143 4395 Ero.
161 4342 225 4393 Ded.
240 4344 274 4393 ud
288 4342 379 4409 δῆμοι.
397 4358 422 4409 p.
437 4342 514 4394 cxxi
527 4351 553 4394 et
564 4343 670 4396 LXXXI.
690 4346 734 4413 qui
751 4346 818 4399 hunc
836 4348 919 4414 ipsum
931 4348 994 4398 citat
1005 4344 1109 4397 hannul
1123 4342 1219 4399 locum.

46 4422 59 4488 t)
77 4427 226 4480 Nihilult'ud
237 4438 272 4479 est
284 4428 434 4496 eloquentia,
449 4446 523 4497 ᾳιιαοῆ
535 4431 629 4498 copiose
640 4431 740 4500 laquem
748 4434 877 4501 sapientia.
897 4431 951 4485 Gic.
965 4432 1036 4484 Port-
1057 4441 1123 4485 orot.
1140 4447 1162 4483 c.
1180 4428 1224 4485 12.
