2796 5048
665 235 727 295 328

78 406 166 466 honis
195 399 413 461 mathematicae
432 397 509 478 leges
526 395 733 476 adsuingcuda
753 410 782 457 ct
802 396 881 457 huuc
901 400 934 458 in
953 397 1077 459 modum
1101 398 1304 480 interpretaud

77 501 259 567 viderentur.
301 496 403 557 Noluit
419 494 497 554 illud
517 495 666 573 vetuitque
681 495 743 576 ipse
762 495 968 578 philosophus,
989 498 1107 577 quippe
1125 498 1198 575 qui,
1213 499 1305 577 quotics

78 599 116 661 de
145 597 232 659 rebus
257 596 336 656 bisce
366 593 542 653 sublimibus
570 605 598 651 et
628 591 741 653 divinis
758 610 819 655 erat
840 608 972 669 acturus,
994 594 1151 654 auditores
1170 595 1306 671 monebu,

79 709 112 756 ut
129 707 319 776 reputarent,
339 706 368 752 et
388 712 453 750 eum
471 691 521 770 qui
541 689 651 749 diceret
671 705 699 751 et
719 691 796 772 ipsos
812 694 863 771 qui
879 692 1017 752 audirent
1035 692 1182 753 mortales
1201 712 1274 752 estc:
1287 690 1307 773 1)

79 794 230 853 scientiam
258 790 361 850 harum
390 810 486 848 rerum
506 790 643 850 Decesse
664 790 829 870 propriam,
850 789 977 850 bominis
1000 810 1073 851 vcro
1093 810 1157 849 csse
1178 791 1308 869 inquirere

80 889 312 968 inquirendoque
343 886 382 946 ad
410 887 580 961 scientiam,
606 885 703 965 quoad
731 890 793 966 ejus
821 886 885 946 lieri
912 888 1020 968 possit,
1045 886 1214 947 accedere:
1235 889 1307 948 Βοπι

79 986 193 1048 novisse
220 985 343 1060 iccirco,
374 1005 568 1062 num,squae
597 997 669 1042 csset
686 982 836 1060 dicturus,
858 1005 927 1044 vera
944 1000 1057 1060 essent,
1082 1007 1115 1044 se
1136 1006 1232 1060 vcro,
1252 1006 1307 1065 quac

79 1085 135 1165 ipsi
165 1082 336 1144 uiderentur
366 1103 451 1157 vera,
482 1081 662 1162 prolaturum
693 1103 762 1142 esse.
814 1083 1007 1157 Quamobrem
1039 1082 1150 1159 nobis,
1183 1082 1308 1164 siquiden

79 1194 155 1240 recte
183 1180 308 1241 velimus
339 1180 467 1240 Platonis
495 1178 604 1260 placita
633 1179 837 1260 interpretari,
869 1181 906 1240 ab
936 1182 1016 1241 omni
1045 1180 1119 1242 dact
1138 1182 1230 1263 operi
1245 1201 1307 1261 argu·

41 1342 48 1355 ,
79 1277 274 1353 mentatione,
294 1298 368 1357 quae
386 1277 474 1358 vulgo
492 1275 683 1356 intelligitur,
704 1277 930 1356 abstinendum,
950 1280 1124 1359 minusque,
1146 1278 1251 1359 quales
1261 1279 1307 1339 stu

79 1374 160 1457 apud
194 1375 344 1434 Platonem
381 1374 482 1449 ideae,
510 1394 614 1453 quam,
642 1388 700 1453 quo
727 1374 799 1434 haec
827 1391 936 1456 spectet
964 1375 1139 1458 philosophi
1171 1376 1307 1450 doctriua,

79 1472 279 1553 quaerendum
306 1472 442 1533 videtur:
470 1471 632 1533 cavendum
660 1486 756 1531 autem
784 1475 909 1533 maxime
933 1475 1007 1549 erit,
1028 1495 1083 1549 ne,
1106 1495 1168 1553 quo
1184 1494 1308 1534 commcn-

81 1568 190 1631 tantur
219 1569 272 1629 illa
302 1569 381 1651 apud
409 1570 559 1631 Platonem
592 1569 726 1629 sublimis
754 1576 875 1652 poeseos
904 1570 1018 1647 colore,
1045 1571 1131 1633 bunc
1163 1569 1307 1653 munds

81 1688 328 1748 corrumpamus..
383 1758 387 1764 ι
426 1684 447 1725 o

180 1859 262 1942 Quo
290 1872 463 1923 maxime
490 1834 664 1940 iptctat
690 1872 826 1923 omnir
852 1866 962 1941 opud
991 1863 1232 1923 Platonem

449 1964 492 2021 de
522 1961 948 2040 ideisditqutsttio?
999 1956 1004 1963 ’

124 2147 208 2215 idias
239 2155 318 2236 apud
347 2157 496 2216 Platonem
527 2169 682 2236 usurpatur
711 2155 748 2215 de
778 2159 868 2215 reiut
897 2156 1051 2229 universe,
1080 2154 1148 2215 sive
1175 2128 1218 2215 de
1233 2172 1309 2214 rcruu

83 2254 256 2336 generibus,
278 2255 362 2313 utin
382 2254 447 2313 bis:
468 2245 514 2312 ὅτι
535 2245 624 2332 ἡμῶν
645 2249 677 2313 ἓν
699 2247 814 2339 ἑκάστῳ
838 2246 894 2315 δύο
916 2248 978 2315 crud
998 2246 1180 2335 locov‘lddu
1201 2242 1310 2334 ἄρχοντε

83 2351 133 2414 καὶ
161 2344 271 2432 t’t‘yovtt.
292 2350 324 2432 2)
365 2350 576 2435 Intelliguntur
604 2375 668 2429 res,
690 2357 803 2436 negotia
822 2358 974 2432 universe,
995 2377 1056 2415 non
1076 2353 1224 2414 definitae
1240 2352 1311 2433 sigui·

85 2453 252 2514 litationis:
282 2452 476 2535 vertendum,
505 2453 563 2511 duo
590 2455 673 2512 nobis
702 2460 827 2529 insunt,
858 2477 934 2533 quae
960 2462 1118 2532 imperant
1144 2462 1177 2511 ct
1200 2452 1311 2511 ducunt

85 2553 204 2633 Proprie
234 2565 330 2611 autem
357 2548 411 2608 bac
439 2570 509 2609 voce
539 2551 673 2623 notiones
702 2552 910 2632 exprimuntur
936 2551 1105 2630 qualitatis,
1134 2548 1312 2628 quantitati,

84 2649 307 2731 magnitudinis.
326 2645 358 2727 3)
398 2648 433 2706 In
454 2647 607 2708 Phaedone
627 2644 705 2707 ttici
723 2649 786 2710 sive
803 2647 870 2730 εἰδῇ
888 2650 1028 2717 dicuntur
1047 2640 1082 2707 uti
1109 2641 1192 2722 ἴσον,
1219 2640 1256 2709 tti
1272 2666 1313 2707 m·

84 2742 151 2822 λόν,
178 2741 216 2808 td
242 2739 374 2826 ἀγαθόν,
400 2737 438 2805 sd
467 2737 556 2822 ὅσιον.
578 2746 610 2828 4)
651 2748 794 2810 Nationes
824 2751 913 2831 igitur
943 2757 1102 2808 univorsos
1135 2762 1228 2824 suut,
1256 2766 1314 2827 quit

86 2850 143 2909 nisi
179 2848 217 2909 ad
252 2846 437 2928 cogitandum
463 2846 715 2926 judicandumque
744 2846 913 2907 adhibuerit
941 2867 1022 2905 meus
1051 2860 1172 2922 nostra,
1203 2845 1314 2927 cogitant

85 2946 139 3006 illa
166 2961 217 3006 aut
237 2945 370 3024 judicare
399 2966 459 3004 uon
490 2957 592 3026 potest.
636 2943 694 3005 Sed
721 2944 804 3004 aliud
834 2945 919 3005 etiam
937 2942 1036 3003 eadem
1055 2964 1129 3003 voce
1147 2942 1315 3025 intelligitur
1349 2982 1351 2989 =

86 3043 239 3102 notionum
267 3064 374 3122 genus,
404 3062 502 3101 earum
532 3041 672 3102 videlicet
700 3063 773 3120 quac
798 3042 837 3102 ad
866 3040 1034 3100 faciendum
1057 3030 1178 3121 aliquid
1197 3038 1317 3125 sivein·

88 3122 275 3200 sormdndum
295 3139 455 3197 necessaria
471 3154 548 3199 sunt.
590 3138 765 3216 Hujusmodi
786 3142 895 3215 lectur,
917 3160 1034 3213 manso,
1056 3137 1180 3199 similit
1188 3122 1317 3199 dicuntur
1341 3126 1351 3219 ξ’

88 3239 120 3296 in
150 3236 235 3295 libris
263 3238 297 3294 dc
327 3237 501 3312 republica,
529 3235 580 3293 ubi
599 3236 713 3317 pictor,
734 3250 766 3296 ut
785 3237 1024 3311 memoravimus,
1047 3233 1080 3315 5)
1108 3236 1202 3296 tertio
1221 3235 1318 3297 dicitur

87 3335 151 3394 loco
171 3357 187 3394 a
207 3334 328 3394 veritate
346 3331 462 3390 abesse:
486 3352 553 3391 nam
572 3330 679 3392 lectum
700 3356 727 3394 v.
749 3356 774 3395 c.
796 3336 936 3415 pingens,
957 3333 991 3393 id
1008 3334 1122 3414 pingit,
1145 3332 1230 3412 quod
1246 3332 1318 3393 tabu

87 3433 173 3492 fecit:
196 3430 279 3490 faber
299 3444 394 3492 autem
415 3428 453 3487 ad
474 3429 610 3489 divinum
629 3430 696 3491 lecti
717 3432 882 3513 exemplum
903 3422 1010 3491 lectubt
1029 3431 1184 3492 informat.
1218 3430 1323 3527 βω·

87 3530 169 3609 plum
189 3529 266 3589 illud
286 3528 367 3589 Plato
386 3519 466 3601 εἶδος
482 3530 546 3589 sive
564 3521 661 3604 ἰδέαν,
680 3538 805 3607 speciem
816 3576 825 3606 ,
837 3533 978 3605 formam
998 3542 1090 3588 vocat.
1111 3525 1146 3607 6)
1191 3523 1324 3592 »uOtittub

122 3753 148 3818 1)
171 3755 230 3804 Tim.
249 3755 290 3806 29.
311 3757 340 3808 C.

122 3835 148 3900 2)
168 3839 275 3890 Phaedr.
294 3839 353 3892 237.
372 3841 403 3892 D.
422 3843 527 3895 Pariter
542 3846 572 3895 de
591 3846 651 3913 λῳ.
673 3844 702 3894 V.
726 3842 785 3894 50⁷.
806 3840 836 3891 E.

122 3922 149 3988 3)
168 3922 227 3975 Vid.
247 3925 313 3992 disp.
333 3926 445 3979 Socratis
464 3930 490 3979 in
509 3928 639 3980 Phaedone
657 3928 716 3980 100.
735 3927 765 3977 B.
783 3953 818 3962 —
836 3923 895 3976 105.

122 4017 150 4083 s)
167 4019 260 4071 ruta.
279 4018 320 4070 aa
339 4020 370 4072 Α.
390 4030 416 4072 es
435 4021 475 4072 rs.
494 4023 556 4074 uem
575 4021 633 4072 too.
653 4021 682 4071 r.
710 4008 759 4072 καὶ
789 4003 848 4088 εἶμι
874 4002 962 4069 πάλιν
987 4002 1034 4081 ἐνί
1058 4006 1158 4071 ἐκεῖνα
1180 4006 1221 4072 τά
1243 4016 1329 4074 noto

88 4093 261 4180 θρῦλλητα,
286 4099 336 4165 καὶ
361 4092 495 4180 ἄρχομαι
525 4096 575 4160 ἀπ’
602 4099 731 4178 ἐκείνων,
758 4097 945 4181 ὑποθέμενος
971 4097 1046 4171 εἶναι’
1069 4126 1097 4163 τι
1126 4100 1228 4167 καλόν
1256 4099 1328 4167 αὐτό

86 4196 158 4262 καθ’
179 4195 254 4262 uuicti
275 4200 325 4262 stoi
346 4196 467 4282 ἀγαθόν
487 4201 536 4262 καὶ
556 4198 635 4282 μέγα
656 4203 704 4265 καὶ
725 4176 831 4266 cuttu*
838 4199 944 4267 πάντα.
1114 4206 1120 4213 ’

123 4301 149 4364 5)
167 4304 244 4354 initio
257 4322 282 4371 p.
295 4303 353 4355 3¹9.

121 4383 652 4456 ummrmu-mn
