2774 5048
11 146 23 155 ··
101 106 269 185 injustitiam
296 100 412 167 dicebat
432 102 612 179 Carneades,
643 124 677 164 ac
695 103 810 167 duobus
828 106 950 169 sacculis
966 120 1034 168 arcte
1052 102 1196 187 sophistae
1214 103 1299 165 arte·

100 205 133 267 nis
148 224 184 287 ne
205 204 273 285 ipsi,
284 202 403 282 quidem
431 202 533 275 virtuti
548 201 737 282 justitiaeque
754 218 962 285 pepercerant,
983 218 1015 265 ut
1033 202 1207 286 prudentiae
1224 202 1299 283 poli·

99 302 151 365 t'rar
172 300 383 381 facundiaeque
406 298 558 380 gloriolam
575 297 688 359 scilicet
707 300 834 380 aliquam
850 316 1011 384 captarent.
1051 299 1300 381 Thrasymachum

27 410 33 423 ”
100 398 156 481 rp'ad
178 398 345 472 Platonem,
375 399 424 458 cui
452 396 583 457 Socrates
602 409 630 455 et
647 397 729 457 Plato
749 419 912 479 germanam
931 401 1144 485 philosophiam
1163 418 1301 481 opposue·

26 486 40 517 '¹
99 510 158 573 teat,
180 497 289 557 imitari
317 509 345 557 et
373 516 506 577 superare
527 494 598 555 adeo
618 495 789 556 cavillando
807 511 927 558 conatus
944 498 1070 560 videtur.
1095 497 1124 579 l)
1164 498 1212 558 Sic
1230 510 1300 556 tem·

100 616 147 677 pora
163 607 270 655 nauta
288 607 388 655 erant:
409 595 467 653 imo
491 614 559 655 vero
578 593 617 653 ad
636 595 775 674 pristinas
795 596 919 678 ineptias
938 596 1162 677 sophisticasque
1180 594 1300 655 cavilla-

99 690 168 755 tiones
193 693 355 753 redibatur.
405 691 463 752 Sed
492 692 546 751 hac
577 705 667 751 aetate
695 692 860 772 eloquentia
887 708 916 754 et
944 694 1058 769 minus,
1088 715 1173 774 quam
1200 707 1299 767 antea,

98 792 329 853 marmeians
346 790 472 851 hahebat
490 803 519 849 et
534 789 601 871 plus
615 789 782 851 detrimenti
802 793 945 854 afferebat.
980 795 1052 853 Nam
1071 793 1187 851 lucrant
1205 791 1301 873 sophi·

97 902 181 949 starum
207 903 336 971 tempora
359 888 476 949 moralis
493 888 641 949 doctrinae
661 901 689 948 et
705 890 842 971 politicae
861 893 995 953 infantia.
1027 891 1176 973 Sophistae
1194 891 1282 970 igitur
1292 934 1302 966 ,

10 1019 19 1053 .·
98 1000 121 1047 ιι
137 988 182 1064 lit,
211 994 230 1047 a
257 988 420 1049 calliditate
447 988 605 1061 continuo,
626 1008 687 1045 non
711 1007 748 1045 ex
762 989 835 1066 justi
854 991 1007 1071 principiis
1025 1010 1091 1049 cum
1110 988 1235 1047 hominis
1252 1008 1302 1047 cu·

15 1112 21 1123 ·
93 1084 173 1167 isque
198 1100 260 1147 tum
281 1087 467 1168 politicorum
497 1085 625 1145 virorum
654 1087 859 1165 praestantiam
879 1088 1064 1168 repetebant:
1085 1086 1163 1166 quod
1182 1099 1210 1145 et
1227 1086 1302 1146 serio

23 1178 32 1219 ·’
94 1180 219 1245 heiebant
243 1206 341 1245 eorum
367 1184 514 1266 principes
542 1196 570 1241 et
589 1182 662 1241 miro
682 1184 815 1242 acumine
836 1186 955 1265 parique
974 1186 1153 1265 eloquentiae
1171 1184 1253 1263 copia
1273 1197 1302 1243 et

18 1304 22 1313 ·
93 1278 227 1363 elegantia.
267 1285 340 1342 Nam
365 1281 425 1343 vim
453 1295 482 1340 et
509 1280 592 1359 quasi
616 1281 810 1340 maturitatem
828 1297 996 1343 consecutae
1013 1284 1066 1342 hae
1082 1281 1231 1342 doctrinae
1249 1303 1302 1363 per

20 1446 24 1454 ,
89 1376 198 1443 &cratis
222 1394 252 1441 et
278 1382 409 1441 Platonis
436 1378 649 1461 philosophiam
667 1392 695 1438 et
712 1380 913 1440 Demosthenis
933 1382 1145 1460 eloquentiam,
1167 1393 1199 1439 ut
1217 1394 1301 1462 turpe

86 1492 147 1538 euet
175 1479 414 1555 vehementerque
444 1489 560 1537 noceret
586 1476 733 1550 moribus,
754 1479 795 1536 sic
815 1478 853 1537 ad
872 1479 984 1539 ludicra
1006 1479 1120 1558 negotia
1136 1478 1301 1558 eloquentia

82 1576 165 1639 abuti,
195 1575 423 1637 Consenescehat
440 1577 509 1636 item
527 1573 581 1633 hac
601 1588 691 1634 aetate
711 1575 789 1656 apud
807 1575 930 1636 Graecos
948 1576 1126 1655 eloquentia,
1148 1591 1180 1637 ut
1195 1577 1301 1657 gratiae

39 1736 43 1743 ,
75 1676 213 1759 pristinae
231 1689 316 1754 atque
336 1674 474 1734 ubertatis
490 1674 543 1734 rin
567 1673 645 1732 levia
665 1675 785 1733 referret
802 1676 938 1754 vestigia:
960 1674 1114 1734 dialectica
1134 1696 1203 1736 vero
1222 1695 1301 1735 nunc

71 1772 190 1856 demunt
207 1775 368 1856 praeceptis
386 1771 554 1853 legibusque
573 1770 745 1851 disputandi
766 1786 826 1832 erat
844 1773 1026 1848 confirmata,
1047 1795 1079 1833 ao
1097 1794 1150 1856 per
1165 1773 1301 1851 eloquen-

67 1873 159 1948 dam,
189 1873 321 1951 quamvis
349 1871 543 1952 decrepitam,
573 1870 706 1949 quamvis
727 1869 807 1950 apud
826 1869 934 1931 Stoicos
952 1872 1070 1951 quidem
1090 1870 1128 1930 ad
1146 1872 1301 1930 infantiam

10 1982 14 2029 t
60 1970 242 2033 redeuntem
252 2015 261 2045 ,
280 1983 378 2028 tamen
405 1989 457 2049 per
482 1989 563 2043 eam,
583 1968 813 2048 qualemcunque
832 1969 970 2045 tandem,
991 1971 1051 2030 vim
1070 1990 1150 2030 suam
1169 1968 1304 2029 studebat

10 2088 14 2145 t
58 2089 224 2143 exserere,
252 2080 342 2126 mater
366 2066 454 2125 fiebat
481 2068 701 2126 contentionum
729 2067 879 2143 sutilium,
899 2069 1042 2150 falsasque
1067 2070 1219 2150 opiniones
1242 2090 1302 2128 non

10 2162 13 2173 ’
55 2169 134 2233 veri
166 2165 342 2247 ignorantih·
359 2178 482 2255 temere,
512 2164 563 2223 sed
591 2165 658 2224 data
687 2166 788 2245 operi,
816 2166 868 2226 sed
895 2168 1013 2228 rixandi
1032 2170 1131 2228 caussi
1150 2167 1304 2227 elaboratis

51 2264 372 2349 argumentationibus
400 2261 692 2340 conclusionibusque
717 2262 839 2343 probare
865 2265 1115 2346 aggrediebantur.
1157 2267 1219 2325 Hac
1241 2265 1303 2325 dia·

51 2367 178 2433 lectica
201 2364 295 2445 specie
318 2361 418 2423 medio
445 2382 515 2420 aevo
541 2361 574 2419 in
601 2360 761 2440 Europaeis
788 2362 904 2442 populis
921 2365 1039 2444 prodiit.
1070 2363 1244 2423 Scholastica
1271 2375 1302 2421 ut

17 2510 20 2515 -
50 2446 151 2538 erat,
185 2464 224 2521 ita
247 2463 334 2521 etiam
361 2459 399 2519 ab
426 2459 489 2519 illis
510 2472 538 2518 et
554 2458 654 2519 hahita
674 2472 703 2518 et
719 2459 884 2539 appellata,
904 2463 975 2540 qui,
996 2461 1034 2521 ad
1051 2462 1172 2521 humani
1189 2461 1302 2541 generis

49 2563 296 2628 emolumentum
304 2580 460 2634 summum,
470 2556 642 2618 substituere
652 2559 678 2618 ei
687 2557 861 2617 Socraticam
870 2572 899 2618 et
908 2558 1085 2619 Platonicam
1093 2559 1214 2640 aggressi
1225 2572 1307 2618 sunt,

209 2757 466 2816 Socraticus
494 2756 763 2814 dialecticus
792 2766 831 2815 st
859 2755 1172 2815 Aristotelicas
1264 2796 1267 2801 »

567 2854 810 2914 discrimen.

110 3050 174 3113 sed
201 3052 271 3111 licet
299 3049 461 3111 Aristotelis
490 3032 705 3131 ovsscprocutsi,
734 3063 765 3109 ut
793 3060 928 3130 usurpata
954 3070 972 3107 a
995 3049 1115 3130 posteris
1134 3062 1195 3123 est,
1216 3047 1301 3108 indu·

59 3152 165 3215 ottoni
192 3149 351 3211 Socraticae
379 3165 552 3231 repugnaret
581 3153 669 3234 plane
697 3151 883 3227 nocueritque
907 3169 1043 3229 perquam
1064 3148 1194 3208 veritatis
1212 3148 1303 3208 virtu·
1346 3157 1348 3162 ’

61 3252 169 3330 tisque
193 3249 307 3325 studio,
336 3263 434 3309 tamen
460 3272 521 3310 non
541 3251 581 3310 ita
597 3250 824 3311 existimandum
840 3247 877 3307 de
893 3246 1026 3327 illalcst,
1046 3245 1128 3324 quasi
1145 3245 1304 3324 rejicienda

65 3350 111 3413 ait
125 3347 247 3409 omnino
262 3361 295 3406 ut
311 3360 431 3407 naturae
451 3349 603 3409 contraria.
646 3347 816 3408 Cavendum
835 3359 876 3404 est
894 3346 1038 3418 maxime,
1059 3345 1303 3404 nerlristotelicae

65 3446 245 3515 dialecticae
258 3445 403 3506 auctorem
416 3468 482 3505 cum
495 3445 680 3528 syllogisticis
695 3447 757 3507 sive
771 3443 950 3503 scholasticis
963 3438 1068 3529 veteris
1082 3441 1303 3520 recentiorisque

23 3588 28 3603 .
67 3545 139 3607 aevi
162 3542 343 3625 philosophis
360 3543 600 3605 confundamus·
623 3543 747 3604 Socratis
767 3541 946 3603 ffldeoticm
968 3561 1033 3601 eum
1051 3540 1212 3600 Aristotelis
1230 3560 1305 3598 com-

67 3642 266 3729 parantibus,
298 3643 447 3721 utriusque
473 3643 558 3703 nohis
584 3643 711 3703 tenenda
736 3656 778 3701 est
806 3660 871 3698 cum
898 3638 1014 3698 consilii
1029 3653 1091 3698 tum
1109 3637 1243 3697 utilitatis
1263 3637 1308 3697 di·

69 3742 209 3805 versitas.
251 3741 358 3800 Ambae
387 3764 491 3800 aarum
519 3755 665 3822 spectant,
686 3739 737 3800 sed
762 3738 904 3798 Socratica
921 3745 1059 3797 invenire
1078 3737 1172 3810 illud,
1194 3737 1305 3796 Aristo-

67 3840 164 3903 telica
186 3843 316 3917 probare
344 3842 459 3900 nititur.
500 3841 617 3901 Habent
636 3842 675 3900 ita
695 3838 795 3898 ambae
814 3836 968 3897 utilitatem
986 3856 1136 3917 magnam,
1157 3833 1210 3921 sed
1225 3855 1304 3894 suam

70 3953 219 4016 unaque,
240 3960 313 4014 neo,
333 3939 412 4018 quod
434 3939 525 3999 altera
551 3937 642 4000 efficit
660 3939 693 3999 in
710 3935 807 3998 studio
824 3936 971 4011 veritatis,
992 3935 1070 3997 idem
1088 3931 1200 3993 efficere
1216 3931 1306 3992 altera

109 4133 515 4226 nmuwamn
