<?xml version="1.0" encoding="UTF-8"?>
<!DOCTYPE html PUBLIC "-//W3C//DTD XHTML 1.0 Transitional//EN"
    "http://www.w3.org/TR/xhtml1/DTD/xhtml1-transitional.dtd">
<html xmlns="http://www.w3.org/1999/xhtml" xml:lang="en" lang="en">
 <head>
  <title>
</title>
<meta http-equiv="Content-Type" content="text/html;charset=utf-8" />
  <meta name='ocr-system' content='tesseract 3.04.00' />
  <meta name='ocr-capabilities' content='ocr_page ocr_carea ocr_par ocr_line ocrx_word'/>
</head>
<body>
  <div class='ocr_page' id='page_1' title='image "./initiaphilosoph00heusgoog_0019.png"; bbox 0 0 2796 5048; ppageno 0'>
   <div class='ocr_carea' id='block_1_1' title="bbox 80 257 98 296">
    <p class='ocr_par' dir='ltr' id='par_1_1' title="bbox 80 257 98 296">
     <span class='ocr_line' id='line_1_1' title="bbox 80 257 98 296; baseline 0 0"><span class='ocrx_word' id='word_1_1' title='bbox 80 257 98 296; x_wconf 72' lang='grc' dir='ltr'><strong>Χ</strong></span> 
     </span>
    </p>
   </div>
   <div class='ocr_carea' id='block_1_2' title="bbox 79 419 1323 2234">
    <p class='ocr_par' dir='ltr' id='par_1_2' title="bbox 79 419 1323 2234">
     <span class='ocr_line' id='line_1_2' title="bbox 79 419 1321 501; baseline 0.001 -21"><span class='ocrx_word' id='word_1_2' title='bbox 79 423 133 480; x_wconf 86' lang='lat' dir='ltr'><em>bus</em></span> <span class='ocrx_word' id='word_1_3' title='bbox 147 419 242 495; x_wconf 86' lang='lat' dir='ltr'><em>hujus</em></span> <span class='ocrx_word' id='word_1_4' title='bbox 261 421 334 479; x_wconf 89' lang='lat' dir='ltr'><em>libri</em></span> <span class='ocrx_word' id='word_1_5' title='bbox 354 422 523 478; x_wconf 87' lang='lat' dir='ltr'><em>virtutibus</em></span> <span class='ocrx_word' id='word_1_6' title='bbox 541 420 704 496; x_wconf 85' lang='lat' dir='ltr'><em>disseruit,</em></span> <span class='ocrx_word' id='word_1_7' title='bbox 725 441 891 480; x_wconf 84' lang='lat' dir='ltr'><em>memorare</em></span> <span class='ocrx_word' id='word_1_8' title='bbox 911 443 963 478; x_wconf 89' lang='lat' dir='ltr'><em>nee</em></span> <span class='ocrx_word' id='word_1_9' title='bbox 973 422 1085 498; x_wconf 84' lang='lat' dir='ltr'><em>filium</em></span> <span class='ocrx_word' id='word_1_10' title='bbox 1104 423 1204 497; x_wconf 86' lang='lat' dir='ltr'><em>docet,</em></span> <span class='ocrx_word' id='word_1_11' title='bbox 1226 444 1321 501; x_wconf 89' lang='lat' dir='ltr'><em>nequo</em></span> 
     </span>
     <span class='ocr_line' id='line_1_3' title="bbox 79 550 1321 632; baseline 0.004 -23"><span class='ocrx_word' id='word_1_12' title='bbox 79 553 174 628; x_wconf 85' lang='lat' dir='ltr'><em>hujus</em></span> <span class='ocrx_word' id='word_1_13' title='bbox 190 561 236 617; x_wconf 88' lang='lat' dir='ltr'><em>est</em></span> <span class='ocrx_word' id='word_1_14' title='bbox 255 554 321 612; x_wconf 89' lang='lat' dir='ltr'><em>loci.</em></span> <span class='ocrx_word' id='word_1_15' title='bbox 360 550 481 611; x_wconf 88' lang='lat' dir='ltr'><em>Addere</em></span> <span class='ocrx_word' id='word_1_16' title='bbox 505 562 607 611; x_wconf 87' lang='lat' dir='ltr'><em>tamen</em></span> <span class='ocrx_word' id='word_1_17' title='bbox 635 555 745 628; x_wconf 83' lang='lat' dir='ltr'><em>velim,</em></span> <span class='ocrx_word' id='word_1_18' title='bbox 766 571 842 632; x_wconf 88' lang='lat' dir='ltr'><em>quae</em></span> <span class='ocrx_word' id='word_1_19' title='bbox 861 561 925 631; x_wconf 87' lang='lat' dir='ltr'><em>ipse</em></span> <span class='ocrx_word' id='word_1_20' title='bbox 945 554 1110 632; x_wconf 86' lang='lat' dir='ltr'><em>aliquando</em></span> <span class='ocrx_word' id='word_1_21' title='bbox 1129 575 1166 612; x_wconf 80' lang='lat' dir='ltr'><em>sn</em></span> <span class='ocrx_word' id='word_1_22' title='bbox 1185 561 1252 630; x_wconf 88' lang='lat' dir='ltr'><em>ejus</em></span> <span class='ocrx_word' id='word_1_23' title='bbox 1270 577 1321 614; x_wconf 87' lang='lat' dir='ltr'><em>ore</em></span> 
     </span>
     <span class='ocr_line' id='line_1_4' title="bbox 79 653 1320 766; baseline 0.003 -23"><span class='ocrx_word' id='word_1_24' title='bbox 79 693 200 762; x_wconf 85' lang='lat' dir='ltr'><em>accepi,</em></span> <span class='ocrx_word' id='word_1_25' title='bbox 221 653 503 763; x_wconf 32' lang='lat' dir='ltr'><em>quasque-pariter</em></span> <span class='ocrx_word' id='word_1_26' title='bbox 525 685 566 742; x_wconf 89' lang='lat' dir='ltr'><em>ad</em></span> <span class='ocrx_word' id='word_1_27' title='bbox 593 691 654 743; x_wconf 91' lang='lat' dir='ltr'><em>rito</em></span> <span class='ocrx_word' id='word_1_28' title='bbox 682 692 749 762; x_wconf 86' lang='lat' dir='ltr'><em>ejus</em></span> <span class='ocrx_word' id='word_1_29' title='bbox 777 687 1008 766; x_wconf 79' lang='lat' dir='ltr'><em>intelligendam</em></span> <span class='ocrx_word' id='word_1_30' title='bbox 1032 694 1161 743; x_wconf 88' lang='lat' dir='ltr'><em>mentem</em></span> <span class='ocrx_word' id='word_1_31' title='bbox 1182 688 1320 760; x_wconf 88' lang='lat' dir='ltr'><em>facient.</em></span> 
     </span>
     <span class='ocr_line' id='line_1_5' title="bbox 80 807 1322 899; baseline 0.002 -25"><span class='ocrx_word' id='word_1_32' title='bbox 80 815 161 877; x_wconf 84' lang='lat' dir='ltr'><em>Nam</em></span> <span class='ocrx_word' id='word_1_33' title='bbox 188 827 225 875; x_wconf 92' lang='lat' dir='ltr'><em>ut</em></span> <span class='ocrx_word' id='word_1_34' title='bbox 250 807 489 876; x_wconf 87' lang='lat' dir='ltr'><em>instaurabatur</em></span> <span class='ocrx_word' id='word_1_35' title='bbox 510 818 589 875; x_wconf 89' lang='lat' dir='ltr'><em>mihi</em></span> <span class='ocrx_word' id='word_1_36' title='bbox 606 826 750 895; x_wconf 87' lang='lat' dir='ltr'><em>perpetuo</em></span> <span class='ocrx_word' id='word_1_37' title='bbox 775 818 1029 877; x_wconf 69' lang='lat' dir='ltr'><em>desideratissimi</em></span> <span class='ocrx_word' id='word_1_38' title='bbox 1054 825 1118 875; x_wconf 92' lang='lat' dir='ltr'><em>viri</em></span> <span class='ocrx_word' id='word_1_39' title='bbox 1135 816 1250 899; x_wconf 77' lang='lat' dir='ltr'><em>imago,</em></span> <span class='ocrx_word' id='word_1_40' title='bbox 1274 828 1322 877; x_wconf 90' lang='lat' dir='ltr'><em>ita</em></span> 
     </span>
     <span class='ocr_line' id='line_1_6' title="bbox 81 949 1321 1046; baseline 0.003 -40"><span class='ocrx_word' id='word_1_41' title='bbox 81 951 262 1009; x_wconf 87' lang='lat' dir='ltr'><em>recordabar</em></span> <span class='ocrx_word' id='word_1_42' title='bbox 290 958 412 1046; x_wconf 76' lang='lat' dir='ltr'><em>spvntp,</em></span> <span class='ocrx_word' id='word_1_43' title='bbox 442 949 518 1027; x_wconf 92' lang='lat' dir='ltr'><em>quod</em></span> <span class='ocrx_word' id='word_1_44' title='bbox 546 949 600 1006; x_wconf 88' lang='lat' dir='ltr'><em>ille</em></span> <span class='ocrx_word' id='word_1_45' title='bbox 624 957 726 1007; x_wconf 86' lang='lat' dir='ltr'><em>animo</em></span> <span class='ocrx_word' id='word_1_46' title='bbox 756 951 1010 1027; x_wconf 83' lang='lat' dir='ltr'><em>volvensmecum</em></span> <span class='ocrx_word' id='word_1_47' title='bbox 1036 956 1321 1010; x_wconf 76' lang='lat' dir='ltr'><strong><em>communicaverat.</em></strong></span> 
     </span>
     <span class='ocr_line' id='line_1_7' title="bbox 85 1081 1321 1160; baseline 0.002 -25"><span class='ocrx_word' id='word_1_48' title='bbox 85 1081 220 1140; x_wconf 76' lang='lat' dir='ltr'><em>«Mirati</em></span> <span class='ocrx_word' id='word_1_49' title='bbox 235 1090 310 1140; x_wconf 86' lang='lat' dir='ltr'><em>sunt</em></span> <span class='ocrx_word' id='word_1_50' title='bbox 328 1082 561 1158; x_wconf 82' lang='lat' dir='ltr'><em>saepe,ajebat‚</em></span> <span class='ocrx_word' id='word_1_51' title='bbox 583 1088 636 1159; x_wconf 87' lang='lat' dir='ltr'><em>qni</em></span> <span class='ocrx_word' id='word_1_52' title='bbox 655 1082 727 1139; x_wconf 86' lang='lat' dir='ltr'><em>haec</em></span> <span class='ocrx_word' id='word_1_53' title='bbox 746 1103 812 1140; x_wconf 81' lang='lat' dir='ltr'><em>mm</em></span> <span class='ocrx_word' id='word_1_54' title='bbox 833 1084 1000 1142; x_wconf 88' lang='lat' dir='ltr'><em>studiosius</em></span> <span class='ocrx_word' id='word_1_55' title='bbox 1019 1090 1189 1160; x_wconf 86' lang='lat' dir='ltr'><em>quaerunt,</em></span> <span class='ocrx_word' id='word_1_56' title='bbox 1210 1102 1268 1138; x_wconf 92' lang='lat' dir='ltr'><em>cur</em></span> <span class='ocrx_word' id='word_1_57' title='bbox 1286 1089 1321 1138; x_wconf 82' lang='lat' dir='ltr'><em>ia</em></span> 
     </span>
     <span class='ocr_line' id='line_1_8' title="bbox 79 1212 1318 1293; baseline 0.001 -22"><span class='ocrx_word' id='word_1_58' title='bbox 79 1213 265 1292; x_wconf 73' lang='lat' dir='ltr'><em>philosophia</em></span> <span class='ocrx_word' id='word_1_59' title='bbox 274 1220 358 1271; x_wconf 86' lang='lat' dir='ltr'><em>veri</em></span> <span class='ocrx_word' id='word_1_60' title='bbox 366 1213 485 1272; x_wconf 88' lang='lat' dir='ltr'><em>tamdiu</em></span> <span class='ocrx_word' id='word_1_61' title='bbox 497 1213 661 1288; x_wconf 79' lang='lat' dir='ltr'><em>hassirim,</em></span> <span class='ocrx_word' id='word_1_62' title='bbox 672 1212 789 1273; x_wconf 85' lang='lat' dir='ltr'><em>duabus</em></span> <span class='ocrx_word' id='word_1_63' title='bbox 797 1235 866 1274; x_wconf 91' lang='lat' dir='ltr'><em>vero</em></span> <span class='ocrx_word' id='word_1_64' title='bbox 874 1216 1005 1293; x_wconf 84' lang='lat' dir='ltr'><em>reliquis</em></span> <span class='ocrx_word' id='word_1_65' title='bbox 1011 1214 1214 1291; x_wconf 71' lang='lat' dir='ltr'><em>philosophiae</em></span> <span class='ocrx_word' id='word_1_66' title='bbox 1223 1221 1318 1272; x_wconf 88' lang='lat' dir='ltr'><em>ratio·</em></span> 
     </span>
     <span class='ocr_line' id='line_1_9' title="bbox 82 1317 1321 1423; baseline -0.001 -19"><span class='ocrx_word' id='word_1_67' title='bbox 82 1346 186 1421; x_wconf 88' lang='lat' dir='ltr'><em>nibus,</em></span> <span class='ocrx_word' id='word_1_68' title='bbox 204 1347 448 1423; x_wconf 75' lang='lat' dir='ltr'><em>quarumaltsra</em></span> <span class='ocrx_word' id='word_1_69' title='bbox 459 1347 500 1403; x_wconf 92' lang='lat' dir='ltr'><em>ad</em></span> <span class='ocrx_word' id='word_1_70' title='bbox 510 1346 751 1423; x_wconf 86' lang='lat' dir='ltr'><em>pulcrum,ad</em></span> <span class='ocrx_word' id='word_1_71' title='bbox 762 1352 928 1422; x_wconf 85' lang='lat' dir='ltr'><em>justum,</em></span> <span class='ocrx_word' id='word_1_72' title='bbox 949 1317 1117 1406; x_wconf 84' lang='lat' dir='ltr'><em>sanctum</em></span> <span class='ocrx_word' id='word_1_73' title='bbox 1137 1347 1321 1404; x_wconf 87' lang='lat' dir='ltr'><em>divinum·</em></span> 
     </span>
     <span class='ocr_line' id='line_1_10' title="bbox 83 1477 1319 1556; baseline -0.001 -21"><span class='ocrx_word' id='word_1_74' title='bbox 83 1499 148 1556; x_wconf 89' lang='lat' dir='ltr'><em>que</em></span> <span class='ocrx_word' id='word_1_75' title='bbox 167 1479 267 1535; x_wconf 88' lang='lat' dir='ltr'><em>altera</em></span> <span class='ocrx_word' id='word_1_76' title='bbox 283 1480 425 1553; x_wconf 83' lang='lat' dir='ltr'><em>refertur</em></span> <span class='ocrx_word' id='word_1_77' title='bbox 434 1523 443 1552; x_wconf 85' lang='lat'><em>‚</em></span> <span class='ocrx_word' id='word_1_78' title='bbox 459 1484 648 1535; x_wconf 78' lang='lat' dir='ltr'><em>cistertium</em></span> <span class='ocrx_word' id='word_1_79' title='bbox 658 1477 792 1556; x_wconf 79' lang='lat' dir='ltr'><em>singulis</em></span> <span class='ocrx_word' id='word_1_80' title='bbox 800 1500 916 1537; x_wconf 91' lang='lat' dir='ltr'><em>moram</em></span> <span class='ocrx_word' id='word_1_81' title='bbox 926 1499 1104 1555; x_wconf 80' lang='lat' dir='ltr'><em>operamque</em></span> <span class='ocrx_word' id='word_1_82' title='bbox 1120 1481 1319 1537; x_wconf 80' lang='lat' dir='ltr'><em>tribuerim.»</em></span> 
     </span>
     <span class='ocr_line' id='line_1_11' title="bbox 82 1600 1323 1693; baseline 0.004 -28"><span class='ocrx_word' id='word_1_83' title='bbox 82 1606 129 1667; x_wconf 88' lang='lat' dir='ltr'><em>Ac</em></span> <span class='ocrx_word' id='word_1_84' title='bbox 146 1610 258 1668; x_wconf 82' lang='lat' dir='ltr'><em>leniter</em></span> <span class='ocrx_word' id='word_1_85' title='bbox 272 1610 446 1675; x_wconf 81' lang='lat' dir='ltr'><em>subridens:</em></span> <span class='ocrx_word' id='word_1_86' title='bbox 471 1602 559 1670; x_wconf 69' lang='lat' dir='ltr'><em>«Oba</em></span> <span class='ocrx_word' id='word_1_87' title='bbox 569 1600 768 1691; x_wconf 72' lang='grc' dir='ltr'><em>ἀπειροκάλως</em></span> <span class='ocrx_word' id='word_1_88' title='bbox 783 1612 902 1687; x_wconf 87' lang='lat' dir='ltr'><em>quidem</em></span> <span class='ocrx_word' id='word_1_89' title='bbox 917 1612 985 1686; x_wconf 87' lang='lat' dir='ltr'><em>illi,</em></span> <span class='ocrx_word' id='word_1_90' title='bbox 1006 1603 1082 1670; x_wconf 73' lang='lat' dir='ltr'><em>olibe?</em></span> <span class='ocrx_word' id='word_1_91' title='bbox 1099 1602 1222 1693; x_wconf 77' lang='grc' dir='ltr'><em>σφόδρα</em></span> <span class='ocrx_word' id='word_1_92' title='bbox 1233 1604 1323 1693; x_wconf 69' lang='lat' dir='ltr'><em>sciap-</em></span> 
     </span>
     <span class='ocr_line' id='line_1_12' title="bbox 81 1733 1322 1824; baseline 0.001 -22"><span class='ocrx_word' id='word_1_93' title='bbox 81 1736 208 1820; x_wconf 80' lang='grc' dir='ltr'><strong><em>μοστίαν</em></strong></span> <span class='ocrx_word' id='word_1_94' title='bbox 229 1733 402 1822; x_wconf 68' lang='grc' dir='ltr'><em>ἀγαπῶντες</em></span> <span class='ocrx_word' id='word_1_95' title='bbox 431 1753 461 1800; x_wconf 90' lang='lat' dir='ltr'><em>et</em></span> <span class='ocrx_word' id='word_1_96' title='bbox 490 1766 561 1804; x_wconf 85' lang='lat' dir='ltr'><em>vero</em></span> <span class='ocrx_word' id='word_1_97' title='bbox 582 1753 705 1824; x_wconf 88' lang='lat' dir='ltr'><em>proprio</em></span> <span class='ocrx_word' id='word_1_98' title='bbox 733 1745 871 1804; x_wconf 86' lang='lat' dir='ltr'><em>vocabulo</em></span> <span class='ocrx_word' id='word_1_99' title='bbox 899 1750 968 1803; x_wconf 89' lang='lat' dir='ltr'><em>usi:</em></span> <span class='ocrx_word' id='word_1_100' title='bbox 999 1752 1155 1804; x_wconf 83' lang='lat' dir='ltr'><em>verissime</em></span> <span class='ocrx_word' id='word_1_101' title='bbox 1182 1754 1261 1804; x_wconf 91' lang='lat' dir='ltr'><em>onim</em></span> <span class='ocrx_word' id='word_1_102' title='bbox 1287 1755 1322 1804; x_wconf 87' lang='lat' dir='ltr'><em>in</em></span> 
     </span>
     <span class='ocr_line' id='line_1_13' title="bbox 81 1878 1322 1956; baseline 0.001 -21"><span class='ocrx_word' id='word_1_103' title='bbox 81 1879 140 1935; x_wconf 87' lang='lat' dir='ltr'><em>illa</em></span> <span class='ocrx_word' id='word_1_104' title='bbox 157 1886 239 1937; x_wconf 92' lang='lat' dir='ltr'><em>omni</em></span> <span class='ocrx_word' id='word_1_105' title='bbox 254 1880 288 1936; x_wconf 88' lang='lat' dir='ltr'><em>de</em></span> <span class='ocrx_word' id='word_1_106' title='bbox 302 1879 464 1938; x_wconf 89' lang='lat' dir='ltr'><em>dialectica</em></span> <span class='ocrx_word' id='word_1_107' title='bbox 479 1879 742 1956; x_wconf 84' lang='lat' dir='ltr'><em>metaphysicaque</em></span> <span class='ocrx_word' id='word_1_108' title='bbox 759 1885 931 1956; x_wconf 69' lang='lat' dir='ltr'><em>quaestione</em></span> <span class='ocrx_word' id='word_1_109' title='bbox 947 1878 1067 1951; x_wconf 83' lang='lat' dir='ltr'><em>haesi,</em></span> <span class='ocrx_word' id='word_1_110' title='bbox 1088 1899 1141 1934; x_wconf 90' lang='lat' dir='ltr'><em>nec</em></span> <span class='ocrx_word' id='word_1_111' title='bbox 1160 1880 1237 1935; x_wconf 85' lang='lat' dir='ltr'><em>mihi</em></span> <span class='ocrx_word' id='word_1_112' title='bbox 1256 1899 1322 1936; x_wconf 87' lang='lat' dir='ltr'><em>eam</em></span> 
     </span>
     <span class='ocr_line' id='line_1_14' title="bbox 81 2010 1322 2097; baseline 0 -31"><span class='ocrx_word' id='word_1_113' title='bbox 81 2020 139 2068; x_wconf 89' lang='lat' dir='ltr'><em>aut</em></span> <span class='ocrx_word' id='word_1_114' title='bbox 157 2018 221 2089; x_wconf 89' lang='lat' dir='ltr'><em>ipse</em></span> <span class='ocrx_word' id='word_1_115' title='bbox 237 2012 325 2090; x_wconf 89' lang='lat' dir='ltr'><em>plene</em></span> <span class='ocrx_word' id='word_1_116' title='bbox 341 2019 522 2097; x_wconf 85' lang='lat' dir='ltr'><em>ponitusque</em></span> <span class='ocrx_word' id='word_1_117' title='bbox 537 2019 776 2089; x_wconf 71' lang='lat' dir='ltr'><em>perspecturus,</em></span> <span class='ocrx_word' id='word_1_118' title='bbox 798 2020 854 2066; x_wconf 91' lang='lat' dir='ltr'><em>aut</em></span> <span class='ocrx_word' id='word_1_119' title='bbox 871 2010 945 2066; x_wconf 87' lang='lat' dir='ltr'><em>aliis</em></span> <span class='ocrx_word' id='word_1_120' title='bbox 964 2011 1162 2083; x_wconf 73' lang='lat' dir='ltr'><em>manifestam</em></span> <span class='ocrx_word' id='word_1_121' title='bbox 1185 2010 1322 2068; x_wconf 86' lang='lat' dir='ltr'><em>redditu·</em></span> 
     </span>
     <span class='ocr_line' id='line_1_15' title="bbox 82 2141 1323 2234; baseline -0.001 -33"><span class='ocrx_word' id='word_1_122' title='bbox 82 2163 141 2202; x_wconf 83' lang='lat' dir='ltr'><em>rus</em></span> <span class='ocrx_word' id='word_1_123' title='bbox 171 2144 309 2219; x_wconf 85' lang='lat' dir='ltr'><em>videbar,</em></span> <span class='ocrx_word' id='word_1_124' title='bbox 340 2150 403 2201; x_wconf 91' lang='lat' dir='ltr'><em>nisi</em></span> <span class='ocrx_word' id='word_1_125' title='bbox 427 2150 461 2200; x_wconf 89' lang='lat' dir='ltr'><em>in</em></span> <span class='ocrx_word' id='word_1_126' title='bbox 491 2143 637 2200; x_wconf 88' lang='lat' dir='ltr'><em>cernendo</em></span> <span class='ocrx_word' id='word_1_127' title='bbox 658 2141 873 2220; x_wconf 83' lang='lat' dir='ltr'><em>jungendoquc</em></span> <span class='ocrx_word' id='word_1_128' title='bbox 900 2148 1153 2234; x_wconf 77' lang='lat' dir='ltr'><em>accuratissimus</em></span> <span class='ocrx_word' id='word_1_129' title='bbox 1176 2159 1268 2200; x_wconf 88' lang='lat' dir='ltr'><em>essem</em></span> <span class='ocrx_word' id='word_1_130' title='bbox 1293 2153 1323 2200; x_wconf 85' lang='lat' dir='ltr'><em>et</em></span> 
     </span>
    </p>
   </div>
   <div class='ocr_carea' id='block_1_3' title="bbox 82 2269 1322 2350">
    <p class='ocr_par' dir='ltr' id='par_1_3' title="bbox 82 2269 1322 2350">
     <span class='ocr_line' id='line_1_16' title="bbox 82 2269 1322 2350; baseline 0.001 -17"><span class='ocrx_word' id='word_1_131' title='bbox 82 2281 214 2333; x_wconf 85' lang='lat' dir='ltr'><em>veritati</em></span> <span class='ocrx_word' id='word_1_132' title='bbox 233 2296 347 2334; x_wconf 91' lang='lat' dir='ltr'><em>omnem</em></span> <span class='ocrx_word' id='word_1_133' title='bbox 368 2276 474 2332; x_wconf 86' lang='lat' dir='ltr'><em>nubem</em></span> <span class='ocrx_word' id='word_1_134' title='bbox 494 2273 672 2331; x_wconf 84' lang='lat' dir='ltr'><em>subtrahere</em></span> <span class='ocrx_word' id='word_1_135' title='bbox 692 2293 828 2331; x_wconf 87' lang='lat' dir='ltr'><em>conarer.</em></span> <span class='ocrx_word' id='word_1_136' title='bbox 861 2269 962 2350; x_wconf 79' lang='lat' dir='ltr'><em>Quid?</em></span> <span class='ocrx_word' id='word_1_137' title='bbox 984 2274 1062 2350; x_wconf 89' lang='lat' dir='ltr'><em>quod</em></span> <span class='ocrx_word' id='word_1_138' title='bbox 1081 2296 1116 2332; x_wconf 89' lang='lat' dir='ltr'><em>ea</em></span> <span class='ocrx_word' id='word_1_139' title='bbox 1129 2277 1239 2349; x_wconf 88' lang='lat' dir='ltr'><em>fusior</em></span> <span class='ocrx_word' id='word_1_140' title='bbox 1257 2277 1322 2334; x_wconf 89' lang='lat' dir='ltr'><em>dis·</em></span> 
     </span>
    </p>
   </div>
   <div class='ocr_carea' id='block_1_4' title="bbox 76 2376 1342 2492">
    <p class='ocr_par' dir='ltr' id='par_1_4' title="bbox 76 2376 1342 2492">
     <span class='ocr_line' id='line_1_17' title="bbox 76 2376 1342 2492; baseline -0.001 -27"><span class='ocrx_word' id='word_1_141' title='bbox 76 2413 201 2486; x_wconf 85' lang='lat' dir='ltr'><em>putatio</em></span> <span class='ocrx_word' id='word_1_142' title='bbox 227 2415 326 2485; x_wconf 86' lang='lat' dir='ltr'><em>ipsam</em></span> <span class='ocrx_word' id='word_1_143' title='bbox 357 2413 439 2464; x_wconf 88' lang='lat' dir='ltr'><em>veri</em></span> <span class='ocrx_word' id='word_1_144' title='bbox 465 2407 684 2483; x_wconf 74' lang='lat' dir='ltr'><em>philosophiam</em></span> <span class='ocrx_word' id='word_1_145' title='bbox 700 2413 789 2463; x_wconf 88' lang='lat' dir='ltr'><em>unice</em></span> <span class='ocrx_word' id='word_1_146' title='bbox 807 2406 939 2479; x_wconf 88' lang='lat' dir='ltr'><em>decebat,</em></span> <span class='ocrx_word' id='word_1_147' title='bbox 966 2411 1074 2492; x_wconf 87' lang='lat' dir='ltr'><em>quippe</em></span> <span class='ocrx_word' id='word_1_148' title='bbox 1099 2407 1184 2485; x_wconf 84' lang='lat' dir='ltr'><em>longe</em></span> <span class='ocrx_word' id='word_1_149' title='bbox 1204 2376 1342 2484; x_wconf 74' lang='lat' dir='ltr'><em>latoque¹</em></span> 
     </span>
    </p>
   </div>
   <div class='ocr_carea' id='block_1_5' title="bbox 54 2525 1329 4338">
    <p class='ocr_par' dir='ltr' id='par_1_5' title="bbox 54 2525 1329 4338">
     <span class='ocr_line' id='line_1_18' title="bbox 78 2525 1322 2617; baseline -0.001 -21"><span class='ocrx_word' id='word_1_150' title='bbox 78 2549 248 2616; x_wconf 84' lang='lat' dir='ltr'><em>patentem,</em></span> <span class='ocrx_word' id='word_1_151' title='bbox 269 2546 416 2617; x_wconf 86' lang='lat' dir='ltr'><em>cujusque</em></span> <span class='ocrx_word' id='word_1_152' title='bbox 426 2546 460 2596; x_wconf 89' lang='lat' dir='ltr'><em>in</em></span> <span class='ocrx_word' id='word_1_153' title='bbox 480 2525 711 2617; x_wconf 85' lang='lat' dir='ltr'><em>saphilosophia</em></span> <span class='ocrx_word' id='word_1_154' title='bbox 719 2545 865 2616; x_wconf 86' lang='lat' dir='ltr'><em>princeps</em></span> <span class='ocrx_word' id='word_1_155' title='bbox 884 2538 1064 2610; x_wconf 73' lang='lat' dir='ltr'><em>locassent,</em></span> <span class='ocrx_word' id='word_1_156' title='bbox 1085 2558 1161 2613; x_wconf 89' lang='lat' dir='ltr'><em>quae</em></span> <span class='ocrx_word' id='word_1_157' title='bbox 1178 2545 1322 2612; x_wconf 90' lang='lat' dir='ltr'><em>optimam</em></span> 
     </span>
     <span class='ocr_line' id='line_1_19' title="bbox 82 2643 1321 2746; baseline -0.002 -17"><span class='ocrx_word' id='word_1_158' title='bbox 82 2673 212 2732; x_wconf 84' lang='lat' dir='ltr'><em>heminis</em></span> <span class='ocrx_word' id='word_1_159' title='bbox 230 2677 458 2730; x_wconf 87' lang='lat' dir='ltr'><em>institutionem</em></span> <span class='ocrx_word' id='word_1_160' title='bbox 478 2680 508 2728; x_wconf 90' lang='lat' dir='ltr'><em>et</em></span> <span class='ocrx_word' id='word_1_161' title='bbox 526 2672 566 2728; x_wconf 90' lang='lat' dir='ltr'><em>ad</em></span> <span class='ocrx_word' id='word_1_162' title='bbox 579 2677 788 2729; x_wconf 87' lang='lat' dir='ltr'><em>veritatem</em></span> <span class='ocrx_word' id='word_1_163' title='bbox 802 2643 1022 2730; x_wconf 80' lang='lat' dir='ltr'><em>conversionem</em></span> <span class='ocrx_word' id='word_1_164' title='bbox 1032 2669 1194 2744; x_wconf 83' lang='lat' dir='ltr'><em>spectabat.</em></span> <span class='ocrx_word' id='word_1_165' title='bbox 1219 2667 1321 2746; x_wconf 79' lang='lat' dir='ltr'><em>Quare</em></span> 
     </span>
     <span class='ocr_line' id='line_1_20' title="bbox 82 2806 1321 2882; baseline -0.002 -20"><span class='ocrx_word' id='word_1_166' title='bbox 82 2806 182 2863; x_wconf 81' lang='lat' dir='ltr'><em>nolint</em></span> <span class='ocrx_word' id='word_1_167' title='bbox 199 2806 277 2863; x_wconf 88' lang='lat' dir='ltr'><em>mihi</em></span> <span class='ocrx_word' id='word_1_168' title='bbox 297 2825 471 2862; x_wconf 84' lang='lat' dir='ltr'><em>succensere</em></span> <span class='ocrx_word' id='word_1_169' title='bbox 483 2811 670 2882; x_wconf 78' lang='lat' dir='ltr'><em>graviusque</em></span> <span class='ocrx_word' id='word_1_170' title='bbox 689 2825 736 2862; x_wconf 88' lang='lat' dir='ltr'><em>me</em></span> <span class='ocrx_word' id='word_1_171' title='bbox 751 2823 915 2872; x_wconf 67' lang='lat' dir='ltr'><em>accusem</em></span> <span class='ocrx_word' id='word_1_172' title='bbox 938 2809 1081 2858; x_wconf 68' lang='lat' dir='ltr'><em>excusent</em></span> <span class='ocrx_word' id='word_1_173' title='bbox 1102 2808 1220 2879; x_wconf 87' lang='lat' dir='ltr'><em>potius,</em></span> <span class='ocrx_word' id='word_1_174' title='bbox 1243 2808 1321 2859; x_wconf 86' lang='lat' dir='ltr'><em>siin</em></span> 
     </span>
     <span class='ocr_line' id='line_1_21' title="bbox 81 2925 1319 3014; baseline -0.001 -20"><span class='ocrx_word' id='word_1_175' title='bbox 81 2938 253 3014; x_wconf 79' lang='lat' dir='ltr'><em>seponenda</em></span> <span class='ocrx_word' id='word_1_176' title='bbox 270 2937 409 3011; x_wconf 84' lang='lat' dir='ltr'><em>Platonis</em></span> <span class='ocrx_word' id='word_1_177' title='bbox 428 2935 592 2993; x_wconf 87' lang='lat' dir='ltr'><em>dialectica</em></span> <span class='ocrx_word' id='word_1_178' title='bbox 616 2942 747 2993; x_wconf 89' lang='lat' dir='ltr'><em>nimium</em></span> <span class='ocrx_word' id='word_1_179' title='bbox 777 2952 823 2992; x_wconf 82' lang='lat' dir='ltr'><em>mo</em></span> <span class='ocrx_word' id='word_1_180' title='bbox 842 2937 936 3009; x_wconf 82' lang='lat' dir='ltr'><em>hujus</em></span> <span class='ocrx_word' id='word_1_181' title='bbox 962 2925 1092 3012; x_wconf 65' lang='grc' dir='ltr'><em>ἐραστήν</em></span> <span class='ocrx_word' id='word_1_182' title='bbox 1121 2936 1319 3012; x_wconf 82' lang='lat' dir='ltr'><em>probaverim.</em></span> 
     </span>
     <span class='ocr_line' id='line_1_22' title="bbox 83 3038 1321 3148; baseline -0.004 -20"><span class='ocrx_word' id='word_1_183' title='bbox 83 3068 243 3148; x_wconf 63' lang='lat' dir='ltr'><em>corregam</em></span> <span class='ocrx_word' id='word_1_184' title='bbox 263 3077 364 3127; x_wconf 87' lang='lat' dir='ltr'><em>tamen</em></span> <span class='ocrx_word' id='word_1_185' title='bbox 394 3042 543 3146; x_wconf 80' lang='lat' dir='ltr'><em>quidquid</em></span> <span class='ocrx_word' id='word_1_186' title='bbox 559 3087 738 3146; x_wconf 84' lang='lat' dir='ltr'><em>peccavero,</em></span> <span class='ocrx_word' id='word_1_187' title='bbox 766 3072 794 3122; x_wconf 89' lang='lat' dir='ltr'><em>si</em></span> <span class='ocrx_word' id='word_1_188' title='bbox 822 3066 903 3123; x_wconf 91' lang='lat' dir='ltr'><em>modo</em></span> <span class='ocrx_word' id='word_1_189' title='bbox 927 3038 1098 3146; x_wconf 82' lang='lat' dir='ltr'><em>peccavero.</em></span> <span class='ocrx_word' id='word_1_190' title='bbox 1133 3067 1163 3126; x_wconf 86' lang='lat' dir='ltr'><em>V</em></span> <span class='ocrx_word' id='word_1_191' title='bbox 1161 3068 1204 3127; x_wconf 95' lang='lat' dir='ltr'><em>olo</em></span> <span class='ocrx_word' id='word_1_192' title='bbox 1223 3074 1321 3124; x_wconf 77' lang='lat' dir='ltr'><em>essm</em></span> 
     </span>
     <span class='ocr_line' id='line_1_23' title="bbox 81 3200 1322 3279; baseline -0.004 -20"><span class='ocrx_word' id='word_1_193' title='bbox 81 3208 176 3261; x_wconf 87' lang='lat' dir='ltr'><em>totius</em></span> <span class='ocrx_word' id='word_1_194' title='bbox 204 3208 302 3279; x_wconf 86' lang='lat' dir='ltr'><em>operis</em></span> <span class='ocrx_word' id='word_1_195' title='bbox 332 3210 505 3278; x_wconf 85' lang='lat' dir='ltr'><em>conspectus</em></span> <span class='ocrx_word' id='word_1_196' title='bbox 512 3237 536 3276; x_wconf 79' lang='lat'><em>,·</em></span> <span class='ocrx_word' id='word_1_197' title='bbox 560 3222 619 3258; x_wconf 91' lang='lat' dir='ltr'><em>non</em></span> <span class='ocrx_word' id='word_1_198' title='bbox 647 3200 805 3276; x_wconf 76' lang='lat' dir='ltr'><em>inficetum</em></span> <span class='ocrx_word' id='word_1_199' title='bbox 837 3200 1043 3275; x_wconf 90' lang='lat' dir='ltr'><em>compendium</em></span> <span class='ocrx_word' id='word_1_200' title='bbox 1077 3201 1242 3279; x_wconf 83' lang='lat' dir='ltr'><em>quoddam,</em></span> <span class='ocrx_word' id='word_1_201' title='bbox 1271 3200 1322 3256; x_wconf 90' lang='lat' dir='ltr'><em>scd</em></span> 
     </span>
     <span class='ocr_line' id='line_1_24' title="bbox 54 3332 1321 3411; baseline -0.003 -19"><span class='ocrx_word' id='word_1_202' title='bbox 54 3342 252 3411; x_wconf 62' lang='lat' dir='ltr'><em>‘conspectas</em></span> <span class='ocrx_word' id='word_1_203' title='bbox 278 3334 352 3391; x_wconf 86' lang='lat' dir='ltr'><em>talis</em></span> <span class='ocrx_word' id='word_1_204' title='bbox 376 3334 479 3411; x_wconf 90' lang='lat' dir='ltr'><em>qualis</em></span> <span class='ocrx_word' id='word_1_205' title='bbox 499 3352 552 3390; x_wconf 89' lang='lat' dir='ltr'><em>noc</em></span> <span class='ocrx_word' id='word_1_206' title='bbox 580 3333 699 3390; x_wconf 85' lang='lat' dir='ltr'><em>dedecet</em></span> <span class='ocrx_word' id='word_1_207' title='bbox 722 3332 860 3390; x_wconf 82' lang='lat' dir='ltr'><em>Platonis</em></span> <span class='ocrx_word' id='word_1_208' title='bbox 885 3333 1107 3409; x_wconf 84' lang='lat' dir='ltr'><em>philosophiam</em></span> <span class='ocrx_word' id='word_1_209' title='bbox 1131 3343 1161 3390; x_wconf 85' lang='lat' dir='ltr'><em>et</em></span> <span class='ocrx_word' id='word_1_210' title='bbox 1179 3340 1213 3390; x_wconf 92' lang='lat' dir='ltr'><em>in</em></span> <span class='ocrx_word' id='word_1_211' title='bbox 1234 3352 1321 3409; x_wconf 89' lang='lat' dir='ltr'><em>quem</em></span> 
     </span>
     <span class='ocr_line' id='line_1_25' title="bbox 81 3463 1322 3543; baseline 0 -22"><span class='ocrx_word' id='word_1_212' title='bbox 81 3465 220 3523; x_wconf 72' lang='lat' dir='ltr'><em>doricam</em></span> <span class='ocrx_word' id='word_1_213' title='bbox 241 3472 306 3524; x_wconf 83' lang='lat' dir='ltr'><em>sint</em></span> <span class='ocrx_word' id='word_1_214' title='bbox 328 3472 515 3542; x_wconf 78' lang='lat' dir='ltr'><em>praecipua,</em></span> <span class='ocrx_word' id='word_1_215' title='bbox 537 3486 613 3542; x_wconf 87' lang='lat' dir='ltr'><em>quae</em></span> <span class='ocrx_word' id='word_1_216' title='bbox 640 3471 708 3540; x_wconf 82' lang='lat' dir='ltr'><em>ejus</em></span> <span class='ocrx_word' id='word_1_217' title='bbox 728 3463 848 3520; x_wconf 85' lang='lat' dir='ltr'><em>aditum</em></span> <span class='ocrx_word' id='word_1_218' title='bbox 875 3484 990 3543; x_wconf 87' lang='lat' dir='ltr'><em>parare</em></span> <span class='ocrx_word' id='word_1_219' title='bbox 1015 3467 1150 3523; x_wconf 88' lang='lat' dir='ltr'><em>discendi</em></span> <span class='ocrx_word' id='word_1_220' title='bbox 1178 3466 1322 3523; x_wconf 77' lang='lat' dir='ltr'><em>studiosis</em></span> 
     </span>
     <span class='ocr_line' id='line_1_26' title="bbox 79 3595 1320 3675; baseline -0.003 -20"><span class='ocrx_word' id='word_1_221' title='bbox 79 3603 205 3673; x_wconf 87' lang='lat' dir='ltr'><em>possint.</em></span> <span class='ocrx_word' id='word_1_222' title='bbox 235 3595 291 3655; x_wconf 88' lang='lat' dir='ltr'><em>Ita</em></span> <span class='ocrx_word' id='word_1_223' title='bbox 309 3606 339 3655; x_wconf 90' lang='lat' dir='ltr'><em>ot</em></span> <span class='ocrx_word' id='word_1_224' title='bbox 358 3598 527 3655; x_wconf 79' lang='lat' dir='ltr'><em>multonem</em></span> <span class='ocrx_word' id='word_1_225' title='bbox 547 3597 699 3655; x_wconf 80' lang='lat' dir='ltr'><em>voluntati</em></span> <span class='ocrx_word' id='word_1_226' title='bbox 719 3617 898 3671; x_wconf 84' lang='lat' dir='ltr'><em>occurrero,</em></span> <span class='ocrx_word' id='word_1_227' title='bbox 921 3617 1013 3674; x_wconf 89' lang='lat' dir='ltr'><em>neque</em></span> <span class='ocrx_word' id='word_1_228' title='bbox 1041 3597 1222 3675; x_wconf 87' lang='lat' dir='ltr'><em>impedivero</em></span> <span class='ocrx_word' id='word_1_229' title='bbox 1250 3596 1320 3653; x_wconf 90' lang='lat' dir='ltr'><em>dili·</em></span> 
     </span>
     <span class='ocr_line' id='line_1_27' title="bbox 77 3728 1321 3828; baseline -0.002 -42"><span class='ocrx_word' id='word_1_230' title='bbox 77 3735 250 3828; x_wconf 52' lang='lat' dir='ltr'><em>gentines,</em></span> <span class='ocrx_word' id='word_1_231' title='bbox 270 3736 446 3805; x_wconf 82' lang='lat' dir='ltr'><em>quominus,</em></span> <span class='ocrx_word' id='word_1_232' title='bbox 467 3736 495 3787; x_wconf 89' lang='lat' dir='ltr'><em>si</em></span> <span class='ocrx_word' id='word_1_233' title='bbox 517 3748 623 3806; x_wconf 86' lang='lat' dir='ltr'><em>sapere</em></span> <span class='ocrx_word' id='word_1_234' title='bbox 652 3731 768 3804; x_wconf 74' lang='lat' dir='ltr'><em>volint;</em></span> <span class='ocrx_word' id='word_1_235' title='bbox 786 3751 822 3786; x_wconf 77' lang='lat' dir='ltr'><em>ex</em></span> <span class='ocrx_word' id='word_1_236' title='bbox 849 3736 928 3807; x_wconf 87' lang='lat' dir='ltr'><em>ipsis</em></span> <span class='ocrx_word' id='word_1_237' title='bbox 955 3728 1073 3788; x_wconf 89' lang='lat' dir='ltr'><em>Initiis</em></span> <span class='ocrx_word' id='word_1_238' title='bbox 1095 3738 1195 3787; x_wconf 90' lang='lat' dir='ltr'><em>cetera</em></span> <span class='ocrx_word' id='word_1_239' title='bbox 1210 3738 1321 3807; x_wconf 88' lang='lat' dir='ltr'><em>petant</em></span> 
     </span>
     <span class='ocr_line' id='line_1_28' title="bbox 80 3859 1322 3939; baseline -0.002 -21"><span class='ocrx_word' id='word_1_240' title='bbox 80 3870 244 3939; x_wconf 86' lang='lat' dir='ltr'><em>antequam</em></span> <span class='ocrx_word' id='word_1_241' title='bbox 263 3861 376 3935; x_wconf 84' lang='lat' dir='ltr'><em>adeant</em></span> <span class='ocrx_word' id='word_1_242' title='bbox 393 3863 583 3922; x_wconf 83' lang='lat' dir='ltr'><em>Platonem.»</em></span> <span class='ocrx_word' id='word_1_243' title='bbox 617 3859 701 3919; x_wconf 84' lang='lat' dir='ltr'><em>Haec</em></span> <span class='ocrx_word' id='word_1_244' title='bbox 718 3864 773 3921; x_wconf 87' lang='lat' dir='ltr'><em>ills</em></span> <span class='ocrx_word' id='word_1_245' title='bbox 793 3871 823 3920; x_wconf 88' lang='lat' dir='ltr'><em>et</em></span> <span class='ocrx_word' id='word_1_246' title='bbox 844 3863 910 3919; x_wconf 86' lang='lat' dir='ltr'><em>alia</em></span> <span class='ocrx_word' id='word_1_247' title='bbox 928 3861 1027 3918; x_wconf 88' lang='lat' dir='ltr'><em>multa</em></span> <span class='ocrx_word' id='word_1_248' title='bbox 1053 3861 1113 3918; x_wconf 90' lang='lat' dir='ltr'><em>alio</em></span> <span class='ocrx_word' id='word_1_249' title='bbox 1131 3862 1232 3918; x_wconf 88' lang='lat' dir='ltr'><em>relata</em></span> <span class='ocrx_word' id='word_1_250' title='bbox 1251 3869 1281 3916; x_wconf 91' lang='lat' dir='ltr'><em>et</em></span> <span class='ocrx_word' id='word_1_251' title='bbox 1301 3881 1322 3916; x_wconf 90' lang='lat' dir='ltr'><em>a</em></span> 
     </span>
     <span class='ocr_line' id='line_1_29' title="bbox 80 3987 1321 4072; baseline -0.004 -19"><span class='ocrx_word' id='word_1_252' title='bbox 80 4000 163 4053; x_wconf 80' lang='lat' dir='ltr'><em>sites</em></span> <span class='ocrx_word' id='word_1_253' title='bbox 173 4038 182 4068; x_wconf 92' lang='lat'>‚</span> <span class='ocrx_word' id='word_1_254' title='bbox 203 3994 280 4072; x_wconf 87' lang='lat' dir='ltr'><em>quod</em></span> <span class='ocrx_word' id='word_1_255' title='bbox 293 4003 476 4072; x_wconf 84' lang='lat' dir='ltr'><em>perpetuum</em></span> <span class='ocrx_word' id='word_1_256' title='bbox 492 3995 612 4070; x_wconf 83' lang='lat' dir='ltr'><em>hebuit,</em></span> <span class='ocrx_word' id='word_1_257' title='bbox 629 3994 866 4053; x_wconf 85' lang='lat' dir='ltr'><em>institatohaud</em></span> <span class='ocrx_word' id='word_1_258' title='bbox 885 3995 997 4051; x_wconf 89' lang='lat' dir='ltr'><em>aliena.</em></span> <span class='ocrx_word' id='word_1_259' title='bbox 1032 3987 1170 4070; x_wconf 33' lang='lat' dir='ltr'><em>Quorum*</em></span> <span class='ocrx_word' id='word_1_260' title='bbox 1186 3992 1321 4071; x_wconf 86' lang='lat' dir='ltr'><em>squidem</em></span> 
     </span>
     <span class='ocr_line' id='line_1_30' title="bbox 80 4116 1329 4215; baseline -0.001 -32"><span class='ocrx_word' id='word_1_261' title='bbox 80 4127 277 4184; x_wconf 87' lang='lat' dir='ltr'><em>consiliorum</em></span> <span class='ocrx_word' id='word_1_262' title='bbox 308 4147 437 4200; x_wconf 83' lang='lat' dir='ltr'><em>memor,</em></span> <span class='ocrx_word' id='word_1_263' title='bbox 467 4148 505 4185; x_wconf 87' lang='lat' dir='ltr'><em>ne</em></span> <span class='ocrx_word' id='word_1_264' title='bbox 533 4128 607 4206; x_wconf 84' lang='lat' dir='ltr'><em>quid</em></span> <span class='ocrx_word' id='word_1_265' title='bbox 626 4116 763 4202; x_wconf 81' lang='lat' dir='ltr'><em>deesset,</em></span> <span class='ocrx_word' id='word_1_266' title='bbox 789 4148 845 4204; x_wconf 90' lang='lat' dir='ltr'><em>quo</em></span> <span class='ocrx_word' id='word_1_267' title='bbox 875 4127 1033 4185; x_wconf 87' lang='lat' dir='ltr'><em>subvenire</em></span> <span class='ocrx_word' id='word_1_268' title='bbox 1057 4126 1189 4183; x_wconf 87' lang='lat' dir='ltr'><em>aliorum</em></span> <span class='ocrx_word' id='word_1_269' title='bbox 1209 4125 1329 4215; x_wconf 75' lang='lat' dir='ltr'><em>studiis</em></span> 
     </span>
     <span class='ocr_line' id='line_1_31' title="bbox 76 4219 1322 4338; baseline -0.002 -21"><span class='ocrx_word' id='word_1_270' title='bbox 76 4279 209 4336; x_wconf 68' lang='lat' dir='ltr'><em>possent,</em></span> <span class='ocrx_word' id='word_1_271' title='bbox 230 4219 416 4336; x_wconf 83' lang='lat' dir='ltr'><em>argumenta</em></span> <span class='ocrx_word' id='word_1_272' title='bbox 432 4260 675 4337; x_wconf 85' lang='lat' dir='ltr'><em>disquisitionis,</em></span> <span class='ocrx_word' id='word_1_273' title='bbox 696 4280 825 4338; x_wconf 89' lang='lat' dir='ltr'><em>quorum</em></span> <span class='ocrx_word' id='word_1_274' title='bbox 849 4267 972 4315; x_wconf 87' lang='lat' dir='ltr'><em>tantum</em></span> <span class='ocrx_word' id='word_1_275' title='bbox 993 4265 1139 4317; x_wconf 84' lang='lat' dir='ltr'><em>successio</em></span> <span class='ocrx_word' id='word_1_276' title='bbox 1165 4266 1198 4315; x_wconf 93' lang='lat' dir='ltr'><em>in</em></span> <span class='ocrx_word' id='word_1_277' title='bbox 1214 4263 1322 4335; x_wconf 87' lang='lat' dir='ltr'><em>priore</em></span> 
     </span>
    </p>
   </div>
   <div class='ocr_carea' id='block_1_6' title="bbox 81 4390 1319 4470">
    <p class='ocr_par' dir='ltr' id='par_1_6' title="bbox 81 4390 1319 4470">
     <span class='ocr_line' id='line_1_32' title="bbox 81 4390 1319 4470; baseline 0.001 -23"><span class='ocrx_word' id='word_1_278' title='bbox 81 4390 211 4450; x_wconf 83' lang='lat' dir='ltr'><em>editione</em></span> <span class='ocrx_word' id='word_1_279' title='bbox 228 4393 455 4467; x_wconf 77' lang='lat' dir='ltr'><em>inveniebatur,</em></span> <span class='ocrx_word' id='word_1_280' title='bbox 475 4399 541 4470; x_wconf 84' lang='lat' dir='ltr'><em>ipsa</em></span> <span class='ocrx_word' id='word_1_281' title='bbox 553 4394 649 4470; x_wconf 86' lang='lat' dir='ltr'><em>quoad</em></span> <span class='ocrx_word' id='word_1_282' title='bbox 668 4399 735 4468; x_wconf 85' lang='lat' dir='ltr'><em>ejus</em></span> <span class='ocrx_word' id='word_1_283' title='bbox 745 4394 825 4470; x_wconf 77' lang='lat' dir='ltr'><em>fieri</em></span> <span class='ocrx_word' id='word_1_284' title='bbox 840 4398 965 4469; x_wconf 88' lang='lat' dir='ltr'><em>poterat</em></span> <span class='ocrx_word' id='word_1_285' title='bbox 981 4391 1153 4450; x_wconf 80' lang='lat' dir='ltr'><em>brevissime</em></span> <span class='ocrx_word' id='word_1_286' title='bbox 1172 4391 1319 4448; x_wconf 85' lang='lat' dir='ltr'><em>indicavi.</em></span> 
     </span>
    </p>
   </div>
   <div class='ocr_carea' id='block_1_7' title="bbox 0 0 1402 5048">
    <p class='ocr_par' dir='ltr' id='par_1_7' title="bbox 0 0 1402 5048">
     <span class='ocr_line' id='line_1_33' title="bbox 0 0 1402 5048; baseline 0 0"><span class='ocrx_word' id='word_1_287' title='bbox 0 0 1402 5048; x_wconf 95' lang='lat' dir='ltr'><em> </em></span> 
     </span>
    </p>
   </div>
  </div>
 </body>
</html>
