2796 5048
676 212 716 270 94

22 445 25 451 ,
86 382 159 456 tr'ov,
191 374 275 461 ψυχή
308 370 410 456 dyedq*
442 375 483 460 τῇ
514 367 605 453 αὐτῆς
631 368 724 461 dures}
745 372 833 452 σῶμα
857 368 995 453 παρέχειν
1021 368 1061 448 ὥς
1088 367 1186 439 οἷόντε
1211 375 1306 459 βέλτι-

87 507 162 545 στον.
183 483 210 564 l)
248 480 355 558 Quodsi
379 478 465 537 alicui
487 478 615 537 eveniret
623 498 637 550 ,·
654 490 685 536 ut
703 484 770 547 m
786 478 881 535 animo
895 477 996 557 pulcro
1016 479 1147 559 pulcram
1167 496 1304 564 spectaret

86 588 266 664 conjunctam
298 579 422 658 corporis
460 576 600 656 speeiem,
633 575 686 633 hoc
719 570 778 635 esse
810 575 925 634 dicebat
952 577 1148 656 spectaculum
1177 582 1300 641 omniura

86 683 296 764 pulcerrimum.
331 668 416 736 ”Orov
443 668 479 734 dr
503 669 657 757 ξυμπίπτῃ
685 665 716 732 ἔν
741 693 771 732 τε
798 671 839 757 τῇ
864 672 955 758 ψυχῇ
979 669 1052 734 καλά
1080 669 1147 758 ἤθη
1177 672 1281 740 ἐνόντα
1287 728 1296 754 ,

86 780 134 843 καὶ
154 779 186 841 ἐν
206 777 250 864 τῷ
270 774 336 838 aldae
359 772 560 857 ὁμολογοῦντα
587 773 770 848 ἐκείνωςκαὶ
791 775 1021 853 ξυμφαγνοῦντα,
1044 780 1099 839 τοῦ
1120 776 1216 867 αὐτοῦ
1233 805 1295 860 μιτ-

86 879 193 964 spone
213 875 319 955 τύπου,
341 876 418 941 τοῦτ’
440 876 475 940 dr
496 876 539 959 εἴη
563 871 712 938 κάλλιστον
738 872 842 955 θέαμα
862 877 906 962 τῷ
927 876 1081 964 δυναμένῳ
1103 883 1250 945 θεᾶσθαι
1268 885 1293 964 2)

86 990 180 1066 ltaque
210 985 335 1044 Socrates
359 1005 423 1041 cum
453 981 582 1041 Phaedro
612 979 763 1039 discedens
781 980 898 1039 tandem
917 981 953 1039 ab
973 981 1027 1041 illo
1045 985 1243 1066 Nympharum
1257 1006 1290 1050 re·

85 1084 248 1166 captaculo,
269 1085 309 1141 sic
328 1083 401 1139 Deos
419 1094 568 1162 precatur:
592 1070 618 1138 oi
640 1074 704 1158 φίλε
727 1071 797 1138 Πάν
817 1100 848 1137 τε
869 1077 917 1138 καὶ
939 1073 1019 1141 ἄλλοι
1041 1074 1106 1142 ὅσοι
1127 1083 1203 1168 τῇδε
1222 1082 1289 1157 θεοὶ,

84 1177 184 1264 dolqre'
207 1203 258 1261 μοι
284 1177 364 1263 καλῷ
389 1174 526 1258 γενέσθαι
553 1174 712 1241 τᾶνδοθεν·
738 1174 875 1251 τᾶξωθεν
902 1177 937 1240 δὲ
959 1175 1016 1242 ὅσα
1037 1177 1115 1263 dgna,
1137 1188 1201 1258 τοῖς
1220 1179 1289 1258 inde

82 1279 156 1347 εἶναί
174 1306 224 1364 μοι
246 1279 335 1364 φίλια.
358 1279 389 1362 3)
408 1282 445 1340 Et
463 1282 533 1340 hinc
552 1283 670 1361 quidem
693 1282 825 1360 judicare
844 1283 912 1343 licet
931 1283 967 1343 de
986 1286 1157 1345 aestheticae
1177 1286 1287 1348 Platoni·
1342 1271 1344 1283 Ι

81 1411 148 1463 cae,
166 1392 245 1466 'quae
271 1383 357 1462 vulgo
375 1394 570 1459 quaeruntur,
593 1380 756 1461 principiis.
1342 1371 1344 1383 ¹

214 1581 358 1640 Sublimis
377 1589 421 1636 ert
440 1578 520 1656 apud
537 1575 696 1635 Platonem
715 1585 843 1635 manime
863 1580 1027 1654 disciplina
1042 1582 1157 1656 pulcri.

120 1777 328 1849 Aestheticam,
355 1794 426 1853 quae
454 1774 569 1854 proprie
594 1760 774 1854 appellatur,
804 1794 857 1832 nec
877 1773 1011 1833 condidit
1029 1775 1129 1851 Plato,
1155 1798 1211 1836 nec
1235 1797 1295 1837 vero

81 1877 174 1957 potuit
202 1873 334 1934 condere.
385 1875 456 1932 Nam
483 1873 616 1953 pulcrum
644 1871 843 1951 intelligebat,
872 1871 950 1950 quod
974 1873 1006 1930 in
1032 1872 1118 1932 rebus
1147 1874 1297 1935 moralibus

79 1995 217 2033 summum
234 1987 276 2032 est
294 1987 320 2031 et
340 1972 498 2052 perfectum
508 2017 516 2045 ,
538 1992 631 2049 neque
649 1971 685 2030 ab
703 1991 735 2037 eo
754 1969 924 2029 distinctum
936 1972 1074 2050 putavit,
1095 1973 1175 2051 quod
1193 1973 1299 2034 artihm
1326 1976 1330 1985 ’

79 2087 120 2132 est
137 2074 292 2155 proprium.
335 2070 387 2128 Sin
407 2090 475 2152 vero
497 2069 665 2127 aestheticae
686 2068 863 2148 appellemus
882 2070 998 2126 nomine
1026 2069 1216 2150 disciplinam
1238 2072 1297 2154 pul·
1342 2132 1344 2141 ,

79 2171 121 2229 cri
132 2217 139 2244 ,
160 2191 231 2250 quae
250 2168 287 2228 ad
306 2168 439 2249 pulcrum
463 2165 539 2224 illud
557 2169 674 2237 ,morale
697 2164 839 2239 adducat,
860 2188 942 2225 nemo
960 2166 1046 2227 facile
1063 2168 1301 2253 philosophorum

78 2268 272 2327 sublimiorem
290 2265 423 2324 condidit
446 2264 638 2322 aestheticam.
674 2265 750 2321 Nam
778 2284 810 2322 eo
829 2266 1003 2345 respiciens,
1031 2280 1105 2325 artes
1131 2283 1300 2329 contemne·

78 2367 127 2426 bat
144 2378 161 2440 ,⁴
181 2385 252 2444 quae
278 2362 409 2422 sensibus
438 2360 667 2441 gratificarentur
693 2364 797 2442 magis,
826 2384 911 2441 quam
937 2369 1067 2445 animum
1094 2367 1301 2429 emendarent:

79 2486 149 2544 quae
179 2465 251 2522 ratio
279 2476 339 2520 erat
364 2467 510 2542 poetarum
530 2462 658 2519 omnium
687 2475 714 2520 et
740 2474 900 2536 oratorum,
926 2454 1016 2543 ipsius
1043 2465 1161 2525 Homeri
1191 2467 1302 2542 luerat,

78 2564 221 2643 principis
248 2565 412 2642 poetarum,
440 2559 507 2617 illas
533 2579 601 2618 vero
624 2558 760 2617 laudabat
779 2560 882 2632 unice,
903 2581 974 2637 qnae
994 2561 1130 2622 divinum
1150 2584 1303 2643 sequeren-

79 2676 128 2721 tur
145 2660 239 2741 pulcri
259 2659 373 2718 moralis
393 2656 565 2737 exemplum.
607 2658 690 2716 Hanc
709 2671 802 2715 autem
830 2657 924 2736 pulcri
952 2657 1111 2718 doctrina'm
1139 2663 1182 2720 sic
1213 2683 1304 2744 expo-

78 2761 154 2833 suit,
173 2773 205 2818 ut
224 2759 284 2837 ejus
303 2757 449 2837 principia
477 2755 594 2814 duceret
612 2776 648 2812 ex
668 2757 729 2836 ipsa
758 2755 882 2814 hominis
909 2757 1023 2832 indole,
1044 2760 1188 2818 conferret
1208 2777 1304 2822 autem

78 2879 138 2917 eam
159 2858 321 2917 universam
341 2854 378 2912 ad
398 2875 551 2934 puerorum
570 2855 795 2926 institutionem,
811 2853 849 2912 ad
868 2875 964 2914 veram
981 2856 1199 2936 provehendam
1217 2863 1303 2920 socie·

77 2957 143 3015 tatis
160 2956 300 3014 humanae
320 2953 463 3025 salutem,
481 2952 518 3010 ad
538 2954 673 3011 virtutem
693 2952 726 3009 in
745 2952 862 3011 civitate
890 2952 1072 3012 excitandam
1101 2968 1128 3012 et
1152 2956 1302 3019 stabilien-

78 3054 153 3113 dam.
196 3054 258 3127 Quo
278 3071 344 3110 sane
364 3052 506 3130 proposito
526 3049 641 3108 nullum
660 3042 826 3126 esse'majus
836 3095 845 3122 ,
866 3051 980 3109 nullum
1000 3051 1151 3110 sublimius
1169 3069 1276 3133 potest.

119 3150 235 3209 Scilicet
255 3149 346 3208 omnis
374 3147 451 3228 apud
479 3147 625 3207 Platonem
649 3145 831 3227 philosophia
855 3147 950 3228 pulcri
975 3151 1015 3207 sic
1040 3163 1081 3209 est
1100 3171 1166 3208 cum
1192 3167 1303 3213 morum

80 3248 211 3306 doctrina
228 3246 379 3327 copulata,
400 3259 449 3320 ut,
472 3245 525 3303 hac
554 3243 684 3317 sublata,
708 3246 760 3304 vix
787 3248 874 3326 possit
898 3248 1067 3321 consistere,
1095 3263 1171 3308 certe
1197 3253 1231 3312 vi
1255 3275 1302 3312 sua

79 3360 107 3404 et
122 3345 261 3424 dignitate
281 3345 432 3402 maximam
449 3356 557 3423 partem
580 3341 760 3402 destituatur.
803 3343 852 3402 Est
870 3346 950 3422 quasi
978 3345 1111 3404 introitus
1138 3347 1250 3428 aliquis
1266 3350 1302 3410 ad

79 3445 154 3503 vitae
183 3442 352 3502 tradendam
380 3442 517 3499 rationem
545 3442 701 3520 optimam,
732 3439 769 3499 ad
797 3442 887 3521 ipsam
920 3441 1122 3522 explicandam
1151 3446 1301 3526 politicam

79 3540 273 3620 disciplinam.
316 3541 388 3598 Nam
411 3539 661 3616 disquisitionibus
681 3539 867 3598 instituendis
884 3539 920 3599 de
940 3541 1055 3621 pulcro,
1076 3541 1112 3600 de
1131 3564 1249 3621 amore,
1266 3545 1301 3607 de

44 3676 49 3688 ·
80 3640 187 3696 musica
214 3652 252 3716 et,
271 3638 397 3710 artibus,
426 3637 459 3696 id
486 3639 544 3717 agit
568 3638 709 3712 maxime,
741 3652 773 3696 ut
802 3639 878 3696 viam
907 3628 989 3697 noliis
1015 3641 1142 3721 aperiat,
1168 3665 1246 3721 quae
1264 3644 1301 3705 ad

79 3736 214 3793 virtutem
233 3735 327 3795 tendit
346 3751 372 3795 ct
402 3757 497 3795 veram
520 3737 668 3796 civitatum
696 3735 872 3796 felicitatem.
922 3736 1006 3809 Quod
1026 3760 1116 3797 unum
1135 3741 1299 3805 observasse

78 3829 219 3906 sufficiat,
245 3835 268 3890 si
286 3834 430 3913 explicare
450 3835 590 3909 velimus,
611 3855 697 3913 qnare
713 3834 867 3891 Homerum
886 3855 900 3892 e
918 3836 1043 3915 perfecta
1064 3840 1181 3899 civitate
1200 3843 1299 3903 exclu-

77 3931 145 3988 serit
163 3931 259 4004 Plato,
280 3945 442 4011 tantamque
471 3932 604 3992 tribuerit
632 3933 755 3990 musicae
783 3933 861 4005 vim,
888 3946 919 3991 ut
946 3934 978 3991 eh
1004 3956 1135 4014 perverse
1158 3943 1299 4018 nactura,

77 4139 329 4152 —·-.-——--—-—-

111 4258 449 4328 onmmmn

109 4343 135 4409 a)
156 4347 214 4396 soa.
232 4344 290 4396 roa.
310 4345 338 4397 c.

109 4429 135 4495 3)
154 4432 259 4482 asnar.
277 4429 335 4482 2⁷9.
354 4431 383 4480 a.
