2796 5048
723 226 762 284 62

127 409 206 449 nunc
227 387 416 461 admiramur,
432 386 581 447 mundum.
607 386 635 467 l)
654 389 734 462 Quae
750 388 828 447 fictio
847 408 981 467 perquam
996 389 1106 468 placuit
1123 390 1257 468 antiquis
1272 392 1354 470 politis

127 500 156 545 et
181 485 370 567 philosophis,
413 487 489 545 Hinc
510 487 587 544 enim
614 507 680 545 cum
701 487 759 546 alia
788 485 895 560 multa,
925 500 984 545 tum
1005 487 1189 568 Empedoclis
1208 476 1354 568 εμιλίανολ

99 622 101 627 -
127 587 217 659 νεῖκος
230 586 261 667 2)
281 602 309 647 et
328 582 430 661 μῦθος
449 584 528 667 apud
555 585 776 666 Aristophanem
796 585 828 643 in
846 584 1018 664 pulcerrimo
1045 588 1144 646 avium
1170 589 1285 665 choro,
1311 590 1354 649 uhi

126 689 190 748 Nox
209 687 319 748 dicitur
334 688 366 744 iu
385 685 472 745 Erebi
493 685 560 743 sinu
578 704 665 743 ovum
683 683 844 762 peperisse,

690 770 823 862 Ἐρέβους
849 774 876 841 d'
901 776 933 840 ἓν
960 769 1093 859 α’πείροσι
1113 772 1240 861 κόλποις

226 887 312 949 τίκτει
337 874 503 968 πρώτιστον
523 874 682 964 ὑπηνέμιον
709 877 773 954 Ne}
800 907 818 964 η
844 872 1059 966 μελανόπτερος
1083 876 1160 961 ον’ὀν,
1239 898 1242 906 '

228 989 259 1062 ἔξ
286 980 322 1050 οὗ
347 981 597 1070 περιτελλομέναις
620 979 710 1066 ὥραις
737 981 872 1066 ἔβλαστεν
892 980 986 1069 Ἔρως
1008 981 1025 1048 ὁ
1047 979 1198 1065 ποθεινός.
1217 995 1253 1076 3)
1328 1056 1333 1062 ,

175 1096 246 1154 Nato
256 1107 351 1154 autem
360 1113 453 1151 amore
463 1137 471 1165 ,
481 1105 541 1150 orta
551 1089 691 1148 dicuntur
700 1091 806 1164 omnia,
817 1090 870 1170 ipsi
880 1090 951 1149 adeo
959 1091 1099 1150 exstitisse
1110 1093 1158 1152 Dii
1169 1095 1359 1155 immortales:

143 1183 292 1276 πρότερον
320 1182 348 1252 δ’
375 1180 428 1251 otiu
455 1183 494 1270 ἥν
518 1183 600 1268 γένος
627 1177 806 1263 tiburtinae,
833 1187 901 1269 πρὶν
921 1182 1053 1268 ’Έρονςξ
1089 1185 1185 1269 ἔμιξεν
1207 1185 1342 1256 ἅπαντα·

145 1289 393 1376 ’ξυμμιγνυμένων
416 1283 444 1353 d’
466 1286 574 1368 ἑτέρων
597 1285 718 1370 ἑτέροις,
740 1282 828 1371 γένετ’
848 1282 988 1373 ου’ρανός,
1012 1282 1142 1368 ainardo
1163 1318 1193 1356 τε

141 1397 191 1458 καὶ
211 1393 266 1478 μή,
289 1385 409 1457 πάντων
429 1418 459 1455 τε
482 1392 565 1456 θεῶν
585 1383 730 1477 μακάριον
750 1389 831 1474 γένος
852 1387 989 1474 ἄφθιτον.

161 1500 219 1560 Sed
238 1513 346 1583 pergaq
354 1501 414 1578 jam
434 1496 590 1556 Phaedrus.
632 1498 704 1556 Nam
723 1499 784 1575 ejus
806 1498 894 1556 oratio
908 1499 969 1575 jam
987 1499 1126 1559 continuo
1149 1500 1240 1561 nobis
1260 1504 1360 1565 decla-

121 1599 214 1672 rabit,
243 1597 338 1676 qualis
364 1598 401 1657 sit
429 1595 545 1655 tandem
574 1615 652 1654 amor
679 1596 850 1656 Platonicus.
906 1618 919 1648 ο
930 1597 971 1655 Ut
991 1612 1086 1656 autem
1116 1603 1292 1663 veterrimus
1320 1618 1359 1664 est

119 1699 262 1770 Deorum,
283 1696 323 1754 ita
350 1697 538 1754 maximorum
566 1694 650 1753 nohis
677 1695 816 1754 bonorum
843 1709 942 1754 auctor
967 1710 1017 1755 est.
1060 1698 1132 1755 Nam
1154 1701 1267 1775 juveni
1287 1703 1358 1782 quid

119 1796 207 1875 magis
225 1794 396 1873 uberiusque
415 1794 522 1874 prosit,
544 1814 629 1871 quam
653 1807 759 1853 amator
782 1793 874 1853 honus
885 1839 892 1868 ,
915 1793 962 1853 vel
992 1794 1240 1876 amatori,'quam
1265 1801 1366 1869 boum,

119 1894 260 1966 amasius,
281 1892 414 1971 equidem
443 1913 502 1951 non
528 1893 649 1972 reperio.
692 1890 777 1966 Quod
803 1892 879 1949 enim
906 1891 1010 1950 ducere
1030 1892 1116 1952 debet
1145 1895 1283 1958 homines
1308 1920 1357 1981 per
1382 1886 1392 1924 '¹

118 2005 206 2052 totam
227 1991 317 2051 vitam
327 2036 335 2065 ,
360 2004 499 2070 quotquot
518 1990 635 2070 quidem
654 1991 772 2050 honeste
790 2004 855 2048 sunt
874 1991 1000 2064 victuri,
1020 1991 1099 2051 illud
1117 2014 1170 2052 nec
1191 2015 1286 2074 genus
1305 2016 1356 2057 nec

118 2090 241 2150 honores
260 2111 313 2148 nec
331 2089 453 2149 divitiae
474 2108 566 2167 neque
585 2088 642 2147 alia
670 2088 879 2166 qualiacunque
899 2101 956 2146 tarn
975 2104 1095 2169 possunt
1114 2092 1266 2171 praeclare
1292 2094 1355 2154 effi-

118 2209 182 2248 cere
193 2195 309 2266 ,'quam
334 2205 420 2246 amor.
463 2186 542 2260 Quid
561 2200 655 2244 autem
674 2186 751 2244 illud
769 2187 858 2246 dico?
883 2181 947 2266 Τήν
973 2185 1022 2246 ἐπὶ
1048 2185 1104 2266 μὲν
1130 2193 1194 2263 τοῖς
1218 2191 1355 2274 αἰσχροῖς

118 2279 275 2367 αἰσχύνην,
299 2282 348 2344 ἐπὶ
369 2280 404 2344 δὲ
424 2286 486 2356 τοῖς
506 2285 604 2356 καλοῖς
626 2281 798 2363 φιλοτιμίαν.
838 2287 989 2348 Ραιλονὲννι
1003 2298 1036 2347 in
1057 2294 1144 2350 rebus
1164 2297 1310 2370 turpibus
1327 2307 1355 2356 et

118 2398 152 2447 ι’νι
173 2391 304 2447 honestis
325 2389 566 2445 eentulotionem.
602 2387 673 2444 Nam
694 2387 755 2445 sine
772 2387 818 2445 his
836 2386 897 2446 fieri
917 2388 1000 2447 nullo
1021 2389 1216 2470 modopotest
1227 2438 1236 2467 ,
1258 2409 1291 2454 ut
1308 2394 1353 2456 vel

120 2487 223 2546 civitas
241 2486 289 2546 vel
307 2486 380 2545 civis
399 2506 501 2564 magna
521 2483 587 2543 edat
601 2498 629 2543 et
647 2484 755 2544 nobilia
776 2486 914 2545 facinora.
943 2487 1041 2546 Statuo
1062 2488 1214 2567 equidem,
1238 2493 1363 2565 virum,

118 2587 169 2665 qui
197 2599 288 2659 amet,
314 2585 338 2642 si
363 2597 446 2664 turpe
471 2583 543 2662 quid
567 2583 615 2642 vel
636 2583 696 2664 ipse
716 2585 855 2664 peregisse
878 2585 1133 2666 deprehendatur,
1160 2588 1228 2664 vel,
1255 2570 1384 2672 passus'¹

118 2684 155 2743 ab
173 2683 250 2759 alio,
272 2696 460 2764 nec-propter
488 2683 634 2762 ignaviam
659 2681 753 2756 ultus,
779 2682 989 2763 deprehensum
1013 2685 1046 2742 in
1073 2705 1105 2745 eo
1128 2687 1191 2745 sive
1215 2709 1232 2746 a
1253 2704 1351 2770 patre,

118 2784 179 2843 sive
199 2782 236 2841 ab
254 2783 371 2854 amicis,
391 2782 452 2841 sive
465 2779 509 2840 'ab
524 2780 581 2839 alio
601 2780 747 2860 quolibet,
767 2780 847 2839 haud
861 2795 974 2841 tantum
988 2783 1056 2863 angi
1076 2805 1108 2842 ac
1128 2783 1247 2860 dolere,
1263 2808 1350 2866 qnan-

118 2896 179 2940 tum
206 2880 243 2939 ab
270 2880 393 2939 amasio:
420 2880 528 2959 pariter
556 2881 692 2938 amasium
721 2876 851 2938 videmus
879 2893 941 2937 tum
968 2881 1180 2941 erubescentem
1210 2887 1348 2960 maxime,

118 2999 206 3058 quum
225 2979 256 3037 in
284 2978 364 3058 turpi
394 2977 506 3057 negotio
530 2977 566 3035 ab
595 2974 768 3035 amatoribus
795 2977 832 3035 sit
855 2993 1039 3058 conspectus..
1079 2979 1110 3038 si
1135 2981 1225 3060 igitur
1253 2984 1350 3064 aliquo

118 3091 201 3158 pacto
219 3077 354 3135 exsistere
381 3076 429 3135 vel
448 3077 551 3135 civitas
579 3086 673 3156 posset
693 3073 740 3133 vel
760 3076 901 3134 exercitus
930 3091 1086 3136 amatorum
1106 3092 1133 3136 et
1159 3082 1347 3141 amasiorum:
1381 3080 1384 3087 '

119 3175 202 3234 nulla
222 3176 295 3232 ratio
315 3188 374 3248 est,
404 3196 460 3252 qua
480 3174 583 3232 melius
600 3174 632 3231 hi
656 3193 699 3229 res
728 3193 792 3230 suas
816 3173 1003 3250 ordinarent,
1023 3174 1108 3255 quam
1136 3177 1317 3240 abstinentes
1332 3160 1361 3239 a¹

118 3274 253 3354 turpibus
276 3252 409 3331 omnihus
438 3285 466 3330 et
488 3293 583 3330 secum
613 3270 749 3328 invicem·
765 3272 954 3353 aemulatione
973 3273 1197 3333 contendentes:
1224 3291 1254 3337 et
1283 3298 1346 3338 sant

118 3372 216 3455 pugnb
236 3371 306 3431 tales
324 3372 402 3431 cives
416 3371 567 3430 vincerent
583 3367 667 3426 facile
677 3413 685 3442 ,
707 3370 792 3448 pauc'i
810 3371 894 3428 etiam
913 3392 1032 3430 numero
1042 3418 1050 3445 ,
1073 3374 1239 3449 universos,
1259 3391 1293 3435 ut
1309 3377 1345 3434 ita

118 3471 232 3547 dicam,
253 3471 392 3531 homines.
421 3463 512 3549 Ἐροῖν
536 3461 592 3546 γάρ
619 3461 693 3548 cirtio
713 3460 774 3527 13πό
794 3469 936 3529 noctuae
957 3463 1093 3550 ὀφθῆναι
1113 3465 1135 3551 ἢ
1155 3466 1249 3534 λιπών
1268 3467 1351 3545 τελέα.

117 3563 140 3650 ἢ
161 3563 238 3631 ὅπλα
264 3564 434 3649 ἀποβαλών,
461 3560 552 3652 ἧττον
576 3565 611 3630 ἂν
638 3563 735 3651 δήπου
761 3565 877 3642 λέξαιτο
899 3567 920 3653 ἢ
940 3566 999 3632 aiod
1021 3567 1138 3633 πάντων
1158 3573 1219 3634 ταῖν
1240 3569 1342 3637 ἄλλων

117 3670 166 3732 καὶ
192 3666 253 3754 μήν
280 3671 476 3752 ἐναπολιπεῖν
501 3695 532 3752 γε
557 3667 594 3733 roi
619 3667 737 3733 παιδικά
761 3669 782 3757 ἢ
807 3669 853 3755 μή
877 3675 1030 3756 βοηθῆσαι
1056 3670 1260 3752 κινδυνεύοντι,
1286 3673 1340 3762 πρό

116 3769 224 3837 τούτου
245 3768 384 3836 τεθνάναι
405 3769 442 3835 ἂν
461 3770 596 3850 πολλάκις
617 3772 718 3836 ἕλοιτο.
739 3775 771 3856 lt)
791 3778 920 3836 Amator
939 3786 1016 3836 enim
1035 3780 1071 3836 ab
1091 3787 1204 3839 amacio
1217 3787 1341 3861 conspici

118 3882 166 3939 oel
183 3881 301 3940 ordines
320 3881 472 3953 deserens,
494 3881 540 3937 vel
562 3881 697 3959 elypeum
717 3880 863 3954 objiciens
880 3885 981 3937 minua
999 3879 1088 3952 velit,
1109 3900 1200 3956 quom
1217 3902 1237 3938 α
1254 3888 1336 3939 easts-

153 4107 177 4174 λ)
196 4111 276 4177 Sqmp.
295 4106 352 4157 178.
370 4107 400 4157 Α.
415 4107 444 4158 Β.

153 4192 179 4258 2)
198 4194 276 4246 Arist.
295 4195 401 4260 Metuph.
420 4193 439 4244 l.
457 4195 481 4244 lt.
512 4236 514 4242 .

152 4277 179 4343 3)
198 4280 269 4330 sloib.
287 4295 326 4329 vs.
344 4277 402 4329 696.

151 4362 177 4425 4)
194 4365 275 4431 Symp.
291 4364 347 4415 tre.
361 4363 389 4415 C.
407 4363 463 4416 tta.
482 4365 512 4414 Α.
528 4364 623 4414 Locum
634 4365 668 4412 ita
684 4362 716 4412 de
728 4363 874 4427 coujoctura
887 4364 1015 4414 constitui.
1028 4362 1084 4412 vid.
1098 4364 1231 4428 lteyuders.
1248 4363 1352 4415 Aroot.

118 4450 151 4501 ad
167 4450 191 4500 h.
207 4450 222 4500 Ι.
238 4467 262 4516 p.
279 4448 319 4500 35.

1027 4576 1050 4627 D
