2796 5048
667 238 726 299 ⁵56

92 397 219 486 quidem.
240 402 378 481 -Quod
408 418 503 465 eutem
531 403 609 466 nihil
634 405 703 466 mali
732 405 820 481 facit,
834 403 954 473 uullius
985 404 1056 465 mali
1085 416 1129 465 est
1155 425 1261 466 caussa
1286 447 1316 459 -

90 504 217 566 Nullius.
238 504 371 581 -Quid
398 505 509 586 porro?
540 524 638 565 nonne
665 503 736 564 utile
764 503 875 565 bonum
903 484 1029 563 eitl-
1050 504 1180 571 Prorsus
1200 532 1235 542 -
1249 505 1316 586 Erga

89 601 165 663 bene
180 603 360 683 feliciterque
377 600 481 684 agendi
501 622 599 662 caussa
617 603 737 662 esti..
754 603 870 664 Est-
888 602 981 662 Non
973 603 1063 683 igitur
1077 603 1209 663 omnium
1226 625 1316 665 caussa

90 700 199 761 bonum
229 716 288 778 est,
309 702 360 762 sed
376 722 487 762 -eoium
516 701 678 777 duntaxat,
703 722 776 782 quse
804 700 880 760 hene
907 722 936 762 se
959 700 1087 761 habeut:
1111 723 1211 762 eorum
1238 723 1316 777 vero,

89 820 161 880 quae
181 801 275 876 male,
295 803 498 881 nequaquam?
518 828 554 840 -
573 799 620 860 Sis
640 815 682 861 est
699 801 827 863 omnino.
847 828 882 839 -
899 793 973 862 Osiri
989 791 1049 882 άρα
1071 792 1090 861 ο’
1108 794 1199 876 θεάς,
1222 797 1317 884 ἐπειδή

89 895 221 982 άγαθάς,
241 895 359 963 πάντων
380 896 417 963 εἰν
443 897 487 987 εἴη
514 896 619 978 αἴτιος,
651 894 692 977 οἷς
713 897 742 963 οἳ
766 900 869 963 πολλοὶ
888 897 1037 984 λέγουσιν·
1060 896 1124 964 ἄλλ’
1142 898 1255 984 ὀλίγων
1268 900 1317 983 μὲν

87 1007 150 1079 τοῖς
175 1000 348 1087 ἀνθρώποις
365 1000 470 1080 αἴτιος,
496 1002 617 1067 πολλαίν
639 1002 676 1066 δὲ
697 999 841 1080 άναίτιος·
867 999 946 1069 πολι)
966 995 1025 1088 γάρ
1054 999 1172 1068 ἐλάττω
1199 1000 1316 1088 τάγαθά

88 1105 151 1168 ταῖν
177 1108 273 1170 κακῶν
296 1102 385 1191 ἡμῖν·
415 1107 463 1170 καί
484 1108 545 1203 τῶν
569 1103 626 1188 μὲν
652 1089 779 1189 sirit-‘lois
808 1103 916 1172 οὐδένα
945 1101 1032 1170 ἄλλον
1060 1105 1225 1172 αἰτιατέον·
1256 1109 1319 1172 τῶν

89 1206 130 1289 δὲ
153 1208 273 1272 κακῶν
296 1203 368 1273 ἄλλ’
391 1203 482 1275 ἄττα
507 1211 565 1273 δεῖ
590 1208 715 1295 ζητεῖν
739 1205 783 1273 τά
807 1207 928 1289 αἴτια,
954 1206 1032 1275 ἀλλ’
1056 1207 1098 1274 σά
1123 1207 1189 1275 τάν
1217 1205 1317 1276 θεάν·

87 1335 145 1372 παπ
172 1321 274 1394 igitur
301 1312 405 1391 Deus,
431 1337 500 1374 cum
525 1318 618 1375 bonus
644 1322 705 1391 eit,
733 1324 865 1375 omnium
894 1337 1002 1375 caussa
1027 1325 1089 1392 eet,
1116 1325 1152 1374 ut
1172 1318 1265 1399 vulgo
1282 1317 1318 1375 di·

87 1423 182 1484 ount,·
211 1414 262 1473 sed
281 1435 450 1491 paucorum
481 1415 599 1494 quidem
619 1414 838 1474 hominitatis
861 1423 1049 1490 cessasset,
1069 1416 1244 1474 multorum
1260 1437 1319 1474 νενι

87 1523 176 1571 estro
202 1533 360 1572 caussam:
388 1515 483 1572 multo
510 1521 591 1572 ssim
614 1521 764 1590 pauciora
792 1515 874 1573 nobis
901 1522 974 1572 eunt
999 1515 1089 1589 bono,
1110 1536 1207 1594 quom
1226 1516 1319 1574 mla:

87 1620 117 1671 et
147 1612 288 1670 bonorum
320 1613 439 1690 quidem
476 1613 555 1673 solue
583 1610 669 1672 Deus
695 1620 817 1678 αἀαεια,
843 1621 888 1672 est
916 1614 1080 1684 dicendum
1115 1615 1318 1674 ιιιαίοναιιι

86 1733 182 1771 esre
203 1713 437 1791 quamlibet
463 1714 595 1772 oliam
618 1721 794 1794 prester
822 1708 950 1771 Deum
978 1733 1183 1772 caussam
1207 1735 1318 1794 quoe·

85 1830 182 1870 rere
212 1811 338 1872 deest.
346 1835 361 1868 ιι
383 1808 413 1892 l)
463 1811 520 1871 Hle
548 1810 712 1892 digreditur
738 1809 868 1872 Socrates
894 1810 928 1870 in
956 1809 1017 1870 loca
1046 1811 1191 1890 Homeri,
1223 1812 1317 1894 quihus

85 1911 136 1972 Dii
155 1924 312 1971 occurrunt
327 1909 468 1970 malorum
486 1918 634 1987 auctores,
655 1921 717 1968 tum
731 1908 870 1991 Aeschyli
888 1907 999 1971 dictum
1017 1911 1165 1992 exagitat:

343 2032 383 2075 —'
405 2021 482 2102 θεάς
502 2023 559 2106 μὲν
580 2022 676 2088 αἰτίαν
698 2018 765 2107 φάει
785 2026 918 2108 βροτοῖς,

333 2123 424 2194 Ὅταν
444 2130 572 2192 κοπιῶσαι
597 2128 688 2207 (λαῖμα
708 2120 874 2210 παμπήδην
895 2124 984 2215 θέλῃ.

75 2242 197 2330 Ι(λιιίλιιιι
213 2250 380 2337 subjungit:
406 2271 421 2305 o
431 2251 480 2312 vel
499 2249 655 2311 sinendum
675 2269 735 2336 uon
754 2263 810 2326 est,
831 2255 944 2330 poetam
963 2248 1059 2309 dicere
1069 2293 1078 2324 ,
1099 2248 1157 2309 Dei
1176 2249 1247 2311 haec
1263 2271 1315 2310 esse

83 2373 188 2433 αριστι,
210 2351 276 2426 vel,
297 2350 322 2409 si
346 2351 400 2410 Dei
428 2364 496 2409 suut
523 2369 626 2431 opera,
655 2347 837 2409 invenienda
864 2362 906 2408 est
934 2349 966 2408 in
994 2347 1114 2424 hissa,
1136 2370 1230 2429 quam
1247 2370 1319 2409 nuuc

82 2450 265 2529 quaerimus,
294 2450 385 2511 ratio:
414 2448 647 2532 dicendumque,
667 2438 718 2537 sig
737 2439 767 2508 ‘o‘
794 2443 852 2527 μὲν
878 2440 955 2522 θεάς
978 2439 1075 2507 δίκαιά
1092 2468 1125 2508 τε
1147 2444 1202 2506 καί
1223 2441 1322 2528 elysii

83 2542 248 2632 εἰργάζετο,
280 2545 308 2611 οἰ
339 2544 375 2610 δὲ
406 2544 546 2611 ω’νίναντο
574 2544 778 2630 κολαζόμενοι·
801 2551 902 2612 Deum
929 2554 1047 2633 quidem
1068 2559 1164 2629 justo
1189 2574 1228 2612 oe
1254 2556 1320 2614 λοια

61 2691 62 2694 =
77 2656 263 2732 perfecisse,
284 2655 462 2714 mortalibus
480 2663 581 2714 autom
597 2676 708 2733 poenos
719 2660 887 2736 profuisse.
929 2659 1052 2718 Miseros
1070 2656 1124 2717 hos
1141 2677 1223 2734 esse,
1247 2655 1317 2738 quoi

82 2773 189 2834 poenas
211 2750 312 2827 luant,
332 2752 421 2832 hujus
440 2766 535 2813 autem
563 2756 605 2815 rei
626 2770 771 2816 auctorem
790 2756 884 2816 Deum
903 2777 981 2832 esse,
1003 2754 1036 2815 id
1055 2754 1154 2815 <licere
1180 2778 1246 2817 non
1262 2778 1319 2838 per·

81 2849 256 2913 mittendum
280 2857 380 2933 poetae
407 2865 466 2930 est,
489 2853 536 2913 sin
563 2873 637 2933 vcro,
661 2853 788 2932 diceret,
818 2856 934 2916 miseros
962 2875 1020 2915 esse
1039 2850 1130 2913 miles
1146 2870 1320 2937 propterea,

81 2948 161 3030 quod
189 2950 291 3031 poeuis
319 2965 439 3032 egeant,
471 2951 583 3029 luentes
612 2967 706 3013 autem
733 2974 841 3036 poenas
866 2954 966 3034 juvari
996 2977 1011 3014 a
1041 2955 1101 3014 Deo
1115 2998 1130 3035 ,ι
1143 2957 1319 3035 permitten-

82 3047 162 3109 dum.
184 3046 216 3128 2)
260 3049 375 3110 Κακαῖν
400 3045 436 3111 δὲ
468 3045 560 3112 αἴτιον
588 3045 679 3133 φάναι
707 3046 784 3115 θεάν
809 3076 863 3115 τινι
889 3050 1057 3175 γίγνεσθαι,
1086 3045 1213 3132 άγαθάν
1237 3047 1319 3128 ὄντα,

37 3220 40 3238 ἱ
80 3144 278 3228 διαμαχετέον
302 3150 389 3213 παντὶ
415 3145 534 3238 τρόπῳ,
561 3149 637 3236 μήτε
666 3177 730 3216 τινα
722 3143 846 3236 λέγειν
871 3154 966 3217 ταῦτα
992 3152 1024 3215 ἐν
1044 3153 1085 3240 τῇ
1106 3147 1204 3218 αὑτοῦ
1225 3152 1318 3232 πόλει,

79 3271 106 3311 ει
96 3245 225 3329 ’μέλλει
246 3247 478 3337 εὐνομήσεσθαι,
504 3249 581 3338 μήτε
601 3252 668 3318 τινά
689 3251 816 3333 άκοάειν,
830 3253 919 3341 μήτε
940 3253 1094 3338 νεώτερον,
1127 3251 1209 3340 μήτε
1227 3281 1319 3366 πρεσ-

51 3360 54 3365 '
79 3345 217 3437 θάτερον,
247 3350 324 3440 μήτε
351 3354 384 3419 ἓν
405 3351 527 3444 μέτρῳ,
560 3353 637 3441 μήτε
667 3351 736 3422 άνεα
763 3355 882 3466 μέτρου
886 3358 1149 3482 μυθολογοῦντα·
1177 3358 1224 3440 αῖς
1254 3343 1318 3426 mis

80 3448 148 3518 ὅσια
175 3453 211 3520 «tv
235 3453 444 3543 λεγάμενα,εἰ
418 3453 656 3543 ελίγοιτο,”
618 3485 686 3526 αντε
708 3462 853 3548 ξαμφορα
873 3459 961 3547 η’μῖν,
983 3458 1050 3526 οάτε
1071 3457 1286 3546 ξιμφωνα
1247 3461 1317 3530 omi

81 3552 194 3637 αὐτοῖς·
225 3566 374 3626 πιαίσναπι
400 3576 502 3626 autem
529 3567 626 3626 elicui
653 3590 792 3628 caussam
822 3591 882 3628 esse
908 3568 1027 3645 Deum,
1051 3592 1120 3629 cum
1146 3571 1243 3633 bonus
1261 3581 1315 3646 sit,

80 3666 281 3740 refellendum
303 3679 421 3731 omnino
444 3681 509 3731 est:
539 3695 632 3752 resque
659 3675 916 3754 permittendum,
936 3674 987 3734 Ῐιοα
1011 3696 1192 3754 quemquam
1213 3678 1262 3738 vel
1276 3679 1314 3736 dt·

81 3837 336 3854 ———-——

116 3943 141 4010 l)
160 3948 198 3999 De
211 3949 272 4018 llep.
290 3949 319 4002 ll.
335 3949 386 4002 379
397 3908 495 4005 Arill-

20 4085 22 4091 ,
46 4102 51 4112 ἱ
114 4030 141 4097 2)
159 4032 244 4104 Vulgo
261 4035 326 4090 haec
340 4037 407 4091 male
422 4039 593 4107 accipiuntur,
613 4042 685 4110 quasi
705 4040 819 4095 voluerit
834 4041 926 4095 Plato:
944 4043 988 4094 sed
1005 4043 1144 4098 αάιαιιι.
1164 4044 1220 4098 iltis
1236 4063 1313 4116 poeno

49 4192 53 4199 f
80 4148 141 4200 opus
153 4135 245 4199 fuisse,
261 4152 336 4204 quum
350 4137 435 4188 moeri
452 4140 501 4189 αἰιι
518 4139 586 4190 mali.
622 4140 694 4212 Fuit,
718 4156 775 4192 cum
794 4140 874 4192 verba
896 4149 1110 4208 transponerem:
1130 4125 1195 4192 ἀλλ’
1215 4129 1242 4193 εἰ
1261 4129 1314 4211 μὲν

78 4218 257 4307 λέγοιεν,
231 4251 273 4304 ως
298 4223 398 4292 άθλιοι
429 4228 458 4294 oi
485 4231 582 4308 κακοί,
610 4227 655 4296 ὅτι
681 4229 858 4319 ἐδεήθησαν
878 4228 1039 4311 κολάσεως,
1062 4228 1198 4310 διδόντες
1220 4233 1312 4298 δὲ-

80 4338 134 4390 Sed
153 4339 361 4411 interpungendo
382 4345 539 4398 restituimus
560 4332 1000 4402 locum·1nhuncmodum.oilt
1020 4337 1045 4399 εἰ
1066 4333 1136 4418 μὲν,
1159 4361 1209 4401 οτι
1233 4333 1316 4421 ἔδει]-

80 4433 183 4512 θρσαν
202 4424 361 4508 κολάσεως,
384 4429 504 4515 λέγοιεν,
528 4430 569 4512 oie
590 4431 741 4501 άθλιοιι
712 4461 741 4500 οι
760 4439 857 4516 κακοί,
880 4441 938 4502 διδ.
959 4476 1003 4490 -
