<?xml version="1.0" encoding="UTF-8"?>
<!DOCTYPE html PUBLIC "-//W3C//DTD XHTML 1.0 Transitional//EN"
    "http://www.w3.org/TR/xhtml1/DTD/xhtml1-transitional.dtd">
<html xmlns="http://www.w3.org/1999/xhtml" xml:lang="en" lang="en">
 <head>
  <title>
</title>
<meta http-equiv="Content-Type" content="text/html;charset=utf-8" />
  <meta name='ocr-system' content='tesseract 3.04.00' />
  <meta name='ocr-capabilities' content='ocr_page ocr_carea ocr_par ocr_line ocrx_word'/>
</head>
<body>
  <div class='ocr_page' id='page_1' title='image "./initiaphilosoph00heusgoog_0441.png"; bbox 0 0 2796 5048; ppageno 0'>
   <div class='ocr_carea' id='block_1_1' title="bbox 682 206 742 267">
    <p class='ocr_par' dir='ltr' id='par_1_1' title="bbox 682 206 742 267">
     <span class='ocr_line' id='line_1_1' title="bbox 682 206 742 267; baseline 0 0"><span class='ocrx_word' id='word_1_1' title='bbox 682 206 742 267; x_wconf 82' lang='lat' dir='ltr'>too</span> 
     </span>
    </p>
   </div>
   <div class='ocr_carea' id='block_1_2' title="bbox 77 363 1350 4279">
    <p class='ocr_par' dir='ltr' id='par_1_2' title="bbox 79 363 1327 3392">
     <span class='ocr_line' id='line_1_2' title="bbox 91 363 1326 451; baseline 0.005 -24"><span class='ocrx_word' id='word_1_2' title='bbox 91 388 220 431; x_wconf 76' lang='lat' dir='ltr'><strong>sermone</strong></span> <span class='ocrx_word' id='word_1_3' title='bbox 239 366 427 437; x_wconf 75' lang='lat' dir='ltr'>liberaveris,</span> <span class='ocrx_word' id='word_1_4' title='bbox 460 363 602 444; x_wconf 80' lang='lat' dir='ltr'>siquidem</span> <span class='ocrx_word' id='word_1_5' title='bbox 630 366 747 429; x_wconf 85' lang='lat' dir='ltr'>videtur</span> <span class='ocrx_word' id='word_1_6' title='bbox 768 368 823 426; x_wconf 91' lang='lat' dir='ltr'>tibi</span> <span class='ocrx_word' id='word_1_7' title='bbox 844 366 1036 427; x_wconf 85' lang='lat' dir='ltr'>animusalia</span> <span class='ocrx_word' id='word_1_8' title='bbox 1055 369 1120 449; x_wconf 86' lang='lat' dir='ltr'>ipse</span> <span class='ocrx_word' id='word_1_9' title='bbox 1140 391 1261 451; x_wconf 87' lang='lat' dir='ltr'>perse,</span> <span class='ocrx_word' id='word_1_10' title='bbox 1279 372 1326 434; x_wconf 90' lang='lat' dir='ltr'>alia</span> 
     </span>
     <span class='ocr_line' id='line_1_3' title="bbox 90 462 1326 547; baseline 0.003 -21"><span class='ocrx_word' id='word_1_11' title='bbox 90 488 141 547; x_wconf 89' lang='lat' dir='ltr'>per</span> <span class='ocrx_word' id='word_1_12' title='bbox 162 466 290 546; x_wconf 89' lang='lat' dir='ltr'>corporis</span> <span class='ocrx_word' id='word_1_13' title='bbox 310 464 462 523; x_wconf 79' lang='lat' dir='ltr'><strong>facultates</strong></span> <span class='ocrx_word' id='word_1_14' title='bbox 481 465 630 545; x_wconf 77' lang='lat' dir='ltr'>percipere</span> <span class='ocrx_word' id='word_1_15' title='bbox 649 479 677 523; x_wconf 90' lang='lat' dir='ltr'>et</span> <span class='ocrx_word' id='word_1_16' title='bbox 696 464 898 524; x_wconf 87' lang='lat' dir='ltr'>considerare:</span> <span class='ocrx_word' id='word_1_17' title='bbox 920 462 999 523; x_wconf 87' lang='lat' dir='ltr'>idem</span> <span class='ocrx_word' id='word_1_18' title='bbox 1018 466 1101 524; x_wconf 87' lang='lat' dir='ltr'>enim</span> <span class='ocrx_word' id='word_1_19' title='bbox 1122 466 1201 527; x_wconf 85' lang='lat' dir='ltr'>mihi</span> <span class='ocrx_word' id='word_1_20' title='bbox 1221 469 1326 530; x_wconf 83' lang='lat' dir='ltr'>videba-</span> 
     </span>
     <span class='ocr_line' id='line_1_4' title="bbox 89 560 1327 646; baseline 0.004 -22"><span class='ocrx_word' id='word_1_21' title='bbox 89 579 153 624; x_wconf 88' lang='lat' dir='ltr'>tur:</span> <span class='ocrx_word' id='word_1_22' title='bbox 175 562 307 625; x_wconf 84' lang='lat' dir='ltr'>volebam</span> <span class='ocrx_word' id='word_1_23' title='bbox 327 575 421 621; x_wconf 88' lang='lat' dir='ltr'>autem</span> <span class='ocrx_word' id='word_1_24' title='bbox 443 560 498 620; x_wconf 90' lang='lat' dir='ltr'>tibi</span> <span class='ocrx_word' id='word_1_25' title='bbox 519 582 578 620; x_wconf 90' lang='lat' dir='ltr'>esse</span> <span class='ocrx_word' id='word_1_26' title='bbox 598 582 775 642; x_wconf 86' lang='lat' dir='ltr'>persuasum.</span> <span class='ocrx_word' id='word_1_27' title='bbox 796 588 831 599; x_wconf 84' lang='lat'>-</span> <span class='ocrx_word' id='word_1_28' title='bbox 851 560 927 619; x_wconf 88' lang='lat' dir='ltr'><strong>Mihi</strong></span> <span class='ocrx_word' id='word_1_29' title='bbox 948 583 1017 623; x_wconf 80' lang='lat' dir='ltr'>reru</span> <span class='ocrx_word' id='word_1_30' title='bbox 1036 585 1216 646; x_wconf 84' lang='lat' dir='ltr'>persuasum</span> <span class='ocrx_word' id='word_1_31' title='bbox 1238 584 1284 629; x_wconf 82' lang='lat' dir='ltr'>est.</span> <span class='ocrx_word' id='word_1_32' title='bbox 1299 601 1327 610; x_wconf 93' lang='lat'><em>-</em></span> 
     </span>
     <span class='ocr_line' id='line_1_5' title="bbox 89 660 1326 740; baseline 0.005 -19"><span class='ocrx_word' id='word_1_33' title='bbox 89 663 265 722; x_wconf 90' lang='lat' dir='ltr'>Utrorumne</span> <span class='ocrx_word' id='word_1_34' title='bbox 285 661 375 740; x_wconf 84' lang='lat' dir='ltr'>igitur</span> <span class='ocrx_word' id='word_1_35' title='bbox 395 661 427 719; x_wconf 92' lang='lat' dir='ltr'>in</span> <span class='ocrx_word' id='word_1_36' title='bbox 448 681 569 719; x_wconf 89' lang='lat' dir='ltr'>numero</span> <span class='ocrx_word' id='word_1_37' title='bbox 594 660 746 719; x_wconf 78' lang='lat' dir='ltr'>essentiam</span> <span class='ocrx_word' id='word_1_38' title='bbox 775 662 898 721; x_wconf 74' lang='lat' dir='ltr'>censes?</span> <span class='ocrx_word' id='word_1_39' title='bbox 925 661 988 721; x_wconf 88' lang='lat' dir='ltr'>Hoc</span> <span class='ocrx_word' id='word_1_40' title='bbox 1007 663 1089 721; x_wconf 89' lang='lat' dir='ltr'>enim</span> <span class='ocrx_word' id='word_1_41' title='bbox 1108 685 1197 723; x_wconf 90' lang='lat' dir='ltr'>nunc</span> <span class='ocrx_word' id='word_1_42' title='bbox 1217 668 1326 727; x_wconf 84' lang='lat' dir='ltr'>maxime</span> 
     </span>
     <span class='ocr_line' id='line_1_6' title="bbox 88 759 1325 844; baseline 0.003 -25"><span class='ocrx_word' id='word_1_43' title='bbox 88 760 150 819; x_wconf 93' lang='lat' dir='ltr'>illis</span> <span class='ocrx_word' id='word_1_44' title='bbox 168 759 303 820; x_wconf 90' lang='lat' dir='ltr'>omnibus</span> <span class='ocrx_word' id='word_1_45' title='bbox 320 779 499 838; x_wconf 89' lang='lat' dir='ltr'>consequens</span> <span class='ocrx_word' id='word_1_46' title='bbox 509 772 560 818; x_wconf 88' lang='lat' dir='ltr'>est.</span> <span class='ocrx_word' id='word_1_47' title='bbox 571 788 605 797; x_wconf 95' lang='lat'><em>-</em></span> <span class='ocrx_word' id='word_1_48' title='bbox 616 759 742 833; x_wconf 83' lang='lat' dir='ltr'>Eorum,</span> <span class='ocrx_word' id='word_1_49' title='bbox 757 781 830 839; x_wconf 90' lang='lat' dir='ltr'>quae</span> <span class='ocrx_word' id='word_1_50' title='bbox 847 759 962 819; x_wconf 86' lang='lat' dir='ltr'>animus</span> <span class='ocrx_word' id='word_1_51' title='bbox 972 760 1035 841; x_wconf 89' lang='lat' dir='ltr'>ipse</span> <span class='ocrx_word' id='word_1_52' title='bbox 1052 781 1154 841; x_wconf 88' lang='lat' dir='ltr'>perse</span> <span class='ocrx_word' id='word_1_53' title='bbox 1165 766 1283 844; x_wconf 78' lang='lat' dir='ltr'>appetit.</span> <span class='ocrx_word' id='word_1_54' title='bbox 1301 806 1325 813; x_wconf 95' lang='lat'><em>-</em></span> 
     </span>
     <span class='ocr_line' id='line_1_7' title="bbox 89 852 1326 938; baseline 0.005 -21"><span class='ocrx_word' id='word_1_55' title='bbox 89 860 155 919; x_wconf 90' lang='lat' dir='ltr'>Non</span> <span class='ocrx_word' id='word_1_56' title='bbox 175 860 244 918; x_wconf 91' lang='lat' dir='ltr'>item</span> <span class='ocrx_word' id='word_1_57' title='bbox 263 858 356 918; x_wconf 90' lang='lat' dir='ltr'>simile</span> <span class='ocrx_word' id='word_1_58' title='bbox 376 871 404 917; x_wconf 89' lang='lat' dir='ltr'>et</span> <span class='ocrx_word' id='word_1_59' title='bbox 434 857 596 933; x_wconf 88' lang='lat' dir='ltr'>dissimile,</span> <span class='ocrx_word' id='word_1_60' title='bbox 624 856 703 917; x_wconf 89' lang='lat' dir='ltr'>idem</span> <span class='ocrx_word' id='word_1_61' title='bbox 721 871 749 917; x_wconf 90' lang='lat' dir='ltr'>et</span> <span class='ocrx_word' id='word_1_62' title='bbox 768 858 915 917; x_wconf 80' lang='lat' dir='ltr'>alterum?</span> <span class='ocrx_word' id='word_1_63' title='bbox 936 886 971 899; x_wconf 91' lang='lat'>·-</span> <span class='ocrx_word' id='word_1_64' title='bbox 991 859 1073 917; x_wconf 86' lang='lat' dir='ltr'>Haec</span> <span class='ocrx_word' id='word_1_65' title='bbox 1098 852 1186 921; x_wconf 87' lang='lat' dir='ltr'>item.</span> <span class='ocrx_word' id='word_1_66' title='bbox 1207 889 1242 898; x_wconf 93' lang='grc'>-</span> <span class='ocrx_word' id='word_1_67' title='bbox 1260 863 1326 938; x_wconf 84' lang='lat' dir='ltr'><strong>Quid</strong></span> 
     </span>
     <span class='ocr_line' id='line_1_8' title="bbox 88 955 1325 1039; baseline 0.002 -20"><span class='ocrx_word' id='word_1_68' title='bbox 88 960 182 1019; x_wconf 80' lang='lat' dir='ltr'>vero?</span> <span class='ocrx_word' id='word_1_69' title='bbox 201 955 337 1038; x_wconf 87' lang='lat' dir='ltr'>pulcrum</span> <span class='ocrx_word' id='word_1_70' title='bbox 355 970 384 1015; x_wconf 91' lang='lat' dir='ltr'>et</span> <span class='ocrx_word' id='word_1_71' title='bbox 403 969 546 1031; x_wconf 88' lang='lat' dir='ltr'>taetrum,</span> <span class='ocrx_word' id='word_1_72' title='bbox 564 955 675 1015; x_wconf 90' lang='lat' dir='ltr'>bonum</span> <span class='ocrx_word' id='word_1_73' title='bbox 693 969 721 1015; x_wconf 87' lang='lat' dir='ltr'>et</span> <span class='ocrx_word' id='word_1_74' title='bbox 741 956 874 1015; x_wconf 74' lang='lat' dir='ltr'>malum?</span> <span class='ocrx_word' id='word_1_75' title='bbox 892 996 929 1008; x_wconf 88' lang='lat'><em>-</em></span> <span class='ocrx_word' id='word_1_76' title='bbox 946 955 984 1015; x_wconf 90' lang='lat' dir='ltr'>Et</span> <span class='ocrx_word' id='word_1_77' title='bbox 1002 955 1112 1017; x_wconf 90' lang='lat' dir='ltr'>horum</span> <span class='ocrx_word' id='word_1_78' title='bbox 1133 958 1257 1039; x_wconf 88' lang='lat' dir='ltr'>quidem</span> <span class='ocrx_word' id='word_1_79' title='bbox 1273 982 1325 1021; x_wconf 84' lang='lat' dir='ltr'>cm-</span> 
     </span>
     <span class='ocr_line' id='line_1_9' title="bbox 88 1053 1325 1143; baseline -0.001 -27"><span class='ocrx_word' id='word_1_80' title='bbox 88 1057 169 1116; x_wconf 90' lang='lat' dir='ltr'>nium</span> <span class='ocrx_word' id='word_1_81' title='bbox 189 1056 314 1121; x_wconf 81' lang='lat' dir='ltr'>maxime</span> <span class='ocrx_word' id='word_1_82' title='bbox 325 1053 444 1117; x_wconf 85' lang='lat' dir='ltr'>videtur</span> <span class='ocrx_word' id='word_1_83' title='bbox 460 1055 575 1115; x_wconf 83' lang='lat' dir='ltr'>animus</span> <span class='ocrx_word' id='word_1_84' title='bbox 585 1055 738 1115; x_wconf 80' lang='lat' dir='ltr'>essentiam</span> <span class='ocrx_word' id='word_1_85' title='bbox 756 1053 951 1136; x_wconf 88' lang='lat' dir='ltr'>comparando</span> <span class='ocrx_word' id='word_1_86' title='bbox 968 1054 1185 1132; x_wconf 87' lang='lat' dir='ltr'>considerare,</span> <span class='ocrx_word' id='word_1_87' title='bbox 1204 1072 1325 1143; x_wconf 80' lang='lat' dir='ltr'>reputans</span> 
     </span>
     <span class='ocr_line' id='line_1_10' title="bbox 86 1152 1324 1239; baseline 0.002 -26"><span class='ocrx_word' id='word_1_88' title='bbox 86 1175 182 1214; x_wconf 90' lang='lat' dir='ltr'>secum</span> <span class='ocrx_word' id='word_1_89' title='bbox 198 1154 353 1235; x_wconf 86' lang='lat' dir='ltr'>praeterita</span> <span class='ocrx_word' id='word_1_90' title='bbox 372 1154 592 1234; x_wconf 80' lang='lat' dir='ltr'>praesentiaque</span> <span class='ocrx_word' id='word_1_91' title='bbox 612 1167 641 1212; x_wconf 90' lang='lat' dir='ltr'>et</span> <span class='ocrx_word' id='word_1_92' title='bbox 660 1174 727 1212; x_wconf 92' lang='lat' dir='ltr'>cum</span> <span class='ocrx_word' id='word_1_93' title='bbox 756 1152 863 1212; x_wconf 80' lang='lat' dir='ltr'>suturis</span> <span class='ocrx_word' id='word_1_94' title='bbox 890 1154 1054 1213; x_wconf 85' lang='lat' dir='ltr'>conserens.</span> <span class='ocrx_word' id='word_1_95' title='bbox 1077 1184 1115 1196; x_wconf 84' lang='lat'><em>-</em></span> <span class='ocrx_word' id='word_1_96' title='bbox 1138 1156 1207 1216; x_wconf 89' lang='lat' dir='ltr'>Hoc</span> <span class='ocrx_word' id='word_1_97' title='bbox 1226 1179 1324 1239; x_wconf 87' lang='lat' dir='ltr'>quoque</span> 
     </span>
     <span class='ocr_line' id='line_1_11' title="bbox 85 1250 1325 1333; baseline 0.006 -23"><span class='ocrx_word' id='word_1_98' title='bbox 85 1253 222 1313; x_wconf 85' lang='lat' dir='ltr'>adverte:</span> <span class='ocrx_word' id='word_1_99' title='bbox 240 1252 283 1310; x_wconf 91' lang='lat' dir='ltr'>rei</span> <span class='ocrx_word' id='word_1_100' title='bbox 309 1250 399 1311; x_wconf 90' lang='lat' dir='ltr'>durae</span> <span class='ocrx_word' id='word_1_101' title='bbox 417 1251 556 1311; x_wconf 88' lang='lat' dir='ltr'>duritiem</span> <span class='ocrx_word' id='word_1_102' title='bbox 575 1272 628 1333; x_wconf 92' lang='lat' dir='ltr'>per</span> <span class='ocrx_word' id='word_1_103' title='bbox 657 1265 765 1311; x_wconf 88' lang='lat' dir='ltr'>tactum</span> <span class='ocrx_word' id='word_1_104' title='bbox 786 1251 891 1311; x_wconf 87' lang='lat' dir='ltr'>sentiet</span> <span class='ocrx_word' id='word_1_105' title='bbox 910 1250 1059 1311; x_wconf 84' lang='lat' dir='ltr'>et·mollis</span> <span class='ocrx_word' id='word_1_106' title='bbox 1076 1251 1223 1316; x_wconf 88' lang='lat' dir='ltr'>similiter</span> <span class='ocrx_word' id='word_1_107' title='bbox 1238 1257 1325 1317; x_wconf 89' lang='lat' dir='ltr'>molli-</span> 
     </span>
     <span class='ocr_line' id='line_1_12' title="bbox 84 1348 1324 1432; baseline 0.002 -22"><span class='ocrx_word' id='word_1_108' title='bbox 84 1351 177 1411; x_wconf 72' lang='lat' dir='ltr'>tiem?</span> <span class='ocrx_word' id='word_1_109' title='bbox 199 1381 235 1392; x_wconf 94' lang='lat'><em>-</em></span> <span class='ocrx_word' id='word_1_110' title='bbox 255 1351 299 1409; x_wconf 88' lang='lat' dir='ltr'>lta</span> <span class='ocrx_word' id='word_1_111' title='bbox 315 1371 393 1409; x_wconf 91' lang='lat' dir='ltr'>sane.</span> <span class='ocrx_word' id='word_1_112' title='bbox 416 1378 451 1389; x_wconf 90' lang='lat'>-</span> <span class='ocrx_word' id='word_1_113' title='bbox 471 1349 633 1409; x_wconf 88' lang='lat' dir='ltr'>Esseutiam</span> <span class='ocrx_word' id='word_1_114' title='bbox 650 1363 745 1407; x_wconf 89' lang='lat' dir='ltr'>autem</span> <span class='ocrx_word' id='word_1_115' title='bbox 756 1363 784 1408; x_wconf 85' lang='lat' dir='ltr'>et</span> <span class='ocrx_word' id='word_1_116' title='bbox 802 1348 874 1428; x_wconf 91' lang='lat' dir='ltr'>quid</span> <span class='ocrx_word' id='word_1_117' title='bbox 885 1348 969 1408; x_wconf 89' lang='lat' dir='ltr'>ambo</span> <span class='ocrx_word' id='word_1_118' title='bbox 985 1348 1046 1407; x_wconf 88' lang='lat' dir='ltr'>sint</span> <span class='ocrx_word' id='word_1_119' title='bbox 1066 1364 1262 1432; x_wconf 89' lang='lat' dir='ltr'>mutuamque</span> <span class='ocrx_word' id='word_1_120' title='bbox 1269 1376 1324 1415; x_wconf 88' lang='lat' dir='ltr'>con·</span> 
     </span>
     <span class='ocr_line' id='line_1_13' title="bbox 84 1447 1323 1529; baseline 0.004 -21"><span class='ocrx_word' id='word_1_121' title='bbox 84 1450 260 1508; x_wconf 88' lang='lat' dir='ltr'>trarietatem</span> <span class='ocrx_word' id='word_1_122' title='bbox 276 1462 304 1507; x_wconf 92' lang='lat' dir='ltr'>et</span> <span class='ocrx_word' id='word_1_123' title='bbox 323 1448 414 1529; x_wconf 90' lang='lat' dir='ltr'>ipsius</span> <span class='ocrx_word' id='word_1_124' title='bbox 425 1448 638 1508; x_wconf 88' lang='lat' dir='ltr'>contrarietatis</span> <span class='ocrx_word' id='word_1_125' title='bbox 656 1448 809 1506; x_wconf 89' lang='lat' dir='ltr'>essentiam</span> <span class='ocrx_word' id='word_1_126' title='bbox 819 1448 881 1527; x_wconf 91' lang='lat' dir='ltr'>ipse</span> <span class='ocrx_word' id='word_1_127' title='bbox 901 1447 1015 1506; x_wconf 87' lang='lat' dir='ltr'>animus</span> <span class='ocrx_word' id='word_1_128' title='bbox 1035 1448 1207 1528; x_wconf 77' lang='lat' dir='ltr'>explorans</span> <span class='ocrx_word' id='word_1_129' title='bbox 1226 1467 1323 1513; x_wconf 80' lang='lat' dir='ltr'>etcum</span> 
     </span>
     <span class='ocr_line' id='line_1_14' title="bbox 85 1544 1323 1626; baseline 0.006 -23"><span class='ocrx_word' id='word_1_130' title='bbox 85 1566 191 1626; x_wconf 87' lang='lat' dir='ltr'>parans</span> <span class='ocrx_word' id='word_1_131' title='bbox 212 1546 360 1620; x_wconf 84' lang='lat' dir='ltr'>invicem,</span> <span class='ocrx_word' id='word_1_132' title='bbox 377 1544 511 1623; x_wconf 86' lang='lat' dir='ltr'>judicare</span> <span class='ocrx_word' id='word_1_133' title='bbox 523 1547 666 1604; x_wconf 72' lang='lat' dir='ltr'>conatur?</span> <span class='ocrx_word' id='word_1_134' title='bbox 688 1571 723 1582; x_wconf 87' lang='lat'><em>-</em></span> <span class='ocrx_word' id='word_1_135' title='bbox 743 1546 881 1605; x_wconf 89' lang='lat' dir='ltr'>Omnino.</span> <span class='ocrx_word' id='word_1_136' title='bbox 902 1570 938 1583; x_wconf 88' lang='lat'><em>-</em></span> <span class='ocrx_word' id='word_1_137' title='bbox 957 1544 1063 1602; x_wconf 87' lang='lat' dir='ltr'>Nonne</span> <span class='ocrx_word' id='word_1_138' title='bbox 1075 1544 1323 1609; x_wconf 88' lang='lat' dir='ltr'>hominibusbru·</span> 
     </span>
     <span class='ocr_line' id='line_1_15' title="bbox 84 1636 1321 1729; baseline 0.005 -27"><span class='ocrx_word' id='word_1_139' title='bbox 84 1644 178 1722; x_wconf 88' lang='lat' dir='ltr'>tisque</span> <span class='ocrx_word' id='word_1_140' title='bbox 199 1643 377 1705; x_wconf 89' lang='lat' dir='ltr'>animalibus</span> <span class='ocrx_word' id='word_1_141' title='bbox 406 1642 509 1702; x_wconf 77' lang='lat' dir='ltr'>naturd</span> <span class='ocrx_word' id='word_1_142' title='bbox 531 1641 631 1702; x_wconf 88' lang='lat' dir='ltr'>datum</span> <span class='ocrx_word' id='word_1_143' title='bbox 652 1656 713 1718; x_wconf 90' lang='lat' dir='ltr'>est,</span> <span class='ocrx_word' id='word_1_144' title='bbox 745 1656 776 1702; x_wconf 90' lang='lat' dir='ltr'>ut</span> <span class='ocrx_word' id='word_1_145' title='bbox 794 1662 986 1722; x_wconf 86' lang='lat' dir='ltr'>quaecunque</span> <span class='ocrx_word' id='word_1_146' title='bbox 1000 1636 1188 1724; x_wconf 72' lang='grc' dir='ltr'><em>παθήματα</em></span> <span class='ocrx_word' id='word_1_147' title='bbox 1206 1668 1258 1729; x_wconf 90' lang='lat' dir='ltr'>per</span> <span class='ocrx_word' id='word_1_148' title='bbox 1274 1669 1321 1709; x_wconf 87' lang='lat' dir='ltr'>cor·</span> 
     </span>
     <span class='ocr_line' id='line_1_16' title="bbox 84 1736 1320 1823; baseline 0.001 -22"><span class='ocrx_word' id='word_1_149' title='bbox 84 1762 139 1822; x_wconf 88' lang='lat' dir='ltr'>pus</span> <span class='ocrx_word' id='word_1_150' title='bbox 160 1740 198 1800; x_wconf 92' lang='lat' dir='ltr'>ad</span> <span class='ocrx_word' id='word_1_151' title='bbox 218 1742 347 1801; x_wconf 91' lang='lat' dir='ltr'>animum</span> <span class='ocrx_word' id='word_1_152' title='bbox 375 1739 522 1817; x_wconf 86' lang='lat' dir='ltr'>tendunt,</span> <span class='ocrx_word' id='word_1_153' title='bbox 551 1740 648 1800; x_wconf 87' lang='lat' dir='ltr'>statim</span> <span class='ocrx_word' id='word_1_154' title='bbox 668 1753 753 1821; x_wconf 87' lang='lat' dir='ltr'>atque</span> <span class='ocrx_word' id='word_1_155' title='bbox 780 1741 813 1799; x_wconf 91' lang='lat' dir='ltr'>in</span> <span class='ocrx_word' id='word_1_156' title='bbox 832 1740 928 1800; x_wconf 86' lang='lat' dir='ltr'>lucem</span> <span class='ocrx_word' id='word_1_157' title='bbox 956 1743 1161 1823; x_wconf 86' lang='lat' dir='ltr'>prodierunt,</span> <span class='ocrx_word' id='word_1_158' title='bbox 1190 1736 1320 1808; x_wconf 79' lang='lat' dir='ltr'>sentiant:</span> 
     </span>
     <span class='ocr_line' id='line_1_17' title="bbox 85 1838 1320 1927; baseline 0.006 -30"><span class='ocrx_word' id='word_1_159' title='bbox 85 1839 253 1899; x_wconf 90' lang='lat' dir='ltr'>ratiocinari</span> <span class='ocrx_word' id='word_1_160' title='bbox 274 1861 343 1902; x_wconf 79' lang='lat' dir='ltr'>vero</span> <span class='ocrx_word' id='word_1_161' title='bbox 363 1838 400 1899; x_wconf 90' lang='lat' dir='ltr'>de</span> <span class='ocrx_word' id='word_1_162' title='bbox 419 1859 517 1899; x_wconf 90' lang='lat' dir='ltr'>eorum</span> <span class='ocrx_word' id='word_1_163' title='bbox 538 1839 661 1899; x_wconf 87' lang='lat' dir='ltr'>essentia</span> <span class='ocrx_word' id='word_1_164' title='bbox 678 1853 706 1899; x_wconf 87' lang='lat' dir='ltr'>et</span> <span class='ocrx_word' id='word_1_165' title='bbox 726 1839 871 1914; x_wconf 87' lang='lat' dir='ltr'>utilitate,</span> <span class='ocrx_word' id='word_1_166' title='bbox 893 1838 925 1899; x_wconf 91' lang='lat' dir='ltr'>id</span> <span class='ocrx_word' id='word_1_167' title='bbox 943 1842 996 1901; x_wconf 81' lang='lat' dir='ltr'>rix</span> <span class='ocrx_word' id='word_1_168' title='bbox 1014 1843 1144 1905; x_wconf 85' lang='lat' dir='ltr'>tandem</span> <span class='ocrx_word' id='word_1_169' title='bbox 1156 1846 1247 1927; x_wconf 80' lang='lat' dir='ltr'>longo</span> <span class='ocrx_word' id='word_1_170' title='bbox 1259 1860 1320 1905; x_wconf 89' lang='lat' dir='ltr'>ten-</span> 
     </span>
     <span class='ocr_line' id='line_1_18' title="bbox 85 1935 1320 2024; baseline 0.005 -28"><span class='ocrx_word' id='word_1_171' title='bbox 85 1938 164 2019; x_wconf 88' lang='lat' dir='ltr'>poris</span> <span class='ocrx_word' id='word_1_172' title='bbox 182 1938 340 2001; x_wconf 85' lang='lat' dir='ltr'>intervallo</span> <span class='ocrx_word' id='word_1_173' title='bbox 367 1938 571 2018; x_wconf 84' lang='lat' dir='ltr'>frequentique</span> <span class='ocrx_word' id='word_1_174' title='bbox 600 1935 698 1998; x_wconf 90' lang='lat' dir='ltr'>studio</span> <span class='ocrx_word' id='word_1_175' title='bbox 722 1960 755 1998; x_wconf 90' lang='lat' dir='ltr'>ac</span> <span class='ocrx_word' id='word_1_176' title='bbox 785 1937 945 2020; x_wconf 75' lang='lat' dir='ltr'>disciplind</span> <span class='ocrx_word' id='word_1_177' title='bbox 969 1940 1006 1999; x_wconf 88' lang='lat' dir='ltr'>iis</span> <span class='ocrx_word' id='word_1_178' title='bbox 1031 1942 1210 2024; x_wconf 82' lang='lat' dir='ltr'>contingit,</span> <span class='ocrx_word' id='word_1_179' title='bbox 1230 1943 1320 2024; x_wconf 72' lang='lat' dir='ltr'>quibu</span> 
     </span>
     <span class='ocr_line' id='line_1_19' title="bbox 85 2032 1319 2118; baseline 0.005 -23"><span class='ocrx_word' id='word_1_180' title='bbox 85 2035 204 2115; x_wconf 91' lang='lat' dir='ltr'>quidem</span> <span class='ocrx_word' id='word_1_181' title='bbox 222 2037 397 2118; x_wconf 76' lang='lat' dir='ltr'>contingat?</span> <span class='ocrx_word' id='word_1_182' title='bbox 418 2037 518 2096; x_wconf 90' lang='lat' dir='ltr'>-lta</span> <span class='ocrx_word' id='word_1_183' title='bbox 537 2056 663 2118; x_wconf 90' lang='lat' dir='ltr'>prorsus.</span> <span class='ocrx_word' id='word_1_184' title='bbox 684 2073 721 2085; x_wconf 95' lang='lat'><em>-</em></span> <span class='ocrx_word' id='word_1_185' title='bbox 740 2037 858 2095; x_wconf 85' lang='lat' dir='ltr'>Fierine</span> <span class='ocrx_word' id='word_1_186' title='bbox 886 2051 996 2118; x_wconf 83' lang='lat' dir='ltr'>potest,</span> <span class='ocrx_word' id='word_1_187' title='bbox 1016 2053 1050 2099; x_wconf 93' lang='lat' dir='ltr'>ut</span> <span class='ocrx_word' id='word_1_188' title='bbox 1068 2032 1231 2103; x_wconf 82' lang='lat' dir='ltr'>veritatem</span> <span class='ocrx_word' id='word_1_189' title='bbox 1256 2061 1319 2101; x_wconf 79' lang='lat' dir='ltr'>aut·</span> 
     </span>
     <span class='ocr_line' id='line_1_20' title="bbox 84 2134 1317 2219; baseline 0.005 -26"><span class='ocrx_word' id='word_1_190' title='bbox 84 2149 207 2214; x_wconf 88' lang='lat' dir='ltr'>quatur,</span> <span class='ocrx_word' id='word_1_191' title='bbox 225 2136 278 2215; x_wconf 88' lang='lat' dir='ltr'>qui</span> <span class='ocrx_word' id='word_1_192' title='bbox 297 2157 358 2195; x_wconf 91' lang='lat' dir='ltr'>non</span> <span class='ocrx_word' id='word_1_193' title='bbox 377 2148 522 2194; x_wconf 89' lang='lat' dir='ltr'>assecutus</span> <span class='ocrx_word' id='word_1_194' title='bbox 539 2135 693 2193; x_wconf 88' lang='lat' dir='ltr'>essentiam</span> <span class='ocrx_word' id='word_1_195' title='bbox 713 2136 780 2195; x_wconf 75' lang='lat' dir='ltr'>est?</span> <span class='ocrx_word' id='word_1_196' title='bbox 800 2167 837 2179; x_wconf 90' lang='lat'><em>-</em></span> <span class='ocrx_word' id='word_1_197' title='bbox 856 2134 922 2194; x_wconf 88' lang='lat' dir='ltr'>Nou</span> <span class='ocrx_word' id='word_1_198' title='bbox 938 2148 1041 2217; x_wconf 84' lang='lat' dir='ltr'>potest.</span> <span class='ocrx_word' id='word_1_199' title='bbox 1062 2141 1221 2219; x_wconf 47' lang='lat' dir='ltr'>*Cujus</span> <span class='ocrx_word' id='word_1_200' title='bbox 1239 2153 1317 2199; x_wconf 80' lang='lat' dir='ltr'>auten</span> 
     </span>
     <span class='ocr_line' id='line_1_21' title="bbox 84 2232 1317 2312; baseline 0.006 -21"><span class='ocrx_word' id='word_1_201' title='bbox 84 2234 127 2291; x_wconf 90' lang='lat' dir='ltr'>rei</span> <span class='ocrx_word' id='word_1_202' title='bbox 147 2233 253 2311; x_wconf 90' lang='lat' dir='ltr'>aliquis</span> <span class='ocrx_word' id='word_1_203' title='bbox 274 2234 424 2294; x_wconf 83' lang='lat' dir='ltr'>veritatem</span> <span class='ocrx_word' id='word_1_204' title='bbox 444 2253 506 2292; x_wconf 90' lang='lat' dir='ltr'>non</span> <span class='ocrx_word' id='word_1_205' title='bbox 515 2232 678 2311; x_wconf 86' lang='lat' dir='ltr'>assequitur</span> <span class='ocrx_word' id='word_1_206' title='bbox 688 2277 697 2308; x_wconf 90' lang='lat'><strong><em>,</em></strong></span> <span class='ocrx_word' id='word_1_207' title='bbox 718 2232 807 2311; x_wconf 90' lang='lat' dir='ltr'>hujus</span> <span class='ocrx_word' id='word_1_208' title='bbox 824 2254 953 2312; x_wconf 89' lang='lat' dir='ltr'>unquam</span> <span class='ocrx_word' id='word_1_209' title='bbox 963 2235 1120 2295; x_wconf 90' lang='lat' dir='ltr'>scientiam</span> <span class='ocrx_word' id='word_1_210' title='bbox 1140 2237 1317 2299; x_wconf 78' lang='lat' dir='ltr'>babebit?-</span> 
     </span>
     <span class='ocr_line' id='line_1_22' title="bbox 83 2316 1314 2417; baseline 0.006 -24"><span class='ocrx_word' id='word_1_211' title='bbox 83 2331 148 2404; x_wconf 85' lang='lat' dir='ltr'>Quo</span> <span class='ocrx_word' id='word_1_212' title='bbox 177 2327 209 2388; x_wconf 91' lang='lat' dir='ltr'>id</span> <span class='ocrx_word' id='word_1_213' title='bbox 230 2328 294 2389; x_wconf 90' lang='lat' dir='ltr'>fieri</span> <span class='ocrx_word' id='word_1_214' title='bbox 314 2316 398 2411; x_wconf 84' lang='lat' dir='ltr'>pacto</span> <span class='ocrx_word' id='word_1_215' title='bbox 415 2330 525 2410; x_wconf 73' lang='lat' dir='ltr'>possiti</span> <span class='ocrx_word' id='word_1_216' title='bbox 544 2363 580 2375; x_wconf 92' lang='lat'><em>-</em></span> <span class='ocrx_word' id='word_1_217' title='bbox 597 2331 634 2390; x_wconf 91' lang='lat' dir='ltr'>In</span> <span class='ocrx_word' id='word_1_218' title='bbox 650 2331 687 2391; x_wconf 81' lang='lat' dir='ltr'>iis</span> <span class='ocrx_word' id='word_1_219' title='bbox 705 2352 779 2411; x_wconf 89' lang='lat' dir='ltr'>quae</span> <span class='ocrx_word' id='word_1_220' title='bbox 801 2331 890 2393; x_wconf 91' lang='lat' dir='ltr'>alicui</span> <span class='ocrx_word' id='word_1_221' title='bbox 905 2332 1065 2410; x_wconf 88' lang='lat' dir='ltr'>accidunt,</span> <span class='ocrx_word' id='word_1_222' title='bbox 1080 2331 1116 2395; x_wconf 77' lang='grc' dir='ltr'>ἐν</span> <span class='ocrx_word' id='word_1_223' title='bbox 1139 2340 1208 2412; x_wconf 79' lang='grc' dir='ltr'><strong><em>τοῖς</em></strong></span> <span class='ocrx_word' id='word_1_224' title='bbox 1227 2329 1314 2417; x_wconf 67' lang='lat' dir='ltr'>uati</span> 
     </span>
     <span class='ocr_line' id='line_1_23' title="bbox 82 2429 1314 2515; baseline 0.009 -29"><span class='ocrx_word' id='word_1_225' title='bbox 82 2446 173 2507; x_wconf 81' lang='grc' dir='ltr'><strong><em>μασι,</em></strong></span> <span class='ocrx_word' id='word_1_226' title='bbox 200 2449 259 2488; x_wconf 89' lang='lat' dir='ltr'>non</span> <span class='ocrx_word' id='word_1_227' title='bbox 281 2442 323 2488; x_wconf 86' lang='lat' dir='ltr'>est</span> <span class='ocrx_word' id='word_1_228' title='bbox 343 2429 483 2507; x_wconf 77' lang='lat' dir='ltr'>scicntia3</span> <span class='ocrx_word' id='word_1_229' title='bbox 503 2441 546 2488; x_wconf 87' lang='lat' dir='ltr'>est</span> <span class='ocrx_word' id='word_1_230' title='bbox 560 2449 630 2489; x_wconf 79' lang='lat' dir='ltr'>vero</span> <span class='ocrx_word' id='word_1_231' title='bbox 645 2430 677 2488; x_wconf 93' lang='lat' dir='ltr'>in</span> <span class='ocrx_word' id='word_1_232' title='bbox 699 2431 921 2492; x_wconf 86' lang='lat' dir='ltr'>ratiocinatione</span> <span class='ocrx_word' id='word_1_233' title='bbox 941 2430 979 2491; x_wconf 87' lang='lat' dir='ltr'>de</span> <span class='ocrx_word' id='word_1_234' title='bbox 999 2431 1070 2495; x_wconf 92' lang='lat' dir='ltr'>illis.</span> <span class='ocrx_word' id='word_1_235' title='bbox 1101 2437 1168 2498; x_wconf 77' lang='lat' dir='ltr'>Hic</span> <span class='ocrx_word' id='word_1_236' title='bbox 1184 2440 1277 2515; x_wconf 87' lang='lat' dir='ltr'>enim,</span> <span class='ocrx_word' id='word_1_237' title='bbox 1290 2450 1314 2497; x_wconf 84' lang='lat' dir='ltr'>at</span> 
     </span>
     <span class='ocr_line' id='line_1_24' title="bbox 82 2512 1312 2612; baseline 0.006 -22"><span class='ocrx_word' id='word_1_238' title='bbox 82 2552 135 2612; x_wconf 87' lang='lat' dir='ltr'>par</span> <span class='ocrx_word' id='word_1_239' title='bbox 150 2544 212 2606; x_wconf 89' lang='lat' dir='ltr'>est,</span> <span class='ocrx_word' id='word_1_240' title='bbox 232 2528 384 2588; x_wconf 86' lang='lat' dir='ltr'>essentiam</span> <span class='ocrx_word' id='word_1_241' title='bbox 394 2512 506 2606; x_wconf 82' lang='lat' dir='ltr'>assequi</span> <span class='ocrx_word' id='word_1_242' title='bbox 524 2540 553 2586; x_wconf 92' lang='lat' dir='ltr'>et</span> <span class='ocrx_word' id='word_1_243' title='bbox 568 2528 718 2588; x_wconf 79' lang='lat' dir='ltr'>veritatem</span> <span class='ocrx_word' id='word_1_244' title='bbox 738 2528 824 2604; x_wconf 89' lang='lat' dir='ltr'>licet,</span> <span class='ocrx_word' id='word_1_245' title='bbox 845 2529 876 2592; x_wconf 82' lang='lat' dir='ltr'>ri</span> <span class='ocrx_word' id='word_1_246' title='bbox 896 2529 1038 2591; x_wconf 81' lang='lat' dir='ltr'>illistron</span> <span class='ocrx_word' id='word_1_247' title='bbox 1058 2531 1145 2597; x_wconf 89' lang='lat' dir='ltr'>licet.</span> <span class='ocrx_word' id='word_1_248' title='bbox 1167 2581 1204 2592; x_wconf 84' lang='lat'>-</span> <span class='ocrx_word' id='word_1_249' title='bbox 1222 2536 1312 2599; x_wconf 83' lang='lat' dir='ltr'>Sirti-</span> 
     </span>
     <span class='ocr_line' id='line_1_25' title="bbox 82 2624 1312 2703; baseline 0.003 -14"><span class='ocrx_word' id='word_1_250' title='bbox 82 2629 177 2690; x_wconf 86' lang='lat' dir='ltr'>detur.</span> <span class='ocrx_word' id='word_1_251' title='bbox 198 2663 233 2673; x_wconf 92' lang='lat'>—</span> <span class='ocrx_word' id='word_1_252' title='bbox 253 2627 330 2687; x_wconf 88' lang='lat' dir='ltr'>Num</span> <span class='ocrx_word' id='word_1_253' title='bbox 348 2625 427 2686; x_wconf 89' lang='lat' dir='ltr'>idem</span> <span class='ocrx_word' id='word_1_254' title='bbox 445 2624 524 2685; x_wconf 90' lang='lat' dir='ltr'>illud</span> <span class='ocrx_word' id='word_1_255' title='bbox 544 2639 572 2685; x_wconf 89' lang='lat' dir='ltr'>et</span> <span class='ocrx_word' id='word_1_256' title='bbox 592 2624 648 2685; x_wconf 91' lang='lat' dir='ltr'>hoc</span> <span class='ocrx_word' id='word_1_257' title='bbox 668 2636 773 2703; x_wconf 82' lang='lat' dir='ltr'>voca&#39;s,</span> <span class='ocrx_word' id='word_1_258' title='bbox 789 2647 855 2686; x_wconf 90' lang='lat' dir='ltr'>cum</span> <span class='ocrx_word' id='word_1_259' title='bbox 874 2626 945 2688; x_wconf 91' lang='lat' dir='ltr'>adeo</span> <span class='ocrx_word' id='word_1_260' title='bbox 962 2628 1023 2689; x_wconf 89' lang='lat' dir='ltr'>sint</span> <span class='ocrx_word' id='word_1_261' title='bbox 1041 2650 1058 2689; x_wconf 87' lang='lat' dir='ltr'>a</span> <span class='ocrx_word' id='word_1_262' title='bbox 1076 2652 1106 2691; x_wconf 86' lang='lat' dir='ltr'>se</span> <span class='ocrx_word' id='word_1_263' title='bbox 1128 2634 1259 2697; x_wconf 81' lang='lat' dir='ltr'>invicem</span> <span class='ocrx_word' id='word_1_264' title='bbox 1273 2633 1312 2693; x_wconf 87' lang='lat' dir='ltr'>di-</span> 
     </span>
     <span class='ocr_line' id='line_1_26' title="bbox 86 2723 1310 2815; baseline 0.005 -28"><span class='ocrx_word' id='word_1_265' title='bbox 86 2724 333 2788; x_wconf 76' lang='lat' dir='ltr'>versal-Haud</span> <span class='ocrx_word' id='word_1_266' title='bbox 344 2745 413 2784; x_wconf 90' lang='lat' dir='ltr'>sane</span> <span class='ocrx_word' id='word_1_267' title='bbox 423 2724 548 2785; x_wconf 90' lang='lat' dir='ltr'>deceret.</span> <span class='ocrx_word' id='word_1_268' title='bbox 568 2754 605 2766; x_wconf 95' lang='lat'>-</span> <span class='ocrx_word' id='word_1_269' title='bbox 624 2723 711 2798; x_wconf 90' lang='lat' dir='ltr'>Quod</span> <span class='ocrx_word' id='word_1_270' title='bbox 732 2723 822 2804; x_wconf 85' lang='lat' dir='ltr'>igitur</span> <span class='ocrx_word' id='word_1_271' title='bbox 839 2725 887 2785; x_wconf 92' lang='lat' dir='ltr'>illi</span> <span class='ocrx_word' id='word_1_272' title='bbox 907 2725 1011 2787; x_wconf 87' lang='lat' dir='ltr'>tribuis</span> <span class='ocrx_word' id='word_1_273' title='bbox 1029 2750 1164 2808; x_wconf 88' lang='lat' dir='ltr'>nomen,</span> <span class='ocrx_word' id='word_1_274' title='bbox 1186 2733 1242 2815; x_wconf 86' lang='lat' dir='ltr'>ipsi</span> <span class='ocrx_word' id='word_1_275' title='bbox 1258 2731 1310 2793; x_wconf 81' lang='lat' dir='ltr'>dim</span> 
     </span>
     <span class='ocr_line' id='line_1_27' title="bbox 80 2821 1308 2912; baseline 0 -28"><span class='ocrx_word' id='word_1_276' title='bbox 80 2828 123 2910; x_wconf 77' lang='grc' dir='ltr'>τῷ</span> <span class='ocrx_word' id='word_1_277' title='bbox 145 2827 263 2900; x_wconf 82' lang='lat' dir='ltr'>videre,</span> <span class='ocrx_word' id='word_1_278' title='bbox 291 2822 407 2898; x_wconf 87' lang='lat' dir='ltr'>audire,</span> <span class='ocrx_word' id='word_1_279' title='bbox 436 2821 572 2897; x_wconf 87' lang='lat' dir='ltr'>odorari,</span> <span class='ocrx_word' id='word_1_280' title='bbox 599 2821 757 2902; x_wconf 83' lang='lat' dir='ltr'>frigefieri,</span> <span class='ocrx_word' id='word_1_281' title='bbox 786 2823 936 2885; x_wconf 77' lang='lat' dir='ltr'>calefieri?</span> <span class='ocrx_word' id='word_1_282' title='bbox 956 2849 992 2864; x_wconf 91' lang='grc'>-·</span> <span class='ocrx_word' id='word_1_283' title='bbox 1013 2824 1144 2889; x_wconf 67' lang='lat' dir='ltr'>Sanun</span> <span class='ocrx_word' id='word_1_284' title='bbox 1175 2830 1308 2912; x_wconf 84' lang='lat' dir='ltr'>equidem:</span> 
     </span>
     <span class='ocr_line' id='line_1_28' title="bbox 80 2912 1307 3004; baseline 0.002 -20"><span class='ocrx_word' id='word_1_285' title='bbox 80 2924 153 3004; x_wconf 93' lang='lat' dir='ltr'>quid</span> <span class='ocrx_word' id='word_1_286' title='bbox 171 2912 253 2983; x_wconf 88' lang='lat' dir='ltr'>enim</span> <span class='ocrx_word' id='word_1_287' title='bbox 271 2920 353 2981; x_wconf 89' lang='lat' dir='ltr'>aliud</span> <span class='ocrx_word' id='word_1_288' title='bbox 370 2919 523 2981; x_wconf 75' lang='lat' dir='ltr'>tribuam?</span> <span class='ocrx_word' id='word_1_289' title='bbox 537 2962 573 2975; x_wconf 91' lang='grc'>-</span> <span class='ocrx_word' id='word_1_290' title='bbox 592 2920 770 2982; x_wconf 86' lang='lat' dir='ltr'>Universum</span> <span class='ocrx_word' id='word_1_291' title='bbox 781 2921 936 3001; x_wconf 86' lang='lat' dir='ltr'>igiturhoc</span> <span class='ocrx_word' id='word_1_292' title='bbox 955 2944 1077 2985; x_wconf 79' lang='lat' dir='ltr'>reorum</span> <span class='ocrx_word' id='word_1_293' title='bbox 1091 2932 1208 2990; x_wconf 77' lang='lat' dir='ltr'>vocas?</span> <span class='ocrx_word' id='word_1_294' title='bbox 1227 2928 1307 2989; x_wconf 80' lang='lat' dir='ltr'>-lle-</span> 
     </span>
     <span class='ocr_line' id='line_1_29' title="bbox 81 3018 1303 3109; baseline 0.006 -28"><span class='ocrx_word' id='word_1_295' title='bbox 81 3043 166 3082; x_wconf 83' lang='lat' dir='ltr'>cesse.</span> <span class='ocrx_word' id='word_1_296' title='bbox 176 3059 212 3070; x_wconf 93' lang='lat'>-</span> <span class='ocrx_word' id='word_1_297' title='bbox 229 3021 307 3080; x_wconf 88' lang='lat' dir='ltr'>Huic</span> <span class='ocrx_word' id='word_1_298' title='bbox 325 3019 483 3079; x_wconf 87' lang='lat' dir='ltr'>convenire</span> <span class='ocrx_word' id='word_1_299' title='bbox 504 3018 635 3079; x_wconf 82' lang='lat' dir='ltr'>veritatis</span> <span class='ocrx_word' id='word_1_300' title='bbox 654 3018 869 3098; x_wconf 89' lang='lat' dir='ltr'>perceptionem</span> <span class='ocrx_word' id='word_1_301' title='bbox 887 3022 1077 3100; x_wconf 79' lang='lat' dir='ltr'>negavimus,</span> <span class='ocrx_word' id='word_1_302' title='bbox 1095 3026 1212 3109; x_wconf 81' lang='lat' dir='ltr'>quippe</span> <span class='ocrx_word' id='word_1_303' title='bbox 1227 3046 1303 3087; x_wconf 75' lang='lat' dir='ltr'>ester</span> 
     </span>
     <span class='ocr_line' id='line_1_30' title="bbox 80 3115 1306 3205; baseline 0.006 -25"><span class='ocrx_word' id='word_1_304' title='bbox 80 3121 138 3180; x_wconf 88' lang='lat' dir='ltr'>tiae</span> <span class='ocrx_word' id='word_1_305' title='bbox 147 3140 206 3178; x_wconf 91' lang='lat' dir='ltr'>non</span> <span class='ocrx_word' id='word_1_306' title='bbox 227 3117 374 3198; x_wconf 89' lang='lat' dir='ltr'>particeps</span> <span class='ocrx_word' id='word_1_307' title='bbox 384 3115 534 3175; x_wconf 82' lang='lat' dir='ltr'>est-Sic</span> <span class='ocrx_word' id='word_1_308' title='bbox 554 3128 606 3175; x_wconf 88' lang='lat' dir='ltr'>est.</span> <span class='ocrx_word' id='word_1_309' title='bbox 626 3153 662 3164; x_wconf 89' lang='lat'>-</span> <span class='ocrx_word' id='word_1_310' title='bbox 682 3117 780 3194; x_wconf 88' lang='lat' dir='ltr'>Neque</span> <span class='ocrx_word' id='word_1_311' title='bbox 798 3117 936 3177; x_wconf 88' lang='lat' dir='ltr'>scientiae</span> <span class='ocrx_word' id='word_1_312' title='bbox 955 3120 1045 3199; x_wconf 85' lang='lat' dir='ltr'>igitur</span> <span class='ocrx_word' id='word_1_313' title='bbox 1066 3143 1190 3205; x_wconf 88' lang='lat' dir='ltr'>compos</span> <span class='ocrx_word' id='word_1_314' title='bbox 1207 3128 1266 3187; x_wconf 87' lang='lat' dir='ltr'>erit.</span> <span class='ocrx_word' id='word_1_315' title='bbox 1281 3156 1306 3167; x_wconf 91' lang='lat'>-</span> 
     </span>
     <span class='ocr_line' id='line_1_31' title="bbox 79 3212 1305 3303; baseline 0.007 -25"><span class='ocrx_word' id='word_1_316' title='bbox 79 3219 145 3278; x_wconf 87' lang='lat' dir='ltr'>Non</span> <span class='ocrx_word' id='word_1_317' title='bbox 164 3237 245 3301; x_wconf 77' lang='lat' dir='ltr'>sane.¹</span> <span class='ocrx_word' id='word_1_318' title='bbox 264 3213 433 3288; x_wconf 88' lang='lat' dir='ltr'>-lccirco,</span> <span class='ocrx_word' id='word_1_319' title='bbox 453 3234 470 3273; x_wconf 96' lang='lat' dir='ltr'>o</span> <span class='ocrx_word' id='word_1_320' title='bbox 490 3212 644 3273; x_wconf 81' lang='lat' dir='ltr'>Theaeteto</span> <span class='ocrx_word' id='word_1_321' title='bbox 654 3258 664 3289; x_wconf 88' lang='lat'>,</span> <span class='ocrx_word' id='word_1_322' title='bbox 695 3233 795 3273; x_wconf 87' lang='lat' dir='ltr'>sensus</span> <span class='ocrx_word' id='word_1_323' title='bbox 814 3228 843 3274; x_wconf 86' lang='lat' dir='ltr'>et</span> <span class='ocrx_word' id='word_1_324' title='bbox 863 3216 1074 3279; x_wconf 71' lang='lat' dir='ltr'>scientiarum</span> <span class='ocrx_word' id='word_1_325' title='bbox 1095 3220 1181 3283; x_wconf 87' lang='lat' dir='ltr'>idem</span> <span class='ocrx_word' id='word_1_326' title='bbox 1200 3241 1305 3303; x_wconf 66' lang='grc' dir='ltr'>θεωρο-</span> 
     </span>
     <span class='ocr_line' id='line_1_32' title="bbox 79 3309 509 3392; baseline -0.023 -15"><span class='ocrx_word' id='word_1_327' title='bbox 79 3330 142 3377; x_wconf 87' lang='lat' dir='ltr'>test.</span> <span class='ocrx_word' id='word_1_328' title='bbox 163 3313 284 3374; x_wconf 90' lang='lat' dir='ltr'>—Non</span> <span class='ocrx_word' id='word_1_329' title='bbox 306 3311 454 3372; x_wconf 55' lang='lat' dir='ltr'>videtur</span> <span class='ocrx_word' id='word_1_330' title='bbox 480 3309 509 3392; x_wconf 92' lang='grc'>1)</span> 
     </span>
    </p>

    <p class='ocr_par' dir='ltr' id='par_1_3' title="bbox 77 3394 1350 4279">
     <span class='ocr_line' id='line_1_33' title="bbox 119 3394 1350 3493; baseline 0.002 -19"><span class='ocrx_word' id='word_1_331' title='bbox 119 3394 201 3474; x_wconf 77' lang='lat' dir='ltr'>Stare</span> <span class='ocrx_word' id='word_1_332' title='bbox 221 3411 338 3487; x_wconf 86' lang='lat' dir='ltr'>omnia,</span> <span class='ocrx_word' id='word_1_333' title='bbox 358 3407 438 3487; x_wconf 87' lang='lat' dir='ltr'>quod</span> <span class='ocrx_word' id='word_1_334' title='bbox 458 3409 544 3469; x_wconf 85' lang='lat' dir='ltr'>unice</span> <span class='ocrx_word' id='word_1_335' title='bbox 564 3408 701 3490; x_wconf 88' lang='lat' dir='ltr'>placebat</span> <span class='ocrx_word' id='word_1_336' title='bbox 729 3408 886 3486; x_wconf 83' lang='lat' dir='ltr'>Eleaticis,</span> <span class='ocrx_word' id='word_1_337' title='bbox 907 3432 966 3471; x_wconf 89' lang='lat' dir='ltr'>uon</span> <span class='ocrx_word' id='word_1_338' title='bbox 983 3413 1130 3493; x_wconf 84' lang='lat' dir='ltr'>probabat</span> <span class='ocrx_word' id='word_1_339' title='bbox 1150 3418 1252 3493; x_wconf 85' lang='lat' dir='ltr'>Plato,</span> <span class='ocrx_word' id='word_1_340' title='bbox 1266 3412 1305 3476; x_wconf 64' lang='lat' dir='ltr'>sd</span> <span class='ocrx_word' id='word_1_341' title='bbox 1348 3454 1350 3493; x_wconf 89' lang='lat'><strong>:</strong></span> 
     </span>
     <span class='ocr_line' id='line_1_34' title="bbox 79 3506 1304 3593; baseline 0.002 -20"><span class='ocrx_word' id='word_1_342' title='bbox 79 3512 278 3573; x_wconf 85' lang='lat' dir='ltr'>admirabatur</span> <span class='ocrx_word' id='word_1_343' title='bbox 299 3507 469 3587; x_wconf 89' lang='lat' dir='ltr'>amabatque</span> <span class='ocrx_word' id='word_1_344' title='bbox 490 3507 523 3566; x_wconf 93' lang='lat' dir='ltr'>in</span> <span class='ocrx_word' id='word_1_345' title='bbox 542 3506 724 3588; x_wconf 89' lang='lat' dir='ltr'>philosophis</span> <span class='ocrx_word' id='word_1_346' title='bbox 754 3506 815 3566; x_wconf 92' lang='lat' dir='ltr'>illis</span> <span class='ocrx_word' id='word_1_347' title='bbox 837 3510 899 3569; x_wconf 89' lang='lat' dir='ltr'>veri</span> <span class='ocrx_word' id='word_1_348' title='bbox 920 3510 1076 3588; x_wconf 88' lang='lat' dir='ltr'>ardorem,</span> <span class='ocrx_word' id='word_1_349' title='bbox 1095 3517 1151 3593; x_wconf 92' lang='lat' dir='ltr'>qui</span> <span class='ocrx_word' id='word_1_350' title='bbox 1174 3518 1207 3579; x_wconf 90' lang='lat' dir='ltr'>in</span> <span class='ocrx_word' id='word_1_351' title='bbox 1227 3532 1304 3577; x_wconf 76' lang='lat' dir='ltr'>eom</span> 
     </span>
     <span class='ocr_line' id='line_1_35' title="bbox 79 3603 1303 3689; baseline -0.002 -18"><span class='ocrx_word' id='word_1_352' title='bbox 79 3610 257 3671; x_wconf 86' lang='lat' dir='ltr'>carminibus</span> <span class='ocrx_word' id='word_1_353' title='bbox 278 3606 450 3688; x_wconf 88' lang='lat' dir='ltr'>scriptisque</span> <span class='ocrx_word' id='word_1_354' title='bbox 471 3603 626 3680; x_wconf 88' lang='lat' dir='ltr'>omnibus,</span> <span class='ocrx_word' id='word_1_355' title='bbox 647 3606 680 3664; x_wconf 90' lang='lat' dir='ltr'>in</span> <span class='ocrx_word' id='word_1_356' title='bbox 700 3617 759 3664; x_wconf 87' lang='lat' dir='ltr'>tota</span> <span class='ocrx_word' id='word_1_357' title='bbox 783 3625 881 3666; x_wconf 88' lang='lat' dir='ltr'>eornm</span> <span class='ocrx_word' id='word_1_358' title='bbox 901 3607 1089 3689; x_wconf 91' lang='lat' dir='ltr'>philosophia</span> <span class='ocrx_word' id='word_1_359' title='bbox 1103 3610 1303 3675; x_wconf 81' lang='lat' dir='ltr'>dominabatur.</span> 
     </span>
     <span class='ocr_line' id='line_1_36' title="bbox 79 3693 1304 3791; baseline 0.001 -23"><span class='ocrx_word' id='word_1_360' title='bbox 79 3709 165 3784; x_wconf 90' lang='lat' dir='ltr'>Quod</span> <span class='ocrx_word' id='word_1_361' title='bbox 187 3721 281 3768; x_wconf 89' lang='lat' dir='ltr'>autem</span> <span class='ocrx_word' id='word_1_362' title='bbox 292 3705 400 3779; x_wconf 85' lang='lat' dir='ltr'>iidem,</span> <span class='ocrx_word' id='word_1_363' title='bbox 419 3701 474 3762; x_wconf 91' lang='lat' dir='ltr'>hoc</span> <span class='ocrx_word' id='word_1_364' title='bbox 495 3701 577 3761; x_wconf 91' lang='lat' dir='ltr'>ducti</span> <span class='ocrx_word' id='word_1_365' title='bbox 589 3703 711 3780; x_wconf 85' lang='lat' dir='ltr'>ardore,</span> <span class='ocrx_word' id='word_1_366' title='bbox 729 3694 765 3764; x_wconf 77' lang='lat' dir='ltr'>td</span> <span class='ocrx_word' id='word_1_367' title='bbox 787 3693 822 3763; x_wconf 81' lang='lat' dir='ltr'>dr</span> <span class='ocrx_word' id='word_1_368' title='bbox 837 3704 1057 3766; x_wconf 83' lang='lat' dir='ltr'>celebraverant</span> <span class='ocrx_word' id='word_1_369' title='bbox 1076 3729 1111 3769; x_wconf 90' lang='lat' dir='ltr'>ac</span> <span class='ocrx_word' id='word_1_370' title='bbox 1132 3713 1237 3788; x_wconf 83' lang='lat' dir='ltr'>rebus,</span> <span class='ocrx_word' id='word_1_371' title='bbox 1248 3726 1304 3791; x_wconf 80' lang='lat' dir='ltr'>quet</span> 
     </span>
     <span class='ocr_line' id='line_1_37' title="bbox 78 3799 1304 3893; baseline 0 -26"><span class='ocrx_word' id='word_1_372' title='bbox 78 3828 138 3867; x_wconf 88' lang='lat' dir='ltr'>esse</span> <span class='ocrx_word' id='word_1_373' title='bbox 158 3804 348 3877; x_wconf 77' lang='lat' dir='ltr'>viderentur,</span> <span class='ocrx_word' id='word_1_374' title='bbox 366 3813 579 3882; x_wconf 85' lang='lat' dir='ltr'>opposuerant,</span> <span class='ocrx_word' id='word_1_375' title='bbox 607 3799 747 3863; x_wconf 86' lang='lat' dir='ltr'>laudabat</span> <span class='ocrx_word' id='word_1_376' title='bbox 776 3803 971 3864; x_wconf 86' lang='lat' dir='ltr'>vehementer.</span> <span class='ocrx_word' id='word_1_377' title='bbox 1013 3805 1095 3865; x_wconf 89' lang='lat' dir='ltr'>Hinc</span> <span class='ocrx_word' id='word_1_378' title='bbox 1114 3807 1194 3871; x_wconf 91' lang='lat' dir='ltr'>adeo</span> <span class='ocrx_word' id='word_1_379' title='bbox 1210 3809 1304 3893; x_wconf 82' lang='lat' dir='ltr'>prolet-</span> 
     </span>
     <span class='ocr_line' id='line_1_38' title="bbox 78 3899 1303 3989; baseline 0 -25"><span class='ocrx_word' id='word_1_380' title='bbox 78 3918 142 3979; x_wconf 89' lang='lat' dir='ltr'>tus,</span> <span class='ocrx_word' id='word_1_381' title='bbox 162 3901 242 3984; x_wconf 89' lang='lat' dir='ltr'>quod</span> <span class='ocrx_word' id='word_1_382' title='bbox 261 3899 536 3980; x_wconf 82' lang='lat' dir='ltr'>illineglexerant,</span> <span class='ocrx_word' id='word_1_383' title='bbox 555 3899 686 3980; x_wconf 79' lang='lat' dir='ltr'>perfecit.</span> <span class='ocrx_word' id='word_1_384' title='bbox 728 3902 801 3961; x_wconf 87' lang='lat' dir='ltr'>Nam</span> <span class='ocrx_word' id='word_1_385' title='bbox 820 3901 983 3983; x_wconf 87' lang='lat' dir='ltr'>praeclaras</span> <span class='ocrx_word' id='word_1_386' title='bbox 1001 3903 1123 3981; x_wconf 91' lang='lat' dir='ltr'>quidem</span> <span class='ocrx_word' id='word_1_387' title='bbox 1145 3906 1303 3989; x_wconf 74' lang='lat' dir='ltr'>pronuncia</span> 
     </span>
     <span class='ocr_line' id='line_1_39' title="bbox 79 3996 1304 4079; baseline 0 -16"><span class='ocrx_word' id='word_1_388' title='bbox 79 4017 181 4075; x_wconf 86' lang='lat' dir='ltr'>verant</span> <span class='ocrx_word' id='word_1_389' title='bbox 199 4000 237 4062; x_wconf 90' lang='lat' dir='ltr'>de</span> <span class='ocrx_word' id='word_1_390' title='bbox 260 3999 381 4060; x_wconf 84' lang='lat' dir='ltr'>veritate</span> <span class='ocrx_word' id='word_1_391' title='bbox 400 3996 557 4057; x_wconf 88' lang='lat' dir='ltr'>sententias</span> <span class='ocrx_word' id='word_1_392' title='bbox 567 4043 576 4073; x_wconf 85' lang='lat'>‚</span> <span class='ocrx_word' id='word_1_393' title='bbox 607 3999 715 4079; x_wconf 90' lang='lat' dir='ltr'>quibus</span> <span class='ocrx_word' id='word_1_394' title='bbox 734 3999 869 4059; x_wconf 83' lang='lat' dir='ltr'>mortales</span> <span class='ocrx_word' id='word_1_395' title='bbox 890 4014 1084 4076; x_wconf 88' lang='lat' dir='ltr'>monuerant,</span> <span class='ocrx_word' id='word_1_396' title='bbox 1104 4025 1145 4063; x_wconf 89' lang='lat' dir='ltr'>ne</span> <span class='ocrx_word' id='word_1_397' title='bbox 1166 4004 1254 4067; x_wconf 87' lang='lat' dir='ltr'>fidem</span> <span class='ocrx_word' id='word_1_398' title='bbox 1267 4003 1304 4063; x_wconf 79' lang='lat' dir='ltr'>lt·</span> 
     </span>
     <span class='ocr_line' id='line_1_40' title="bbox 77 4092 1304 4178; baseline -0.005 -17"><span class='ocrx_word' id='word_1_399' title='bbox 77 4102 181 4161; x_wconf 80' lang='lat' dir='ltr'>herent</span> <span class='ocrx_word' id='word_1_400' title='bbox 198 4097 348 4171; x_wconf 89' lang='lat' dir='ltr'>sensibus,</span> <span class='ocrx_word' id='word_1_401' title='bbox 368 4095 419 4155; x_wconf 89' lang='lat' dir='ltr'>sed</span> <span class='ocrx_word' id='word_1_402' title='bbox 440 4092 492 4169; x_wconf 89' lang='lat' dir='ltr'>id,</span> <span class='ocrx_word' id='word_1_403' title='bbox 510 4095 589 4173; x_wconf 91' lang='lat' dir='ltr'>quod</span> <span class='ocrx_word' id='word_1_404' title='bbox 608 4108 684 4157; x_wconf 80' lang='lat' dir='ltr'>erret</span> <span class='ocrx_word' id='word_1_405' title='bbox 694 4143 703 4174; x_wconf 87' lang='lat'>‚</span> <span class='ocrx_word' id='word_1_406' title='bbox 724 4110 984 4178; x_wconf 85' lang='lat' dir='ltr'>persequerentur,</span> <span class='ocrx_word' id='word_1_407' title='bbox 1007 4110 1039 4156; x_wconf 89' lang='lat' dir='ltr'>ut</span> <span class='ocrx_word' id='word_1_408' title='bbox 1058 4099 1252 4165; x_wconf 84' lang='lat' dir='ltr'>Parmenides</span> <span class='ocrx_word' id='word_1_409' title='bbox 1265 4098 1304 4161; x_wconf 83' lang='lat' dir='ltr'>ille</span> 
     </span>
     <span class='ocr_line' id='line_1_41' title="bbox 78 4184 963 4279; baseline -0.006 -21"><span class='ocrx_word' id='word_1_410' title='bbox 78 4190 193 4272; x_wconf 68' lang='grc' dir='ltr'><em>αἰδοῖός</em></span> <span class='ocrx_word' id='word_1_411' title='bbox 213 4218 244 4257; x_wconf 84' lang='grc' dir='ltr'>τε</span> <span class='ocrx_word' id='word_1_412' title='bbox 267 4188 332 4279; x_wconf 70' lang='lat' dir='ltr'>tipo</span> <span class='ocrx_word' id='word_1_413' title='bbox 353 4184 450 4265; x_wconf 70' lang='grc' dir='ltr'><em>δεινός</em></span> <span class='ocrx_word' id='word_1_414' title='bbox 470 4213 506 4255; x_wconf 76' lang='grc' dir='ltr'>τε.</span> <span class='ocrx_word' id='word_1_415' title='bbox 524 4196 557 4253; x_wconf 91' lang='lat' dir='ltr'>in</span> <span class='ocrx_word' id='word_1_416' title='bbox 578 4196 644 4254; x_wconf 89' lang='lat' dir='ltr'>his:</span> <span class='ocrx_word' id='word_1_417' title='bbox 960 4198 963 4205; x_wconf 90' lang='lat'>&#39;</span> 
     </span>
    </p>
   </div>
   <div class='ocr_carea' id='block_1_3' title="bbox 115 4402 546 4472">
    <p class='ocr_par' dir='ltr' id='par_1_4' title="bbox 115 4402 546 4472">
     <span class='ocr_line' id='line_1_42' title="bbox 115 4402 546 4472; baseline -0.002 -13"><span class='ocrx_word' id='word_1_418' title='bbox 115 4407 138 4472; x_wconf 74' lang='lat' dir='ltr'>rr</span> <span class='ocrx_word' id='word_1_419' title='bbox 161 4409 256 4461; x_wconf 65' lang='lat' dir='ltr'>rrae.</span> <span class='ocrx_word' id='word_1_420' title='bbox 276 4402 496 4458; x_wconf 73' lang='lat' dir='ltr'>tetta-186.</span> <span class='ocrx_word' id='word_1_421' title='bbox 517 4402 546 4453; x_wconf 78' lang='grc' dir='ltr'>Ε.</span> 
     </span>
    </p>
   </div>
   <div class='ocr_carea' id='block_1_4' title="bbox 0 0 1402 5048">
    <p class='ocr_par' dir='ltr' id='par_1_5' title="bbox 0 0 1402 5048">
     <span class='ocr_line' id='line_1_43' title="bbox 0 0 1402 5048; baseline 0 4"><span class='ocrx_word' id='word_1_422' title='bbox 0 0 1402 5048; x_wconf 95' lang='lat' dir='ltr'> </span> 
     </span>
    </p>
   </div>
  </div>
 </body>
</html>
