2796 5048
671 246 732 308 439

76 407 283 486 molestiasque
301 407 469 467 innumeras
490 419 575 484 atque
585 407 766 486 gravissimas
781 409 965 487 objecerunt,
985 429 1058 488 quas
1073 430 1207 492 superare
1224 413 1319 493 quali·

74 527 197 588 cunque
215 503 315 580 modo,
341 505 399 565 nisi
418 505 528 566 summa
545 505 636 565 animi
657 507 823 568 intensione
841 527 874 566 ac
893 506 1055 569 disserendi
1075 509 1236 570 subtilitate
1257 533 1318 572 non

77 618 252 689 potuerunt.
295 598 370 665 Rem
387 603 521 682 equidem
548 603 647 663 malim
678 604 799 667 aliunde
818 618 956 686 repetere.
999 606 1127 667 Primum
1147 610 1319 669 enimreote

74 703 299 786 sapientibus
317 702 462 761 monitum
480 715 540 776 cst,
560 702 592 760 id
613 701 725 763 homini
745 706 805 763 fere
824 703 862 764 ad
882 690 1091 783 assequendum
1109 705 1319 768 difficillimum

74 825 162 877 ene,
187 801 266 880 quod
294 815 337 860 est
367 801 630 881 simplicissimum:
661 801 790 879 deinde,
816 802 895 883 quod
926 804 959 862 in
986 804 1065 864 vitae
1086 826 1140 863 usu
1161 805 1317 882 docemur,

73 922 166 984 aegre
195 901 383 981 sibimetipsis
413 901 559 980 imputant
579 901 732 976 mortales,
763 901 842 980 qnod
863 902 895 960 in
916 901 1003 960 rebus
1024 901 1210 981 inquirendis
1230 904 1322 986 perfi-

73 999 252 1078 ciendisque
275 996 400 1058 arduum
429 998 605 1058 existimant.
646 1000 816 1059 Maluerunt
843 1000 933 1079 igitur
953 999 1121 1081 philosophi
1143 1002 1203 1060 fere
1224 1024 1320 1062 rerum

74 1097 323 1180 explicandarum
353 1095 555 1157 difficultatem
586 1097 634 1157 vel
663 1099 734 1178 ipsis
755 1098 841 1157 rebus
859 1097 907 1158 vel
928 1112 1049 1158 naturae
1068 1096 1211 1158 humanae
1231 1100 1323 1159 imbe-

74 1197 219 1271 ttillitati,
244 1216 332 1276 quam
351 1214 402 1254 suo
421 1194 478 1275 ipsi
498 1195 571 1255 vitio
586 1194 801 1275 quaerendique
820 1197 1003 1277 perversitati
1028 1193 1200 1258 adscribere.
1233 1199 1327 1276 Cujus-

76 1296 141 1377 ipsi
161 1295 282 1354 rationis
300 1306 433 1366 tenaces,
462 1293 515 1353 vix
532 1291 624 1367 illud,
651 1293 731 1374 quod
751 1307 779 1353 et
798 1309 950 1355 monuerat
967 1295 1049 1370 Plato
1071 1309 1099 1356 et
1118 1295 1325 1377 philosophiae

76 1393 145 1477 ipse
158 1390 335 1453 suannormb
354 1404 382 1449 et
400 1391 504 1451 babitu
524 1391 557 1451 in
574 1393 705 1479 omnium
726 1392 819 1454 veluti
841 1407 998 1475 conspectu
1017 1407 1168 1477 posuerat,
1188 1393 1325 1455 attende-

76 1505 164 1552 runt.
206 1492 271 1565 Quo
297 1488 387 1568 magis
417 1489 449 1547 in
480 1489 513 1548 id
539 1490 668 1570 profecto
699 1490 784 1550 nohis
802 1503 861 1551 toto
881 1506 997 1571 pectore
1013 1491 1242 1560 incumbendum
1263 1504 1324 1567 est,

78 1605 117 1652 nt
147 1588 279 1663 assidue,
309 1591 478 1661 nocturna,
500 1601 532 1646 ut
562 1588 614 1646 ille
639 1590 700 1663 ait,
729 1591 899 1664 diurnaque
917 1613 1010 1650 manu
1033 1592 1191 1652 Socratica
1210 1598 1326 1669 serapim

77 1697 259 1761 enecatos,
287 1683 451 1744 imbuamur
479 1685 585 1743 sensim
612 1685 809 1767 paulatimque
829 1686 990 1747 Socraticae
1019 1691 1102 1750 illius
1129 1688 1324 1768 simplicitatis

79 1785 191 1861 sensu,
212 1798 295 1864 atque
316 1781 354 1840 ad
373 1781 460 1860 hujus
478 1782 618 1844 rationem
640 1783 775 1844 divinum
793 1798 978 1865 praeceptum
989 1832 998 1861 ,
1027 1809 1043 1846 a
1062 1787 1215 1848 Socraticis
1235 1786 1326 1844 unice

79 1887 281 1961 celebratum,
301 1879 400 1962 γνῶθι
421 1874 543 1940 σεαυτὸν
552 1928 562 1958 ,
582 1885 614 1941 in
631 1882 728 1941 studia
747 1874 834 1941 etiam
851 1896 949 1941 nostra
965 1885 1219 1946 accommodemus.

126 1986 200 2060 Quis
218 1983 286 2042 finis
303 1984 340 2042 sit
358 1982 558 2064 philosophiae
577 1982 758 2055 Platonicae,
778 2001 863 2059 quem
881 1981 914 2039 in
932 1981 978 2041 his
988 1981 1244 2063 disquisitionibus
1254 2001 1323 2062 per

80 2099 176 2168 petuc
193 2082 397 2162 quaesivimus,
415 2081 548 2139 nondum
559 2078 770 2138 deelaravimus
781 2079 859 2138 satis.
891 2080 949 2138 Nec
969 2094 1066 2142 tamen
1086 2083 1223 2160 exiguum
1244 2076 1322 2136 illud

79 2197 147 2259 est,
174 2179 252 2261 quod
280 2181 456 2260 reperimus,
486 2178 606 2237 tendere
635 2198 695 2236 earn
715 2178 748 2236 in
768 2177 848 2237 omni
869 2177 1078 2288 disceptatione
1099 2178 1137 2238 ad
1155 2177 1211 2238 τοῦ
1233 2157 1319 2248 οὗτος

80 2281 236 2342 scientiam
257 2279 453 2360 potissimum,
474 2292 559 2355 atque
581 2298 639 2335 esse
658 2297 756 2356 reapse
775 2276 921 2350 hominis,
943 2277 967 2335 si
987 2279 1117 2337 effectum
1136 2294 1317 2360 spectamuS,

76 2379 127 2441 ¹ad
157 2376 304 2442 veritatem
323 2377 550 2436 conversionem.
592 2372 703 2448 Quodsi
720 2394 748 2432 se
767 2374 821 2434 hoc
840 2375 958 2433 nomine
977 2375 1062 2435 nobis
1082 2399 1141 2436 non
1162 2378 1320 2437 mediocri-

82 2494 132 2540 ter
151 2475 414 2549 commendaverit,
445 2495 506 2533 non
526 2474 623 2531 minus
641 2492 708 2529 sane
729 2469 781 2529 illa
801 2473 991 2555 praestantiae
1011 2474 1203 2553 utilitatisque
1221 2475 1318 2550 habet,

84 2578 140 2638 nbi
171 2577 211 2636 sic
242 2596 295 2634 nos
323 2587 419 2632 mente
448 2571 490 2630 ad·
513 2569 646 2652 pulcrum
675 2589 832 2647 verumque
853 2589 1005 2630 conversos
1026 2572 1057 2629 in
1079 2573 1204 2631 mediam
1225 2572 1324 2631 educit

82 2676 240 2740 bominum
259 2673 441 2746 societatem,
462 2683 494 2728 ut
511 2670 657 2727 intuentes
678 2668 774 2726 animo
795 2666 940 2725 verissima
961 2667 1013 2725 illa
1034 2671 1096 2727 veri
1115 2669 1263 2749 exempla,
1284 2656 1333 2750 ad*

83 2775 246 2859 perfectam
259 2791 370 2839 „eorum
389 2767 587 2828 conditionem
607 2787 652 2825 res
671 2779 781 2825 nostras
800 2784 897 2823 ornnes
916 2764 1061 2843 vitamque
1082 2766 1235 2826 hominum
1255 2787 1326 2825 con·

83 2875 245 2935 formemus
263 2883 348 2928 recte.
370 2868 475 2941 Quae
467 2881 572 2924 iterum
587 2863 746 2945 progressio
766 2861 930 2920 Platonicae
944 2861 1145 2944 philosophiae
1164 2878 1215 2939 est,
1235 2884 1324 2943 quum

84 2994 106 3033 a
134 2970 271 3053 pulcro
266 2980 295 3026 et
324 2987 393 3028 vero
420 2964 458 3024 ad
475 2969 595 3038 pcata·
623 2960 854 3040 disquisitionem
882 2959 1076 3040 progreditur.
1117 2960 1324 3023 decedendum

81 3075 149 3153 jam
168 3067 253 3128 nobis
277 3064 350 3124 illuc
371 3077 431 3137 est,
459 3063 569 3141 eritque
588 3069 654 3118 cita
674 3067 787 3137 optima
806 3058 868 3119 sive
887 3060 973 3117 beuta
993 3060 1093 3136 nobis,
1120 3062 1203 3139 cujus
1224 3080 1327 3142 saepe-

86 3188 214 3232 numero
235 3167 267 3225 in
286 3165 365 3224 hisce
384 3160 561 3221 mentionem
580 3159 747 3238 injecimus,
776 3157 912 3239 princeps
932 3161 1129 3237 proximarum
1148 3158 1327 3240 disquisitio·

87 3289 165 3330 num
183 3274 392 3345 argumentum.
434 3258 491 3318 Sed
520 3259 581 3319 vita
601 3258 673 3333 illa,
700 3256 795 3336 qualis
823 3256 878 3330 sit,
906 3276 942 3313 ex
971 3256 1059 3317 hacce
1076 3261 1157 3338 jam,
1185 3259 1217 3315 in
1239 3275 1323 3335 quam

87 3364 294 3437 escendimus,
322 3358 523 3441 philosophiae
541 3357 706 3416 Platonicae
727 3356 821 3417 veluti
841 3349 965 3437 ononlqt,
988 3356 1121 3434 augurari
1142 3353 1227 3412 nobis
1247 3352 1325 3410 licet.
1351 3363 1355 3369 '

88 3469 185 3528 Purae
214 3461 458 3537 intaminataeque
488 3457 619 3516 veritatis
638 3453 892 3534 {contemplatione
922 3454 1107 3525 continetur,
1132 3469 1218 3528 quam
1238 3448 1325 3507 rebus

88 3560 308 3624 accommodare
327 3557 463 3616 humanis
484 3554 657 3613 studeamus.
679 3553 847 3612 Vaticinata
869 3552 900 3610 id
920 3551 1004 3608 nobis
1024 3548 1150 3607 Diotime
1168 3558 1219 3619 est,
1238 3567 1328 3624 quum

88 3662 191 3746 pulcri
201 3657 431 3741 philosophiam
423 3653 637 3714 absolveremus
650 3649 688 3730 l);
702 3672 792 3724 nunc,
800 3663 950 3730 postquam
958 3644 1171 3754 philosophiam
1182 3644 1242 3703 veri
1254 3643 1322 3701 item

89 3759 134 3822 ad
153 3758 241 3818 finem
258 3755 457 3836 perduximus,
474 3751 591 3832 plenius
611 3750 696 3808 etiam
715 3748 845 3806 mulieris
861 3745 939 3804 dicta
956 3744 1158 3824 percipiemus.
1185 3736 1326 3802 «Ενταῦ-

90 3862 144 3921 θα
164 3877 218 3917 του
203 3851 320 3935 βίον,
341 3854 400 3925 ait,
423 3874 447 3912 ω
434 3842 525 3930 pan
547 3842 715 3930 Σώκρατες,
739 3841 818 3927 aiirtp
841 3867 897 3905 που
921 3835 1046 3917 ἄλλοθι,
1069 3832 1184 3922 damaris
1202 3834 1328 3924 ἀνθρώ-

92 3981 161 4045 πῳ,
187 3951 335 4040 θεωμένῳ
367 3948 441 4014 aristi
472 3974 507 4012 το
530 3945 632 4012 καλόν·
653 3955 720 4025 late,
750 3950 799 4006 tn
810 3955 984 4025 ,inquum,
1004 3953 1100 4004 amice
1120 3946 1279 4018 Socrates,
1302 3951 1329 4001 ai

89 4069 222 4141 uspiam
242 4060 336 4133 alibi,
357 4057 517 4115 vivendum
537 4054 652 4111 bomini
669 4059 731 4122 eet,
760 4055 860 4124 ipsum
881 4052 1029 4124 spectanti
1045 4066 1089 4120 pu
1092 4046 1201 4102 l.crum
1246 4039 1329 4118 Quod

98 4161 246 4241 &pacando
273 4163 480 4235 conspexerit,
509 4174 566 4210 non
597 4151 638 4210 cd
665 4154 739 4206 auri
757 4148 805 4205 oet
822 4152 1069 4204 vestimentorum
1089 4143 1137 4198 cel
1152 4141 1332 4218 paterarum

138 4437 166 4503 1)
183 4439 261 4490 tuton
278 4454 303 4505 p.
323 4433 381 4486 109.
