2774 5048
620 234 676 295 rol

63 395 165 456 modium
187 395 279 476 quid:
311 394 343 456 id
367 407 463 454 autem
487 376 715 457 adunatorum
739 409 768 456 et
786 396 945 478 proesentis
965 397 1033 455 item
1075 396 1081 409 '
1147 410 1260 456 nostrae

63 495 127 577 plane
153 506 196 553 est
222 494 379 576 proprium.
422 492 523 553 Crebri
544 509 614 555 sunt
636 482 787 557 hominurn
809 515 952 555 semones
971 494 1008 554 de
1027 408 1259 575 compuleris,

63 592 143 669 lonb,
164 593 269 670 justis,
298 593 330 651 in
358 592 463 670 quibus
489 591 645 652 discedunt
669 593 735 669 fera
753 615 770 655 a
786 615 814 652 se
830 594 956 654 invicem
976 594 1008 652 in
1028 591 1173 665 diversas,
1195 590 1260 650 sub·

63 688 113 749 inde
141 693 173 751 in
207 690 365 765 contrarias
389 703 493 771 partes.
535 689 634 769 Quod-a
645 682 744 772 placet
767 691 832 769 aliis
856 704 884 750 et
912 691 1044 771 pulcrum
1071 690 1197 762 dicitur,
1229 689 1260 748 id

63 787 110 847 aliis
130 789 234 872 displic
289 772 323 847 iit
347 803 449 869 turpe:
480 788 558 868 quod
577 786 725 849 celebrant
750 790 888 849 nonnulli
914 804 946 849 ut
970 788 1078 848 bouum
1098 788 1209 847 civitati
1233 801 1260 844 et

62 904 175 967 perquam
204 802 295 963 utiie,
325 886 422 959 id,ab
449 885 515 947 otiis
542 901 574 946 ut
596 889 705 965 malum
727 889 908 968 vituperatur
932 901 960 946 et
983 887 1103 946 noxium
1126 885 1257 959 civitati:

62 1002 115 1061 qtae
133 1006 249 1055 canem
277 985 345 1043 aliis
369 983 515 1047 videntur..
529 985 679 1063 judicibus
701 966 795 1065 juitae
820 988 961 1065 uniceque
980 983 1196 1057 vindicandae,
1220 962 1259 1043 ab

62 1078 243 1161 aliisinjustae
260 1080 432 1168 judicantur
451 1095 478 1140 et
496 1084 597 1163 poenis
617 1084 731 1183 digrqae.
779 1085 918 1145 Judieant
937 1084 1024 1165 igitur
1041 1080 1078 1140 de
1098 1081 1144 1141 his
1163 1082 1260 1141 omni·
1322 1116 1325 1129 =

55 1150 103 1237 bu
115 1178 241 1240 homines
260 1180 448 1261 opinionibus
467 1183 616 1261 suspensi,
642 1205 702 1242 non
719 1184 868 1243 scientiam
886 1182 1028 1255 assecuti,
1052 1178 1205 1259 judicant,
1227 1192 1260 1237 ut

64 1276 263 1353 trisomniant
293 1278 487 1354 dormientes,
513 1278 570 1338 imo
600 1302 668 1342 vero
697 1283 812 1362 vigiles.
835 1282 997 1357 somniant,
1018 1270 1097 1361 ὕπαρ
1121 1269 1259 1358 deaquis-

63 1392 151 1435 ttuua
168 1398 221 1437 nec
250 1377 340 1456 magis
372 1377 489 1457 vigiliae
515 1400 601 1454 suae,
632 1400 717 1460 quam
753 1380 845 1439 somni
871 1380 909 1440 ad
937 1382 1106 1462 sapientiam
1134 1382 1260 1440 fructum

63 1477 166 1559 rapiunt.
207 1475 326 1535 Scilicet
348 1475 498 1535 simulacra
522 1491 686 1553 sectamur,
715 1499 776 1537 non
800 1498 860 1536 res:
892 1479 1011 1559 pulcra,
1042 1502 1101 1540 non
1125 1479 1260 1560 pulcrum

62 1573 150 1655 lpum
176 1574 270 1648 bona,
293 1575 391 1653 justa,
419 1588 536 1651 sancta,
562 1598 620 1636 non
640 1577 735 1658 ipsum
755 1576 881 1652 bonum,
907 1577 1001 1658 ipsum
1014 1578 1259 1658 justum,·ipsum

63 1688 185 1734 mum:
208 1694 268 1732 non
288 1685 432 1752 quaerunt
448 1673 598 1734 veritatem
619 1675 651 1733 in
672 1675 718 1733 bis
738 1674 889 1749 omnibus,
910 1673 960 1734 sed
978 1677 1102 1757 speciem
1113 1721 1122 1752 ,
1143 1695 1203 1735 non
1222 1667 1259 1735 eti
1324 1650 1345 1805 ἡ

62 1762 117 1837 “itti
133 1765 203 1834 καθ’
224 1764 298 1832 αὐτὸ
320 1763 415 1844 ὅπως
436 1763 485 1845 dv,
512 1772 590 1853 qnod
615 1774 708 1854 ipsum
727 1793 780 1854 per
800 1792 829 1831 se
847 1792 945 1854 reapse
965 1787 1007 1833 est
1025 1774 1159 1856 pulcrum
1169 1821 1178 1851 ,
1204 1776 1260 1836 bo-
1333 1788 1337 1793 '

61 1890 128 1950 acm,
150 1877 281 1954 justum,
310 1887 459 1948 sanctum,
488 1873 538 1932 sed
562 1871 641 1952 quod
664 1870 696 1930 id
714 1890 773 1930 esse
792 1869 917 1934 videtur.
958 1864 1039 1930 Illud
1060 1873 1083 1931 si
1098 1887 1259 1954 spectarent
1290 1892 1312 1939 ι

61 1986 84 2029 te
103 1986 212 2058 possent
238 1972 367 2051 assequi,
398 1972 440 2030 sie
467 1969 582 2031 demum
606 1970 872 2052 expergiscerentur
896 1990 912 2028 e
937 1990 1054 2045 somno,
1085 1991 1143 2049 quo
1158 1975 1259 2051 jacent

60 2071 159 2151 epatu,
185 2084 329 2130 cessarent
353 2070 486 2150 opinari,
506 2070 579 2129 scire
600 2069 781 2149 inciperent,
802 2081 831 2125 et
850 2067 984 2127 omnibus
1004 2082 1076 2127 essm
1094 2081 1258 2130 controver-

61 2165 96 2226 a'is
115 2170 193 2244 istis,
221 2168 258 2228 ad
281 2188 418 2227 summam
436 2167 556 2227 humani
575 2168 687 2248 generis
706 2166 892 2241 felicitatem,
914 2165 981 2225 finis
1000 2167 1160 2247 impositus.
1201 2165 1259 2227 Sed

60 2270 213 2328 mutantes
231 2267 285 2326 boc
304 2267 371 2326 item
392 2266 516 2325 habent:
536 2265 615 2345 quod
634 2264 728 2324 simile
747 2279 789 2324 est
808 2264 896 2323 alicui
914 2266 974 2339 rei,
995 2285 1056 2325 non
1075 2265 1187 2341 simile,
1208 2265 1258 2325 sed

59 2359 213 2443 ipsumesse
234 2379 353 2426 censent
372 2363 467 2448 illud,
487 2365 536 2424 cui
556 2378 598 2425 est
607 2362 717 2425 *simile
758 2362 794 2422 Id
813 2377 908 2422 autem
928 2362 1012 2423 nobis
1028 2364 1061 2423 in
1078 2364 1132 2424 bac
1153 2362 1259 2424 condi-

58 2442 116 2524 fflte
141 2479 237 2525 nostra
265 2464 464 2544 gravissimum
492 2477 534 2529 est
561 2462 678 2522 malum.
719 2461 878 2520 Simulacra
900 2461 970 2537 illa,
996 2483 1068 2542 quae
1094 2484 1174 2522 nune
1198 2463 1259 2523 sola

56 2563 211 2644 percipimus
231 2562 379 2638 sensibus,
400 2584 460 2622 non
481 2561 633 2622 simulacra
653 2581 730 2641 esse,
751 2559 801 2619 sed
821 2581 866 2619 res
884 2560 977 2641 ipsas,
999 2561 1168 2642 opinamur:
1190 2575 1260 2620 sunt

56 2672 130 2722 aron
147 2661 216 2738 illa,
245 2675 277 2720 ut
296 2662 479 2736 monuimus,
505 2658 622 2719 fallacia
641 2679 771 2739 magnam
788 2672 917 2739 pqrtem,
938 2672 1042 2717 cuncta
1057 2680 1145 2735 vero,
1166 2659 1259 2738 siqui-

56 2751 105 2818 dem
131 2782 197 2820 cum
224 2760 354 2821 veritatis
383 2759 447 2819 luce
476 2772 504 2818 et
533 2756 687 2838 splendore
713 2757 922 2832 conferuntur,
962 2777 1099 2837 perquam
1127 2756 1256 2819 obscura.

55 2848 112 2938 Rtgo
135 2858 212 2919 bona
240 2858 393 2939 persequi,
420 2878 494 2937 quae
513 2856 589 2921 bona
608 2855 748 2917 ridentur
776 2855 827 2915 sed
846 2865 918 2914 aunt
935 2854 1027 2931 mala,
1051 2857 1129 2934 justa
1147 2876 1183 2937 pr
1199 2877 1259 2939 pu-

55 2968 142 3034 gnare,
181 2976 254 3037 quae
276 2957 347 3036 justi
375 2956 485 3016 habent
509 2955 633 3036 speciem
661 2953 712 3013 sed
734 2964 807 3013 aunt
829 2954 953 3033 injusta,
983 2975 1051 3016 vera
1079 2877 1257 3030 assevelisre,

55 3066 111 3129 qtae
139 3056 286 3115 habentur
309 3075 376 3116 vera
407 3054 457 3114 sed
483 3063 556 3114 eunt
579 3053 669 3128 falsa,
690 3053 841 3112 simulacre
861 3054 980 3112 omnino
999 3053 1100 3112 sectari
1120 3051 1237 3149 fallacia
1248 3098 1257 3130 ,

55 3144 128 3235 fitque
147 3152 290 3215 sectandis
309 3174 370 3212 non
388 3152 479 3212 bonas
497 3152 600 3227 horas,
631 3151 682 3211 sed
699 3166 787 3213 totam
806 3152 894 3213 vitam
914 3151 1099 3233 impendere,
1128 3151 1198 3212 haec
1215 3168 1257 3215 est

55 3239 179 3328 hminis,
199 3251 344 3334 praesenti
363 3251 417 3310 boc
436 3265 530 3326 statu,
550 3251 652 3310 misera
672 3271 740 3310 sane
758 3249 897 3311 conditio.

84 3347 119 3410 Ut
145 3365 240 3410 autem
265 3371 301 3410 en
330 3349 384 3409 boc
412 3350 493 3429 quasi
518 3370 616 3409 somno
646 3350 882 3430 expergiscantur
900 3347 1051 3422 mortales,
1072 3347 1255 3408 adhibendae

58 3398 164 3522 ffl
192 3450 284 3508 menti
309 3448 484 3529 disciplinae
515 3461 591 3508 sunt.
632 3449 705 3507 Nani
734 3447 834 3509 valent
860 3448 929 3506 haee·
941 3446 1139 3530 potissimum,
1159 3461 1192 3508 ut
1219 3468 1257 3506 ne

58 3540 199 3631 videamur,
215 3546 299 3607 nobis
329 3546 447 3622 videre,
478 3567 550 3626 quae
576 3569 635 3604 non
653 3555 743 3604 eunt.-
764 3545 901 3626 perficere
920 3543 992 3605 adeo
1008 3545 1062 3605 hoc
1080 3543 1206 3621 debent,
1221 3538 1257 3605 'ut

57 3655 113 3729 ttae
129 3634 218 3721 edit,
239 3644 291 3704 sed
306 3644 397 3704 latent
416 3644 565 3704 hominum
584 3644 707 3724 vulgus,
726 3642 806 3723 quod
825 3642 1012 3723 opinionibus
1030 3642 1166 3719 ducitur,
1186 3644 1256 3704 haec

58 3735 187 3804 Videamus
216 3744 394 3823 interiusque
420 3745 547 3802 nitamur
566 3762 745 3822 cognoscere.
786 3741 904 3800 Scilicet
923 3741 961 3801 ad
979 3743 1126 3803 internum
1143 3750 1281 3831 sertgt'pp

57 3842 182 3918 auum,
204 3843 333 3903 externis
359 3842 421 3900 illis
450 3843 534 3922 longe
562 3842 719 3922 potiorem,
741 3839 844 3899 natura
870 3840 1035 3920 pertinent3
1057 3861 1114 3919 quo
1140 3820 1260 3923 qnldffi

57 3943 96 4007 ΙΨ
119 3960 162 4000 eas
180 3954 209 4000 et
227 3956 347 4022 purgato
365 3943 420 4002 rite
440 3957 467 4002 et
484 3930 580 4025 dperto
589 3988 598 4019 ,
620 3955 648 4002 et
667 3962 736 4003 vero
753 3939 790 3999 ad
807 3939 852 3999 res
870 3941 964 4021 ipsas,
985 3940 1023 4000 ad
1040 3942 1130 4022 ipsam
1148 3922 1257 4001 verita-

57 4022 278 4115 t&conseram
314 4055 376 4100 tum
404 4040 520 4100 demum
557 4040 716 4100 desinimus
755 4041 910 4112 somniare,
940 4030 1019 4121 ὕπαρ
1040 4037 1112 4120 ζῆν,
1135 4037 1256 4117 vigilare

58 4138 160 4214 vereque
180 4141 280 4199 rivere
297 4140 463 4220 incipimus.
485 4138 520 4198 Id
537 4139 618 4199 Plato
632 4137 820 4198 efficiendum
838 4138 1061 4222 disciplinarum
1070 4161 1123 4223 ope
1134 4141 1254 4199 censuit.

58 4216 103 4287 &d
124 4236 221 4315 'tales
243 4252 312 4297 sunt
339 4237 433 4298 illae?
460 4259 532 4318 quae
551 4252 649 4298 mutua
668 4259 766 4297 earum
784 4240 856 4298 ratio
875 4243 936 4300 est?
958 4255 1056 4316 estne,
1077 4261 1134 4320 quo
1154 4240 1256 4301 naturd

58 4330 274 4415 0⁰11junguntnr,
293 4337 450 4396 vinculum·
463 4339 637 4396 commune?
658 4339 736 4396 Haec
756 4353 787 4398 ut
806 4351 882 4397 recte
893 4338 1087 4420 exploremus,
1109 4340 1145 4400 de
1156 4340 1256 4401 indole

59 4415 227 4514 philosopha,
247 4455 331 4513 quarn
360 4450 442 4494 vocat
471 4435 570 4509 Plato,
591 4436 770 4516 praemittere
796 4437 933 4497 nonnihil
949 4439 1044 4515 juvat.
1085 4437 1157 4499 Inde
1178 4441 1256 4501 enim
