2796 5048
651 255 709 313 too

57 423 213 496 cogantur
232 421 420 472 constantiae
439 419 548 473 caused
565 415 733 488 dffcnderc.
776 411 852 487 Nor,
871 421 925 490 qai
945 420 1103 496 ceqaimar
1118 415 1301 489 probabilia,

59 536 115 572 nec
136 515 224 574 altra
241 533 332 589 qnam
349 513 384 569 id
392 557 401 586 ,
420 514 497 589 qaod
515 515 682 571 oerieintile
702 518 890 585 occurrerit,
908 514 1052 592 progredi
1065 533 1224 589 poseamus
1234 558 1241 586 ,
1272 523 1302 570 et

58 613 210 688 refellere
221 617 286 668 eine
299 616 476 685 pertinacia
487 620 517 667 et
534 612 638 686 refelli
657 619 721 668 eine
739 611 906 667 iracundia
915 617 1024 688 parati
1044 607 1198 690 camuel).
1221 612 1301 668 Prae·

57 709 110 769 bet
138 709 210 768 item
241 707 312 766 haec
342 708 414 767 ratio
444 707 617 767 uberrimam
637 729 703 766 cum
724 705 918 786 cognoscendi
936 720 998 765 tum
1018 705 1189 787 disputandi
1210 721 1303 765 mate-

56 808 134 891 riam
145 851 154 881 ,
184 806 292 885 quippe
313 826 374 864 non
395 805 766 884 coircitadogmaticorum
785 804 942 884 angustiiS,
971 802 1021 861 sed
1043 803 1135 863 libere
1152 806 1184 862 in
1204 824 1303 862 omnes

56 917 159 985 partes
177 904 343 981 inquirens:
373 923 431 981 quo
450 903 568 962 nomine
587 923 616 960 se
635 903 704 961 item
722 901 942 961 commendabat
962 901 1109 976 Ciceroni,
1130 922 1300 981 quamquam

56 1002 158 1083 ipsum
186 998 425 1059 reidifficultas
456 1021 514 1058 uon
543 999 661 1060 latebat.
703 999 783 1057 Nam
812 1007 840 1057 ci
859 1001 999 1079 cingulas
1017 1001 1214 1076 disciplinas,
1244 999 1302 1072 ait,

55 1106 216 1176 percipere
235 1119 380 1178 magnam
401 1109 463 1173 eet,
489 1108 601 1176 quanto
626 1106 728 1176 majac
746 1097 864 1156 omnes?
908 1095 992 1175 Quod
1001 1099 1112 1172 facore
1130 1103 1171 1154 iis
1187 1117 1302 1154 necesse

55 1207 115 1270 eet,
138 1197 248 1274 quibus
262 1204 453 1274 propositam
471 1206 516 1254 eet
536 1205 603 1254 ceri
619 1197 791 1274 reperiendi
810 1201 919 1253 canent
939 1206 969 1254 ct
987 1205 1094 1253 contra
1112 1215 1212 1252 onorico
1230 1195 1302 1270 plei-

56 1294 195 1372 lotopltoe
215 1304 245 1351 et
259 1314 316 1370 pro
335 1297 470 1353 omnibns
490 1291 599 1354 dicere.
616 1294 713 1369 Cujus
731 1301 779 1350 roi
799 1302 904 1351 tantae
919 1303 1040 1370 tonoque
1053 1291 1302 1370 difficilissacnl·

55 1401 158 1451 tatem
185 1401 376 1450 consecutum
396 1413 457 1449 cece
474 1413 520 1449 one
538 1415 596 1464 non
610 1393 757 1469 profiteor
766 1435 776 1465 ,
794 1401 929 1449 secutam
948 1411 1008 1448 ecee
1021 1411 1100 1468 prce
1117 1411 1163 1446 nco
1173 1391 1248 1462 fero
1261 1383 1302 1465 2).

56 1481 176 1553 ,Verum
194 1486 293 1547 eadem
313 1488 418 1547 haecce
436 1489 499 1563 via,
516 1491 647 1567 quamvis
659 1490 804 1563 omnium,
821 1501 854 1546 ut
872 1485 999 1562 videtur,
1017 1488 1050 1546 in
1067 1485 1302 1567 philosophando

54 1587 224 1660 tutissima,
240 1585 382 1667 proclivis
402 1599 499 1656 tamen
518 1586 556 1646 ad
572 1586 770 1646 dubitandum
796 1601 847 1645 est.
878 1584 964 1658 Quod
984 1604 1021 1642 ex
1038 1582 1182 1642 Arcesilae
1203 1603 1302 1641 recen-

55 1687 224 1763 tiorumque
241 1683 479 1743 Academicorum
493 1684 635 1763 'exemplo
653 1684 845 1764 intelligitur,
865 1683 926 1761 qui,
945 1682 1016 1740 hinc
1034 1681 1171 1762 profecti,
1197 1681 1230 1738 in
1247 1700 1301 1737 ex-

55 1797 179 1844 tremam
208 1781 282 1862 lapsi
303 1781 461 1840 dubitandi
483 1781 634 1840 audaciam
654 1803 687 1840 ac
707 1783 896 1840 temeritatem
920 1782 1049 1839 fuerunt.
1094 1777 1300 1836 Ocolaticanc

57 1880 283 1941 Academiam!
314 1879 456 1939 exclamat
474 1881 574 1939 Cicero
584 1925 593 1954 ,
614 1879 652 1938 ad
669 1880 798 1937 Atticum
816 1878 964 1952 scribens,
984 1878 1066 1934 modo
1085 1878 1142 1933 bac
1162 1877 1301 1934 medoil-

53 1982 108 2039 lac
119 1976 162 2059 3).
204 1978 241 2036 Et
261 1978 294 2037 in
314 1977 400 2036 libris
419 1976 455 2036 de
476 1978 618 2052 Finibus,
639 2000 707 2036 canc
726 1978 936 2049 Academicis,
957 1977 1012 2049 ait,
1031 1983 1151 2032 incerta
1171 1977 1299 2031 lactatio
1340 2045 1344 2051 δ

53 2089 123 2152 oet,
153 2083 207 2155 qai
237 2078 320 2134 nibil
336 2076 496 2156 affirmant
513 2087 558 2149 et,
580 2083 669 2154 quari
684 2077 842 2151 desperatd
859 2080 1028 2154 cognitione
1044 2079 1136 2146 certi,
1164 2073 1197 2129 id
1216 2079 1300 2150 sequi

54 2178 182 2251 colunt,
201 2175 394 2253 qaodcunque
416 2176 583 2233 verisimile
604 2177 746 2232 rideatur
763 2171 804 2252 lt).
846 2173 883 2231 Et
902 2171 972 2230 licet
991 2171 1056 2249 quis
1076 2182 1158 2227 caute
1175 2169 1229 2227 hac
1250 2191 1300 2228 ra-

54 2275 140 2335 tione
170 2271 412 2354 philosophetur,
441 2284 474 2330 ut
504 2273 605 2332 Cicero
634 2272 880 2350 scepticorumque
908 2269 1008 2349 optimi
1037 2267 1299 2347 sapientissimique

53 2373 191 2432 fecerunt
200 2417 210 2446 ,
226 2392 285 2430 non
304 2383 402 2428 tamen
418 2368 529 2429 babent
547 2368 712 2449 probabilia
728 2369 782 2426 illa
799 2382 827 2426 et
843 2367 992 2427 simillima
1003 2367 1081 2441 veri,
1102 2386 1158 2443 quo
1170 2365 1298 2444 germani

54 2469 229 2553 philosophi
251 2468 381 2527 animum
401 2465 548 2546 expleant.
580 2466 656 2544 Ergo
677 2487 731 2524 nec
750 2466 859 2525 Socrati
879 2466 1042 2524 satisfacere
1062 2463 1132 2524 haec
1154 2465 1228 2522 ratio
1242 2482 1298 2542 ⁴nec

60 2588 135 2628 vero
163 2566 277 2626 Platoni
295 2565 403 2645 potuit:
436 2578 556 2643 uterque
576 2577 670 2638 certa,
701 2564 783 2622 Plato
801 2583 870 2623 vero
891 2583 964 2640 quae
983 2563 1127 2642 perfecta,
1149 2581 1221 2638 quae
1242 2560 1300 2616 im-

27 2715 33 2725 .
54 2662 234 2738 mutabilia,
252 2684 326 2742 quac
346 2676 462 2721 aeterna
483 2675 578 2720 essent
588 2706 597 2735 ,
614 2660 779 2742 quaerebat
821 2659 1014 2733 Quamobrem
1034 2679 1106 2736 quae
1126 2657 1162 2715 de
1184 2656 1300 2714 Socrate

10 2750 12 2755 Ι
54 2765 196 2824 feruntur
225 2774 253 2819 et
278 2761 339 2841 ipse
369 2759 406 2817 de
435 2780 464 2818 se
490 2761 635 2838 professus
674 2759 774 2818 Cicero
794 2771 854 2832 est,
884 2778 944 2815 non
972 2756 1048 2814 hanc
1069 2754 1148 2834 apud
1167 2775 1218 2812 nos
1240 2753 1299 2812 vim

55 2859 172 2920 debent
200 2857 326 2931 babere,
356 2870 388 2915 ut
417 2858 494 2916 inter
524 2858 678 2936 scepticam
697 2854 886 2934 dogmaticam
905 2852 1046 2912 rationem
1067 2851 1190 2911 mediam
1212 2851 1301 2908 fuisse

53 2956 238 3019 Platonicam
257 2968 400 3036 putemus.
432 2956 493 3014 Imo
513 2976 597 3031 vero,
621 2969 652 3013 ut
671 2954 813 3028 Socrates,
831 2954 870 3011 ita
892 2953 973 3010 Plato
994 2972 1073 3035 suam
1085 2950 1141 3008 sibi
1154 2948 1300 3030 patefecit,

53 3078 115 3136 qua
128 3056 161 3115 in
171 3053 590 3136 philosophiaprogrederetur
597 3099 606 3127 ,
626 3053 718 3127 viam,
736 3072 854 3130 eamque
867 3051 967 3112 Cicero
979 3050 1064 3108 unice
1076 3048 1233 3107 demiratus
1248 3058 1298 3105 est.

179 3250 369 3327 Propria
395 3248 603 3308 Platonis
631 3250 676 3307 de
708 3254 906 3325 opinione
935 3257 973 3304 et
999 3252 1191 3305 orientia

239 3344 244 3349 ⁵
433 3348 768 3424 philosophandi
796 3353 920 3404 ratio.

100 3543 133 3603 si
151 3544 299 3624 propriam
318 3543 394 3602 hanc
416 3544 528 3620 assequi
550 3543 679 3600 Platonis
699 3542 841 3599 rationem
863 3539 1007 3612 velimus,
1034 3559 1093 3595 nou
1114 3536 1205 3594 solum
1225 3556 1284 3593 nou
1294 3580 1303 3609 ,

57 3656 95 3701 ut
128 3642 263 3700 fecerunt
289 3662 376 3720 quam
405 3641 545 3721 plurimi,
580 3640 776 3698 eStoicorum
794 3636 978 3719 philosophia
998 3632 1182 3714 interpretari
1202 3632 1283 3691 illam
1295 3679 1304 3708 ,

51 3736 172 3800 nedum
191 3759 206 3798 e
226 3740 397 3798 recentioris
415 3738 585 3798 Academiae
605 3737 722 3818 placitis
741 3721 966 3808 debemus3'sed
986 3733 1197 3795 accuratissime
1218 3730 1304 3789 nobis

50 3836 142 3899 Plato
160 3837 197 3897 ab
215 3836 262 3896 his
279 3836 460 3918 philosophis
482 3834 709 3915 distinguendus
729 3848 779 3893 est.
812 3834 960 3893 Vixerunt
977 3831 1088 3890 scilicet
1108 3830 1155 3889 illi
1175 3851 1235 3888 non
1250 3829 1303 3885 au'-

15 3918 20 3927 ’
48 3935 126 4012 reb,
155 3935 206 3996 sed
225 3936 279 3996 ista
308 3935 449 3996 videlicet
466 3935 671 4016 philosophiae
691 3933 817 3993 Graecae
839 3920 949 4006 aetate,
978 3952 1033 4010 qua
1054 3931 1154 3991 nativa
1173 3926 1304 4009 philoso-

48 4087 134 4098 ..ι-

90 4147 125 4209 1)
145 4147 199 4200 cic.
225 4148 297 4200 Taso.
319 4149 348 4212 Q.
363 4146 395 4198 11.
412 4145 440 4198 2.

88 4232 118 4298 2)
139 4233 177 4284 ld.
197 4235 227 4285 de
244 4234 301 4285 Nat·
317 4234 393 4283 Deor.
414 4231 433 4283 l.
451 4232 476 4282 5.

89 4316 118 4384 3)
138 4319 176 4370 ld.
197 4321 232 4371 cd
248 4319 326 4370 Aac.
344 4318 410 4370 xlll.
429 4317 472 4370 25.
551 4360 555 4366 .

89 4403 118 4468 4)
139 4405 176 4457 ld.
198 4409 229 4458 de
247 4406 303 4457 llio.
326 4404 360 4455 11.
379 4403 421 4456 ll.
