2796 5048
678 243 738 302 340

87 430 180 474 asucm
202 412 239 472 ad
261 354 335 471 viiie
357 407 532 467 honestatem
552 405 746 485 virtutemque
765 403 818 463 hoc
838 405 899 484 ipso
918 401 1016 463 studio
1027 420 1254 485 pervenerant,
1270 405 1327 465 illos

87 513 146 571 fere
164 513 311 594 appellare
330 498 436 579 καλοιλς
455 495 609 582 κᾶγαθοιλς
629 501 748 562 solebat.
791 501 973 561 Enarranrnt
992 501 1026 562 id
1044 486 1149 565 'nobis
1177 503 1326 577 Socratici,

86 609 250 692 Xenophon
272 612 304 669 in
325 607 585 678 Mmorodilibue,
606 604 638 660 in
659 600 807 681 plerisque
828 598 953 680 dialogis
972 600 1056 661 Plato
1066 620 1090 677 ,⁸
1103 600 1327 685 diligentissime

85 724 179 768 autem
198 708 463 784 studiosissimeque
481 702 666 783 Xenophon,
697 698 748 776 qui
780 699 841 777 ipse
869 696 954 757 nobis
983 699 1017 759 in
1045 701 1175 781 scriptis
1202 701 1327 762 omnibus

86 807 213 886 germani
232 806 390 880 Socratici,
411 805 469 864 imo
489 793 598 881 ἀνδρός
618 794 709 856 καλοῦ
729 815 761 855 τε
783 790 833 856 καὶ
854 789 974 875 α’γαθοῦ
1002 817 1149 879 expressa
1170 800 1267 879 imago
1282 813 1326 859 est

84 905 183 984 Itaque
202 903 368 984 philosophi
389 903 511 962 illitam
540 903 573 961 in
590 897 758 958 homiuibus
784 896 958 974 laudandis,
977 917 1051 977 quos
1081 895 1326 969 admirabantur,

85 1022 169 1080 quarn
190 1002 221 1059 in
242 998 481 1060 commendandis
506 998 610 1060 studiis
639 994 781 1073 rebusque
820 995 951 1077 optimis,
982 1007 1145 1073 utrumque
1179 993 1277 1069 illud,
1302 1008 1326 1052 et

82 1102 226 1177 pulcrum
245 1112 273 1158 et
292 1117 360 1160 vero
381 1100 487 1158 honum
507 1094 704 1157 celebrabant.
747 1092 859 1174 Agatho
879 1092 958 1173 apud
978 1091 1136 1151 Platonem
1146 1136 1157 1166 ‚
1182 1093 1235 1154 ubi
1255 1113 1326 1153 amo

84 1218 142 1255 rem
153 1242 171 1272 „
183 1197 279 1275 qualis
298 1198 352 1271 sit,
375 1197 572 1276 exquisituros
589 1191 843 1270 descripturusque
873 1203 934 1265 est,
958 1191 1196 1266 pulcerrimum
1223 1212 1289 1251 enm
1302 1205 1326 1249 et

83 1304 227 1375 optimum
242 1316 301 1354 esse
311 1341 319 1370 ,
341 1296 480 1355 continuo
500 1294 584 1354 dicit.
627 1286 714 1368 Φημὶ
735 1280 789 1347 οὖν
811 1281 886 1368 ἐγώ,
903 1280 1021 1347 πάντων
1036 1288 1126 1349 θεῶν
1143 1282 1325 1369 &donadeus

82 1386 190 1466 ὄντων,
210 1385 327 1472 Ἔρωτα
353 1391 391 1475 (εἰ
420 1387 512 1470 θέμις
537 1389 585 1451 καὶ
618 1383 798 1470 ἀνεμέσητον
826 1388 927 1473 εἰπεῖν)
954 1383 1236 1468 εὐδαιμονέστατον
1261 1384 1323 1453 εἶναι

83 1488 196 1569 αὐτῶν,
217 1489 412 1556 κάλλιστον
433 1487 504 1556 ὄντα
524 1484 879 1571 carolomanum,
902 1492 996 1572 specie
1025 1490 1155 1553 laudata
1185 1494 1261 1570 Dei,
1293 1490 1323 1553 ad

84 1599 147 1674 ejus
168 1597 304 1656 virtutem
324 1596 474 1678 procedit:
497 1593 565 1678 περὶ
592 1591 650 1672 μὲν
680 1585 735 1654 οὖν
761 1584 929 1662 κάλλους
957 1586 1013 1649 τοῦ
1042 1589 1126 1651 θεοῦ
1156 1589 1210 1651 καὶ
1238 1590 1323 1653 ταῦτα

81 1686 179 1767 λνανιλ,
209 1692 257 1754 καλ
287 1688 329 1756 ἔτι
359 1691 453 1756 nollo*
482 1693 617 1757 Asinaeus·
647 1693 716 1777 περὶ
746 1689 781 1753 δὲ
810 1682 1218 1777 αἱρετῆςἜρωτοξμετοὶ
1238 1694 1322 1757 ταῦτα

83 1789 205 1856 λικτὲον.
247 1797 404 1858 Celebrans
422 1814 518 1859 autem
535 1802 669 1859 Amorem
687 1811 718 1858 ut
739 1817 798 1856 nou
816 1782 1046 1875 pulcerrimum
1060 1806 1188 1855 tantum
1196 1797 1321 1870 Deorum,

83 1896 134 1957 secl
154 1905 298 1976 optimum
318 1896 422 1973 etiarn,
445 1899 567 1959 virtutes
587 1898 614 1956 ei
634 1896 783 1976 principes
802 1890 926 1953 tribuit:
957 1912 1029 1969 quae
1059 1893 1226 1955 concludit
1252 1895 1321 1955 hunc

82 1997 115 2056 in
134 1995 268 2055 modum:
290 1986 386 2067 οὕτως
407 1991 476 2072 ἐμοὶ
497 1995 577 2056 δοκεῖ
590 1988 707 2076 Ἔρως,
730 1992 853 2072 πρῶτος
872 1980 965 2062 odedu
985 1981 1028 2049 ὢν
1048 1982 1321 2066 κάλλιστοςκιιὶ

81 2086 247 2175 ἄριστος
254 2141 265 2168 ,
286 2090 363 2173 perd
384 2095 472 2158 τοῦτο
494 2100 557 2171 τοῖς
579 2089 675 2168 ἄλλοις
697 2087 794 2153 ἄλλων
817 2085 960 2152 τοιούτων
982 2086 1077 2166 αἴτιος
1097 2085 1190 2155 εἶναι.
1214 2094 1244 2177 1)
1263 2098 1320 2156 roe

83 2196 138 2255 tice
155 2195 226 2255 hacc
246 2193 365 2275 quidem
382 2200 512 2279 Agatho,
534 2213 566 2258 ut
586 2212 648 2257 tum
666 2195 944 2269 animadvertimus,
974 2214 1065 2273 quum
1085 2196 1121 2254 in
1138 2193 1319 2277 philosophia

81 2292 179 2372 pulcri
197 2294 403 2369 versabamur,
426 2297 573 2376 ipsiusque
585 2298 693 2374 pulcri
712 2307 844 2353 naturam
864 2291 1106 2373 explorabamus3
1132 2292 1171 2375 2)
1189 2306 1318 2356 verunta-

81 2409 148 2449 men
168 2391 207 2449 ita
228 2390 329 2451 laudat
349 2393 532 2473 celebratque
551 2395 584 2454 in
599 2394 646 2454 his
664 2397 817 2465 Amorem,
840 2404 889 2465 ut,
907 2389 981 2471 quid
1000 2393 1074 2451 bon
1085 2414 1107 2449 α
1118 2415 1155 2451 m
1175 2391 1318 2464 Socratici,

81 2500 109 2545 et
127 2502 236 2567 quanto
256 2487 288 2547 id
300 2492 409 2567 pulcro
429 2494 622 2572 praestantius
642 2489 818 2563 habuerint,
839 2472 1023 2569 intelligatur·
1033 2513 1043 2566 5
1067 2489 1168 2570 ipsam
1182 2513 1218 2552 eo
1230 2498 1317 2549 eina·

80 2594 139 2644 tem
160 2603 373 2672 expresserunt.
415 2589 472 2649 Sed
492 2591 580 2651 viset
599 2604 701 2649 natura
720 2585 775 2646 τοῦ
795 2579 918 2666 αἶγαθοῦ
936 2601 1035 2667 postca
1056 2589 1205 2675 apparuit
1232 2576 1317 2649 maxi-

3 2742 7 2747 .
79 2702 124 2742 me
134 2729 143 2759 ,
164 2698 314 2764 postquam
333 2686 365 2746 id
386 2689 510 2769 Cynici,
531 2688 706 2768 tandemque
727 2687 815 2747 Stoici
834 2710 850 2747 a
868 2687 972 2770 pulcro
992 2699 1021 2745 et
1037 2684 1171 2763 decoro,
1194 2685 1317 2769 exemplo

80 2782 135 2862 ipsi
155 2803 225 2859 suo,
247 2785 370 2847 vivendi
402 2786 686 2868 philosophandique
715 2787 847 2862 ratione,
879 2785 1098 2864 disjunxerunt.
1142 2786 1221 2846 Nam
1248 2782 1317 2866 apud

79 2899 227 2959 germanos
243 2880 403 2944 Socraticos
421 2887 462 2944 sic
481 2885 535 2943 illa
556 2887 712 2963 conjuncta
733 2884 868 2960 fuerant,
898 2898 930 2943 ut
950 2903 1003 2941 nec
1023 2882 1168 2963 pulcrum
1198 2884 1315 2944 aestima·

79 2989 163 3050 rent,
185 2978 242 3038 nisi
263 2981 342 3059 quod
360 2982 486 3058 bonum,
508 2982 701 3058 umbonum,
722 2983 780 3042 nisi
797 2982 876 3062 quod
893 2981 972 3042 idem
981 2980 1118 3062 pulcrum
1127 2997 1218 3047 esset.
1238 2980 1315 3043 Unde

81 3074 217 3133 virtutem
237 3098 339 3138 vocare
357 3080 493 3142 amabant
514 3075 744 3161 καλοκάγαθίαν.
786 3080 844 3141 Sed
863 3081 1028 3161 Aristippus
1053 3093 1084 3140 ct
1108 3081 1268 3162 Cyrenaici
1285 3072 1314 3139 ri

79 3164 182 3243 solda,
218 3175 402 3238 Antisthenes
432 3194 460 3238 et
489 3183 613 3262 Cynici,
643 3203 658 3240 e
688 3200 811 3262 quorum
841 3192 916 3238 secta
943 3178 1033 3238 Stoici
1062 3181 1249 3242 exstiterunt
1256 3176 1313 3258 ,rd

80 3265 202 3353 ἀγαθον
223 3273 328 3348 unice,
349 3289 426 3334 certe
443 3277 729 3360 marimesprosecuti
750 3290 837 3336 sunt:
860 3275 938 3353 quod
955 3277 1070 3355 utrique
1089 3292 1119 3339 et
1136 3279 1310 3371 habituque

81 3375 219 3454 ribusque
237 3386 266 3431 et
284 3392 352 3432 vero
370 3372 486 3453 placitis
504 3377 718 3458 prodiderunt:
740 3375 844 3456 Cynici
865 3395 934 3434 vero
953 3395 986 3433 ac
1005 3375 1097 3435 Stoici
1122 3376 1185 3440 hoc
1213 3382 1311 3465 ipsoet

79 3473 273 3554 prodiderunt
291 3484 319 3529 et
348 3471 527 3550 probarunt,
548 3497 621 3555 quae
640 3489 712 3536 esset
730 3474 785 3534 τοῦ
806 3466 928 3553 ἀγαθοῦ
947 3492 1013 3532 cum
1031 3474 1222 3557 uirtutibus,
1251 3501 1310 3562 quas

80 3571 191 3651 Agatho
219 3569 397 3644 celebravit,
418 3574 570 3649 maximis,
601 3595 668 3633 cum
694 3576 856 3658 sapientia,
885 3571 1077 3647 fortitudine,
1108 3581 1310 3660 temperantia,

76 3669 209 3747 justitia,
230 3669 348 3726 omnino
366 3689 431 3726 cum
449 3672 550 3731 morali
570 3674 589 3732 i.
612 3695 637 3733 e.
659 3695 768 3733 summa
787 3673 914 3733 hominis
941 3672 1120 3753 perfectione
1148 3660 1310 3757 conjunctio

81 3779 110 3825 et
129 3765 209 3845 quasi
228 3766 370 3844 coguatio.
412 3768 530 3828 Factum
550 3771 589 3830 ita
612 3786 672 3848 est,
695 3788 727 3832 ut
744 3775 813 3831 don
825 3794 885 3830 um
906 3770 961 3829 illa
982 3784 1077 3846 secta,
1100 3794 1156 3833 nec
1180 3797 1251 3839 vero
1266 3776 1309 3836 illa

80 3877 213 3938 tantum,
234 3863 284 3923 sed
303 3864 469 3924 Academici
490 3869 599 3947 pariter
617 3883 645 3928 et
663 3870 867 3953 Peripatetici,
899 3870 957 3929 imo
981 3889 1049 3929 vero
1075 3865 1241 3953 Epicurei,
1267 3872 1308 3953 qui

81 3984 95 4021 e
117 3963 285 4042 Cyrenaicis
305 3960 473 4040 fluxerunt,
495 3987 593 4026 omues
608 3969 697 4047 igitur
716 3983 809 4029 sectae
829 3961 873 4029 td
896 3960 1071 4046 ἀγαθον,
1092 3972 1224 4049 meum,
1243 3968 1309 4053 quod

80 4082 274 4119 summum
311 4062 452 4120 donum
481 4062 689 4144 appellabant,
729 4067 930 4150 philosophiae
958 4060 1163 4150 argumentum
1193 4072 1308 4133 omniun

76 4230 333 4243 ——--—--—-

117 4338 139 4401 ι)
158 4341 240 4406 αμα.
260 4335 317 4387 ros.
336 4338 365 4386 s.
383 4363 417 4372 -
436 4337 492 4388 ror.
512 4339 539 4390 c.

112 4420 138 4485 2)
157 4424 232 4474 initio
245 4438 270 4488 p.
289 4419 330 4471 93.
