2796 5048
672 218 731 279 279

81 393 115 441 et
144 380 229 459 quasi
256 378 451 441 construendo
479 393 625 455 versatur,
655 383 696 441 ita
726 383 876 461 sagacitate
902 380 1018 455 mnus,
1046 398 1133 460 quum
1158 380 1311 461 diligentia

83 479 231 561 procedit.
256 479 310 541 Est
323 491 419 539 autem
438 477 591 559 diligentia
610 501 671 541 non
688 481 818 540 omnium
835 477 951 558 quidem
971 477 1225 558 philosophorum,
1243 481 1311 555 sed,

83 590 120 639 ut
136 578 207 657 quis
224 578 326 637 merito
342 575 402 635 dici
418 575 472 639 hoc
492 577 610 636 nomine
627 579 734 657 possit,
753 577 912 637 necessario
929 577 1095 655 requiritur.

126 678 168 743 In
187 676 243 737 hac
261 688 356 735 autem
373 674 591 750 methodorum,
612 698 697 736 aurea
722 678 776 737 illa
802 675 1000 758 philosophiae
1018 688 1130 751 aetate,
1158 678 1314 739 successio·

83 796 144 851 ne,
167 788 200 835 ut
218 763 399 854 singularum
417 786 496 853 patet
525 775 571 834 vis
599 775 714 855 propria
743 788 772 835 et
798 776 886 849 ratic,
907 774 948 833 ita
973 792 1087 833 cernere
1113 774 1185 835 mihi
1213 775 1315 838 videor

82 874 183 955 ipsius
208 872 321 952 ingenii
347 869 468 931 humani
495 872 529 931 in
557 871 654 932 audio
682 874 812 934 veritatis
839 871 1072 953 progressionem.
1122 874 1194 933 Nam
1213 890 1314 955 sponte

84 972 218 1053 primurn
235 970 321 1030 homo
337 968 480 1047 facileque
499 990 545 1029 res
560 972 721 1050 cognoscit:
752 971 882 1031 succedit
908 969 1034 1030 naturali
1052 969 1189 1031 facilitati
1207 974 1311 1035 mentis

88 1090 232 1145 numen,
259 1088 317 1147 quo
342 1067 504 1127 accuratius
528 1067 670 1137 discernit
685 1071 838 1150 jungitque
855 1090 891 1133 ac¹
908 1088 983 1129 nova
1002 1069 1134 1130 invenit:
1166 1083 1227 1131 tum
1247 1092 1314 1134 vero

83 1167 169 1249 qued
186 1167 343 1248 cognorit,
370 1166 450 1245 quod
468 1179 550 1226 acute
569 1168 703 1243 invenit,
734 1167 766 1228 id
785 1168 840 1227 sibi
860 1167 947 1248 plene
965 1165 1155 1247 persuadere,
1186 1168 1219 1228 id
1246 1191 1314 1249 pro-

80 1268 157 1333 luere
176 1265 334 1345 diligenter
351 1285 383 1327 ac
403 1264 598 1325 demonstrare
618 1281 749 1327 conatur.
799 1265 990 1340 Quamobrem
1007 1285 1067 1325 non
1088 1265 1228 1327 audiendi
1247 1282 1315 1327 sunt

77 1366 155 1445 illi,
176 1364 227 1443 qui
246 1364 349 1429 harum
375 1362 574 1423 methodorum
603 1363 690 1423 aliam
718 1367 752 1427 in
780 1364 892 1429 coelum
911 1362 1058 1427 ¹laudibus
1081 1364 1199 1440 lerunt,
1229 1365 1315 1427 aliam

47 1506 52 1525 .
76 1484 159 1529 vero
178 1463 241 1525 sive
257 1473 399 1543 spernunt
416 1461 478 1522 sive
496 1461 648 1542 negligunt
660 1484 683 1521 ε·
698 1464 794 1544 prouti
812 1464 949 1535 luerunt,
976 1461 1028 1539 qui
1047 1462 1209 1525 Aristotelis
1223 1464 1317 1545 syllo-
1373 1491 1377 1509 =

76 1562 222 1643 ¹ginniacum
241 1559 300 1619 alto
318 1557 474 1640 supercilio
493 1557 684 1639 despicerent.
727 1561 810 1621 Nihil
829 1579 963 1642 spernere
982 1558 1070 1635 licet,
1093 1560 1171 1639 quod
1197 1575 1315 1623 naturae

80 1674 130 1725 nst
146 1672 391 1732 consentaneum,
411 1669 440 1715 et
458 1657 582 1737 singulis
602 1659 744 1719 aetatibus
761 1658 893 1739 singulae
908 1657 962 1717 hae
978 1657 1315 1721 methodi'conveniunt.

80 1758 207 1823 -I’reere'e
224 1755 391 1817 adhibenda
418 1745 558 1835 ἐπαγωγή
584 1769 644 1831 est,
666 1770 698 1815 ut
716 1757 845 1823 Socrates
861 1755 1100 1835 feeit,neeh0di
1120 1770 1236 1817 auctor:
1257 1773 1316 1819 est·

82 1879 144 1939 que
161 1856 233 1915 haec
250 1855 367 1936 proprie
386 1856 510 1919 tuende·
527 1857 768 1933 instituendique
786 1863 867 1915 rotie
889 1856 986 1932 justa:
1018 1838 1071 1913 noe
1100 1855 1196 1915 nostrl
1215 1856 1316 1938 lingat

76 1958 183 2039 -ipsam
200 1954 414 2018 institutionem
432 1976 532 2017 uocare
557 1955 797 2034 oplee‘de‘eg,
818 1966 850 2012 ut
868 1952 971 2013 Graeci
991 1942 1162 2032 ὶπαγωγήν,
1183 1954 1315 2019 solemus.

79 2052 230 2133 Analysie
245 2053 404 2126 vero,sive
420 2067 502 2115 acute
515 2054 653 2115 cernendi
670 2051 872 2133 jungendique
881 2051 1011 2115 studium
1029 2067 1058 2115 et
1076 2076 1138 2131 ars,
1148 2057 1317 2154 atraequ-

81 2164 158 2215 τινι
174 2164 235 2225 est,
252 2151 443 2215 cuimaximc
457 2155 544 2213 aetati
560 2172 681 2211 acumen
700 2165 786 2231 atque
801 2150 974 2213 inveniendi
986 2153 1122 2233 sagacitas
1131 2155 1248 2235 propria
1264 2168 1315 2215 eet.

81 2256 182 2332 Aegre
201 2249 248 2309 illi
267 2249 305 2310 ad
324 2251 469 2333 probandi
494 2249 767 2328 demonstrandique
787 2250 967 2311 severitatem
986 2251 1192 2327 adducuntur,
1213 2266 1242 2314 et
1260 2275 1317 2313 no-

85 2363 161 2412 cent
187 2349 312 2431 ingeniis
335 2349 481 2430 magistri,
508 2350 560 2428 qui
585 2349 725 2407 maturius
742 2368 827 2425 quam
853 2361 957 2409 natura
979 2350 1054 2425 fert,
1082 2350 1264 2411 dialecticam
1283 2352 1318 2411 iis

83 2446 304 2509 Aristotelicum
313 2447 519 2509 addiscendam
528 2432 713 2529 proponunt3
735 2444 786 2505 sed
801 2448 1318 2527 exquirere,divinere,eenjieere,

80 2552 249 2620 invenire,
273 2544 307 2605 id
325 2544 536 2607 adolescentiae
556 2544 688 2607 naturale
707 2542 836 2603 studium
864 2557 922 2619 est,
951 2544 1086 2625 idemque
1112 2548 1136 2606 si
1163 2548 1231 2628 apta
1256 2569 1318 2608 me-

82 2641 201 2718 thodo,
223 2656 255 2703 ut
270 2663 318 2703 ars
335 2642 389 2703 illa
408 2644 537 2705 Platonis
555 2657 616 2717 est,
642 2643 771 2721 regitur,
797 2663 831 2701 eo
855 2642 943 2701 simul
963 2643 1059 2719 valet,
1084 2658 1117 2706 ut
1143 2658 1239 2725 postea
1268 2666 1318 2704 or-

82 2743 162 2805 dine
190 2741 331 2801 disserere
358 2761 390 2801 ac
418 2741 541 2822 probare
569 2751 700 2801 accurate
718 2752 747 2797 et
770 2739 965 2801 demonstrare
991 2739 1076 2803 homo
1092 2744 1192 2825 possit.
1232 2743 1318 2817 Quud

80 2842 170 2905 -vidr'e
189 2841 290 2915 Plato,
316 2861 405 2919 quum
425 2839 569 2901 solertiam
585 2838 668 2899 illam
686 2851 714 2898 et
731 2837 912 2919 sagacitatem
929 2827 1073 2919 simulque
1099 2840 1247 2905 levitarum
1264 2843 1318 2901 hu·

80 2944 135 3023 jus
153 2940 258 3001 aetatis
278 2939 454 3020 respiciens,
474 2937 669 2997 adolescentes
689 2933 802 3017 χαίρειν
822 2937 948 3013 diceret,
969 2929 1067 3021 ὥσπερ
1093 2933 1249 3016 meldum,
1274 2939 1320 3025 τῷ

83 3036 182 3101 tuear
206 3058 239 3099 τε
261 3035 311 3099 καὶ
333 3030 508 3119 σπαράττειν
532 3036 577 3122 τῷ
600 3028 681 3122 λόγῳ
705 3029 777 3112 τούς
801 3034 924 3118 πλησίον
953 3032 1012 3099 ἀεὶ·
1042 3044 1205 3118 delectere,
1235 3054 1320 3103 ectu·

88 3144 193 3203 terum
209 3141 526 3215 me,dietruhsndie
543 3140 725 3216 disputando
744 3142 972 3219 leeerondirque
987 3149 1138 3219 proxim
1157 3145 1320 3221 pullataque

85 3260 217 3318 semper.
240 3236 271 3319 l)
309 3239 386 3303 Haec
405 3237 492 3317 plane
506 3239 651 3315 juvenum
668 3239 845 3300 consuetudo
863 3253 906 3299 est
915 3285 924 3314 ,
944 3241 995 3319 qui
1017 3241 1183 3321 priusquam
1199 3262 1251 3322 per
1267 3241 1322 3300 So-

84 3340 229 3401 craticam
247 3337 433 3418 disciplinam
453 3337 584 3416 purgati,
608 3359 717 3418 perque
740 3339 918 3399 Platonicam
938 3339 1066 3398 instituti
1086 3352 1160 3397 recte
1178 3353 1262 3413 eunt,
1284 3338 1321 3398 de

86 3438 180 3499 rebam
195 3436 333 3499 omnibus
352 3436 490 3496 continuo
519 3434 685 3516 disputare,
715 3458 850 3516 suamque
880 3438 966 3497 unice
993 3456 1174 3518 propugnare
1203 3450 1322 3496 senten-

86 3537 163 3597 tim
179 3535 396 3616 aggrediuntur.
415 3555 423 3569 ·
444 3533 635 3607 Quamobrem
663 3534 742 3594 idem
768 3536 820 3595 ille
847 3537 1059 3616 intelligendi,
1081 3549 1113 3594 ut
1139 3556 1156 3592 a
1184 3535 1322 3596 Cicerone

90 3646 215 3697 vocatur
224 3640 445 3715 ,parissimus
462 3641 571 3691 caeter
589 3641 620 3689 et
638 3642 787 3713 magister
803 3635 987 3697 maturiorem
1004 3633 1227 3714 exspectandam
1244 3647 1322 3692 aeta-

89 3747 152 3795 tem
172 3733 304 3807 censuit,
330 3752 386 3810 qua
401 3732 541 3809 juventus
558 3729 596 3789 ad
616 3732 758 3791 severiora
785 3732 855 3793 haec
876 3731 973 3791 studia
991 3731 1193 3793 adduceretur.
1245 3734 1322 3791 Non·

91 3830 169 3891 dum
185 3829 239 3889 ille
257 3829 490 3891 mathematicam
515 3829 597 3887 istam
616 3824 834 3890 demonstrandi
855 3831 1011 3905 rationem,
1031 3833 1113 3909 cujus
1139 3831 1215 3911 leges
1242 3830 1324 3890 dedit

88 3928 282 4004 Aristoteles,
310 3947 439 4007 quaeque
468 3926 501 3985 in
523 3925 670 3985 Wolfiana
697 3927 796 3987 schola
825 3927 863 3988 ad
891 3949 989 3988 omnes
1016 3929 1163 3990 doctrinas
1191 3927 1323 3987 adhibita

86 4042 154 4103 est,
183 4026 337 4107 coguovit,
373 4026 397 4085 si
424 4045 493 4086 vero
520 4025 717 4103 cognovisset,
744 4026 819 4085 hanc
847 4026 880 4085 in
907 4028 1009 4107 primis
1036 4028 1152 4088 adultae
1183 4025 1319 4104 virilique

87 4127 183 4188 aetati
203 4123 413 4185 destinavisset.
455 4124 526 4182 Nam
545 4123 570 4181 is
589 4125 708 4184 omnino
725 4126 758 4183 in
773 4124 870 4184 studio
890 4125 1058 4185 dialecticae
1075 4138 1219 4185 extremus
1240 4124 1323 4185 labor

88 4239 158 4303 est,
190 4238 242 4303 ut,
272 4244 345 4305 quae
378 4223 425 4283 vel
454 4222 514 4303 ipse
543 4221 692 4283 inveneris
710 4223 758 4284 vel
777 4223 814 4285 ab
841 4224 910 4285 aliis
929 4225 1051 4287 iuventa
1067 4226 1230 4304 acceperis,
1256 4246 1322 4287 oum

125 4416 155 4485 1)
175 4419 214 4471 tte
232 4419 294 4488 ttep.
311 4416 365 4470 vtt.
383 4413 443 4468 539.
467 4415 496 4467 lt.
514 4414 572 4466 vid.
592 4416 669 4481 wyte.
689 4419 724 4469 eut
744 4417 809 4469 tter.
831 4418 861 4468 ‹te
882 4419 908 4469 s.
929 4419 960 4471 Ν.
988 4417 1015 4469 t'.
1037 4432 1062 4484 p.
1081 4415 1122 4469 11.
