2796 5048
681 228 738 287 160

81 383 206 471 διανοίᾳ.
239 388 268 469 l)
298 390 391 463 Quem
419 387 513 448 locum
541 388 721 469 praeclarum
750 391 791 448 sic
819 389 931 448 Latims
958 362 1055 451 verbis
1074 390 1283 472 expressistis

83 513 131 550 ro:
171 489 337 547 adolescens
365 492 557 561 etiamnunc,
588 510 603 545 ο
633 488 787 561 Phaedre,
809 487 959 547 Isocrates
988 499 1055 559 est;
1095 490 1148 549 aad
1172 488 1242 567 pald
1270 488 1283 547 l

81 591 134 649 etto
155 607 312 671 augurer,
334 587 414 643 labet
442 586 551 644 diacre.
596 584 677 664 Quid
697 586 842 645 tandein?
863 594 968 666 inquit
997 590 1060 647 ille.
1104 574 1283 665 dlajmnil

81 694 203 771 ingenio
232 687 354 744 videtete·
375 706 454 759 esse,
485 706 576 763 qaam
605 696 640 743 at
662 708 732 743 cam
757 689 945 745 orationihus
970 686 1083 766 Lysias
1109 694 1283 763 comparatas

84 788 250 847 Praeterea
279 785 319 842 ad
341 791 487 841 virtatem
516 790 616 859 major
640 786 772 843 indoles:
804 795 840 842 at
867 793 991 843 minime
1021 793 1139 843 mimas
1157 786 1284 861 satam

82 894 143 960 eit,
173 892 218 958 si,
249 904 318 941 cam
345 892 445 941 aetate
467 890 665 958 processerit,
697 892 753 940 ant
784 891 818 940 in
846 885 1093 942 lacerationum
1110 904 1239 965 gem,
1253 904 1283 943 st

82 1006 164 1043 nanc
194 983 312 1057 studet,
334 991 480 1053 tantam,
507 990 656 1058 qnantum
677 990 808 1058 pueris,
839 984 968 1060 reliquis
994 993 1133 1061 praestet
1159 984 1280 1043 omnibs

83 1091 136 1165 qai
157 1103 290 1161 anquam
317 1088 467 1139 orationes
493 1087 690 1161 attigerant,·
711 1091 785 1155 ant,
814 1088 842 1139 ei
862 1091 1019 1140 contentae
1037 1083 1086 1141 leis
1112 1103 1173 1140 non
1185 1084 1281 1158 saecli

81 1185 182 1243 dicim
209 1182 310 1258 aliquo
339 1184 436 1236 animi
463 1187 546 1235 mota
584 1184 703 1255 majora
728 1186 930 1256 concupiscat.
963 1160 1077 1238 'latest
1109 1187 1193 1239 enim
1219 1188 1284 1239 ads

82 1288 121 1341 ra
138 1280 325 1359 philosophia
344 1285 378 1334 in
397 1277 490 1352 bajas
511 1284 574 1334 vert
592 1288 690 1335 monte
708 1279 863 1355 quaedam.
889 1276 921 1358 2)
941 1278 1067 1339 Profecit
1086 1276 1123 1339 ab
1142 1278 1198 1339 hoc
1215 1276 1284 1339 aad

83 1379 242 1441 lentissimo
261 1374 381 1436 dicendi
400 1376 534 1455 magistro
553 1376 767 1436 Demosthenes.
789 1378 880 1451 Nam,
900 1378 1033 1456 quamvis
1051 1378 1165 1437 Isaeum
1183 1376 1284 1439 audivit

82 1473 137 1551 τάς
155 1467 335 1556 Ἰσοκράτους
355 1468 477 1553 τέχνας,
499 1487 530 1536 ut
548 1475 589 1533 ait
608 1474 798 1548 Plutarchus,
819 1473 851 1556 3)
871 1476 1038 1535 clanculum
1065 1490 1169 1537 nactus
1196 1490 1250 1537 est:
1271 1494 1285 1535 e

82 1580 153 1641 bine
168 1580 201 1638 in
216 1581 277 1657 ejus
295 1576 474 1637 orationibus
492 1587 559 1655 apta
573 1573 625 1633 illa
639 1574 765 1654 partium
784 1572 952 1635 distributio
962 1619 971 1648 ‚
981 1576 1191 1635 sententiarum
1200 1574 1285 1655 eleg:

85 1680 195 1752 forma,
234 1676 347 1736 numeri
372 1673 507 1746 oratorii,
541 1670 622 1731 dotes
657 1686 808 1746 caeterae,
838 1672 944 1751 quibus
972 1674 1050 1754 ipsae
1077 1673 1285 1733 commendent!

84 1775 250 1863 superstites
269 1775 401 1834 isocratis
423 1772 576 1833 orationes.
624 1770 823 1831 Veruntamen
840 1769 1076 1832 animadvertisse
1095 1772 1166 1832 haec
1194 1770 1267 1831 nobis

85 1872 243 1933 rhetoricae
269 1873 388 1933 historia
416 1868 524 1931 suffieit
544 1868 582 1929 ad
596 1868 792 1946 judicandum
813 1869 932 1929 dicendi
950 1890 1059 1949 genus,
1090 1892 1148 1951 quo
1176 1891 1239 1931 usus
1260 1886 1285 1929 fl

83 1971 314 2047 Demosthenes,
343 1970 381 2030 ad
410 1970 504 2050 ipsum
534 1980 672 2027 oratorem
699 1967 915 2045 judicandum,
945 1968 983 2027 ad
1015 1966 1220 2033 declarandam
1247 1966 1285 2029 te

82 2063 207 2152 νότητος
226 2071 308 2130 illius
333 2088 479 2140 caussam,
509 2087 566 2145 qua
590 2066 681 2125 movit
709 2067 841 2126 civitates
869 2066 991 2126 Graecas
1020 2070 1196 2149 virtutisque
1219 2088 1285 2131 amat

82 2172 289 2245 inflammavit,
307 2191 367 2229 non
387 2165 504 2226 sufficit.
532 2164 582 2238 si,
605 2178 636 2222 ut
650 2164 807 2224 Aeschines
824 2165 984 2244 caeterique
994 2167 1054 2225 fere
1064 2181 1191 2229 oratores
1203 2154 1285 2229 orrintt

83 2272 186 2333 esclis
207 2269 374 2351 profecisset
403 2265 549 2323 rhetorum
569 2262 693 2338 scholis,
714 2261 760 2335 his
778 2263 891 2321 cunetis
911 2263 1014 2322 similis
1032 2279 1128 2325 orator
1146 2267 1285 2345 emim

82 2385 158 2429 certe
177 2370 272 2442 hanc,
293 2386 348 2444 qua
369 2362 503 2423 omnibus
519 2362 675 2441 praestitit,
690 2362 751 2421 vim
769 2373 797 2418 et
817 2361 956 2420 virtutem
975 2364 1008 2421 in
1026 2364 1087 2440 eius
1106 2367 1233 2425 oratione
1246 2380 1286 2423 u

82 2467 298 2527 admiraremur.
340 2461 375 2521 Id
400 2458 513 2519 efficere
534 2479 587 2516 nec
605 2457 737 2518 Isocratis
757 2451 877 2538 τέχναι,
897 2463 1028 2537 quamvis
1049 2462 1228 2539 elaboratae,
1251 2478 1286 2521 att

83 2565 190 2648 placita
219 2562 429 2645 sophistarum,
457 2559 588 2637 quamvis
614 2558 782 2637 ingeniosa,
808 2574 982 2641 potuerunt,
1004 2580 1062 2618 una
1089 2562 1183 2621 effecit
1200 2552 1286 2645 ΜΗ,

82 2685 161 2725 mum
178 2662 302 2723 Socratis
325 2656 509 2741 philosophia
519 2700 528 2730 ‚
550 2671 581 2715 ut
599 2656 734 2716 traditam
760 2679 976 2740 expressamque
996 2660 1028 2716 in
1048 2657 1179 2719 Platonis
1197 2654 1286 2741 scrip'!

82 2762 261 2845 reperiebat,
281 2781 353 2839 quae
373 2756 493 2836 argutiis
515 2756 705 2835 sophistarum
726 2768 754 2815 et
773 2756 1010 2817 cavillationibus
1036 2769 1096 2816 tota
1122 2772 1195 2819 esset
1219 2774 1286 2839 opp·

82 2863 155 2936 sita,
177 2875 287 2921 atvero
303 2876 387 2917 sanae
403 2856 642 2933 incorruptaeque
655 2853 834 2933 eloquentiae
854 2854 1018 2934 exemplum
1031 2856 1192 2935 praeberet.
1211 2855 1287 2917 Diu

82 2958 162 3038 quod
181 2959 289 3018 sentio:
312 2975 384 3035 quae
404 2954 510 3033 scripta
529 2974 545 3009 a
564 2951 681 3010 Platone
697 2965 739 3011 est
752 2951 789 3011 ad
810 2973 938 3011 caussam
952 2952 1075 3012 Socratis
1094 2950 1287 3031 defeudcudq

82 3055 220 3123 Socratis
240 3055 406 3134 Apologia,
427 3042 518 3122 τόπος
537 3049 607 3109 haec
628 3050 716 3130 plane
734 3064 775 3108 est
793 3050 973 3129 eloquentiae
992 3052 1226 3113 Demostheneae.
1270 3072 1285 3085 ¹·

123 3156 247 3219 Videtur
262 3156 322 3232 jam
339 3151 419 3212 Plato
438 3154 499 3233 ipse
514 3151 575 3210 vim
593 3149 752 3229 percepisse
766 3148 965 3230 philosophiae
979 3149 1140 3211 Socraticae
1159 3152 1197 3213 ad
1204 3162 1284 3213 aaa!

80 3256 294 3337 eloquentiam,
316 3272 404 3331 quum
422 3248 580 3331 producere
598 3267 659 3305 eam
677 3249 710 3305 in
728 3246 859 3306 tribunal
883 3261 1005 3308 tentaret
1023 3250 1188 3329 faceretque
1207 3250 1287 3309 sete

80 3372 139 3418 tem
157 3376 209 3438 pre
225 3350 376 3432 judicibus
395 3347 549 3408 dicentem.
577 3346 677 3404 Forma
696 3342 816 3406 dicendi
836 3367 994 3405 sermonem
1014 3349 1102 3408 refert
1120 3349 1209 3431 plane
1224 3342 1287 3409 lani·

79 3456 183 3516 liorem
194 3500 202 3529 ,
223 3470 392 3531 quamquam
416 3446 642 3528 perspicuant,
664 3457 705 3518 et,
727 3442 796 3503 licet
815 3433 990 3506 ornainentis
1008 3446 1088 3506 haud
1113 3442 1288 3508 commenda!

79 3554 232 3625 oratoriis,
245 3560 338 3630 apta,
359 3546 490 3626 elegans,
513 3564 625 3623 unaque
646 3544 678 3601 iu
696 3544 796 3623 paucis
813 3543 851 3602 ad
873 3546 983 3603 animos
1001 3544 1152 3605 hominum
1170 3540 1288 3607 tenenti!

80 3651 289 3711 efficacissima.
311 3647 382 3704 Nam
396 3643 432 3702 ab
451 3644 513 3725 ipso
528 3642 598 3702 inde
612 3641 730 3702 exordio
751 3662 828 3700 amor
847 3643 924 3716 veri,
944 3664 1001 3721 quo
1018 3642 1065 3704 vel
1084 3644 1174 3704 inviti
1191 3643 1288 3725 capills

84 3765 131 3810 tur
150 3746 301 3818 mortales,
323 3745 355 3802 in
380 3756 488 3802 oratore
512 3754 636 3821 apparet.
679 3740 747 3813 Isti,
769 3740 826 3813 ait,
849 3740 926 3798 nihil
957 3741 1018 3800 veri
1047 3739 1207 3817 dixerunt,
1226 3728 1288 3821 sitifi

80 3843 113 3910 ὅ
128 3845 203 3927 ἐμοῦ
225 3836 386 3905 ἀκούσεσθε
408 3839 505 3899 πᾶσαν
522 3831 580 3918 ,τήν
601 3830 753 3917 ἆληθοάν.
775 3835 805 3916 4)
827 3837 968 3897 Videmus·
987 3837 1070 3897 nobis
1091 3839 1236 3901 homiuem
1251 3850 1288 3899 a!

77 3952 146 4011 dire
162 3945 338 4018 candidum,
359 3943 498 4025 probum,
520 3941 607 3998 mirae
621 3937 828 4018 simplicitatis,
846 3933 897 3995 sed
912 3935 1081 3994 acerrimum
1101 3939 1227 3999 eundem
1243 3946 1288 4001 t⁶¹

85 4103 331 4117 ,,,-,,.-.---

118 4178 143 4243 t)
161 4177 268 4228 runs.
285 4171 337 4223 ars
353 4169 383 4220 r.
401 4165 452 4218 are
469 4166 500 4216 Α.
519 4218 522 4223 ,

118 4262 144 4327 2)
162 4264 232 4315 Orat.
250 4277 272 4312 c.
292 4256 331 4308 13.
425 4322 429 4333 .

118 4348 144 4412 3)
162 4347 226 4397 Plut.
245 4348 296 4395 otta
316 4344 383 4394 uem.
399 4357 421 4389 c.
439 4338 463 4387 5.

119 4434 144 4498 a)
164 4433 233 4500 Apu.
252 4434 277 4481 s.
297 4429 327 4478 n
349 4426 375 4476 s.
