2796 5048
93 216 112 272 6
1248 234 1254 243 ι

1200 330 1205 339 -
1260 299 1315 355 aa

199 381 237 433 Da
257 381 354 431 diemde
370 383 481 449 natiuae,
499 399 588 451 quarm
604 403 651 453 per
668 382 807 447 Plataeae»,
825 382 937 434 Sacraria
952 384 1049 451 peperit
1066 382 1208 453 diaeiplina.
1265 382 1319 436 154

125 500 302 562 Periclea,
329 501 487 564 Anaxagorae
508 503 618 553 auditor.
644 503 905 569 Demosthenaa,
927 500 1037 553 Platoaia
1057 503 1159 565 legendi
1178 503 1262 552 atudio

90 586 217 635 Socratici
235 584 393 651 philosophia
410 586 530 637 imbutae.
550 588 604 653 Quo
622 588 762 638 excellebat
775 587 819 636 ille
838 588 930 637 Pericli
946 579 1089 651 cateriaque
1104 589 1260 652 aratoribua‚

90 672 159 736 quod
183 677 249 721 eaaet
275 672 348 736 plane
363 673 535 723 Socraticum?
560 675 725 738 Eloquentiae
741 675 797 738 ejua
813 674 1004 723 commendatio.
1031 674 1133 725 Direraa
1152 676 1190 722 ria
1205 675 1263 739 plri-

87 757 217 822 lcaophiae
240 757 423 823 Anaragareae
448 763 475 807 et
498 761 652 811 sacratiora.
678 759 858 824 Antiphon.
886 759 1079 808 'Iaacrataa
1105 762 1212 810 Socratie
1229 760 1261 808 de

88 857 120 890 eo
140 843 167 891 in
192 843 339 892 Phaedro
359 844 513 894 vaticinium.
534 845 598 908 Quid
614 845 742 909 lacerati,
759 845 821 908 quid
835 846 937 896 Sacrati
951 845 1040 895 debuit
1058 846 1257 909 llemcathenaai'

86 928 199 977 Plutonia
221 928 390 993 Apologia
413 931 573 993 eloquentiae
591 932 790 981 Demostheaaae
816 928 905 987 rainer.
931 931 1045 980 Socraten
1067 937 1096 979 ut
1120 912 1258 995 perversor

86 1012 248 1078 eloquentiae
266 1015 437 1079 adterendae,
457 1016 491 1063 ita
514 1031 589 1064 aerae
607 1020 696 1065 auctor
713 1017 770 1066 luit.

415 1135 453 1202 Da
470 1152 509 1198 ea,
526 1137 633 1203 quadiu
651 1135 787 1202 eloquentia
804 1146 840 1187 eat
855 1153 980 1187 summum
1260 1133 1311 1188 163

121 1237 242 1288 Cicera.
259 1237 439 1304 Philosophiae
451 1236 562 1285 atudium
577 1237 734 1301 eloquentiae
750 1239 800 1285 rim
813 1238 911 1288 excitat.
932 1238 1083 1301 Gorgiae.
1106 1241 1257 1305 Gorgiae

85 1325 112 1369 et
135 1323 320 1372 Callicles.
341 1325 391 1373 Gar
407 1323 478 1371 Plato
496 1324 661 1388 reprehendit
678 1324 806 1389 principer
824 1330 937 1373 craterae
950 1324 1138 1374 Athenienaea?
1155 1326 1257 1390 Qualem

83 1407 167 1458 voluit
191 1415 315 1458 oratorem
339 1424 443 1472 amm,
469 1408 621 1473 qualemque
645 1424 733 1457 navam
757 1409 929 1473 eloquentiam
941 1411 1062 1460 inducere
1081 1411 1198 1461 atudaiti’
1223 1412 1261 1461 aa·

83 1497 200 1544 utentem
221 1497 347 1544 Socratem
366 1495 435 1547 lecit.
456 1495 558 1558 Qualem
576 1497 700 1561 apectarit
717 1491 931 1563 philosophiam?
948 1497 991 1545 Via
1008 1502 1034 1544 et
1050 1497 1150 1545 uhertaa
1166 1496 1254 1560 phila-
1283 1564 1287 1569 ⁵

83 1580 189 1644 raphiae
201 1585 228 1629 et
242 1581 399 1645 eloquentiae
410 1580 563 1634 Platonicae.
1066 1568 1073 1576 ’

259 1694 269 1721 '
375 1701 414 1752 D'e
430 1703 553 1753 caribnadi
568 1704 680 1767 ratione,
699 1720 763 1770 quae
778 1705 857 1771 praeit
873 1702 1014 1754 hominihus.
1254 1704 1304 1757 175

117 1800 298 1854 Phaedrae.
323 1802 453 1853 scribendi
476 1820 516 1853 ara
536 1820 614 1867 quare
635 1804 824 1869 vituperanda?
846 1807 869 1854 Τ
875 1768 965 1854 hami
981 1805 1121 1855 uenientia:
1140 1822 1191 1856 nan
1206 1807 1255 1857 alia

82 1886 124 1938 Sa
133 1891 255 1939 cratia.
282 1890 342 1936 Vici
355 1891 512 1953 amentique
527 1892 648 1940 aermcnia
663 1907 722 1956 praa
736 1894 832 1956 aara'pta
849 1893 1010 1957 praestantia.
1031 1892 1171 1959 Agricolae
1185 1909 1256 1942 ccm-

82 1975 188 2036 paratic.
201 1977 355 2027 Sacratis
367 1976 433 2024 vitae
444 1991 533 2038 genua.
547 1978 596 2025 Cur
608 1977 679 2026 Plato
691 1979 799 2040 negavit.
807 1994 833 2027 ae
843 1978 981 2041 quidquam
991 1978 1137 2043 ecripaieaei’
1150 1980 1257 2045 Saripait

83 2065 168 2111 tamea
182 2060 313 2123 dialogor?
332 2061 403 2126 Quod
419 2063 605 2111 commendavit
622 2063 750 2113 scribendi
764 2079 863 2126 genua,
884 2063 938 2127 ipae
954 2063 1091 2128 uaurpavit.
1227 2054 1230 2061 ¹

230 2182 296 2245 aaa
310 2181 438 2233 ecanae
454 2183 573 2251 pectava
589 2181 681 2232 aanor
697 2185 749 2233 cce
766 2184 796 2233 a
813 2182 937 2233 racana
953 2182 1045 2252 amaa
1060 2168 1162 2235 naara
1219 2168 1226 2217 -'
1256 2182 1308 2243 raa

116 2283 337 2348 Xenophontio
359 2285 523 2349 Sympaaium.
546 2285 766 2333 Aristotelian*
786 2284 878 2345 dialogi
902 2285 966 2333 ratic
984 2285 1066 2348 qualia
1084 2292 1110 2334 et
1128 2285 1195 2334 unde
1209 2302 1257 2335 no-

81 2364 121 2416 ble
137 2370 334 2432 cogncacendai’
352 2370 412 2434 Ejua
430 2371 540 2421 Eudemi
554 2373 732 2434 fragmentum.
752 2371 894 2420 Luciani
907 2371 1008 2434 dialogi.
1025 2371 1118 2420 Harum
1133 2372 1189 2420 lona
1202 2388 1253 2420 uon

80 2452 147 2502 aliua
164 2471 194 2503 ac
208 2440 403 2507 Platonicorum.
423 2456 519 2508 Plato
534 2474 547 2507 e
564 2459 633 2507 sonte
650 2456 792 2511 dalilaaitr
817 2440 911 2504 hinnit·
925 2473 956 2506 ex
972 2457 1059 2505 ecdem
1075 2452 1253 2506 Lucienus.

80 2539 160 2603 liujua
182 2541 354 2594 Prometheua.
379 2542 538 2591 Mortuerum
564 2544 677 2607 dialogor
693 2542 819 2608 quomodo
836 2540 1098 2592 invenithucianuai'
1122 2542 1254 2605 Proprium

79 2627 207 2675 Lucianei
221 2627 314 2691 dialogi
332 2634 359 2676 et
376 2629 509 2679 Platonici
524 2630 666 2681 diacrimen.
686 2629 864 2694 Sophronia
881 2627 960 2676 mimi.
980 2625 1147 2675 Aristotelian·
1161 2626 1254 2689 dialogi

79 2715 107 2760 et
134 2714 264 2764 Platonici
288 2715 431 2765 diacrimen.
465 2716 586 2764 Gonatana
610 2716 733 2766 Platonici
749 2716 915 2780 simplicitas.
944 2702 1010 2777 Quid
1024 2700 1191 2761 Ariatclelicc
1204 2714 1252 2761 de-

78 2797 144 2863 luit,
163 2801 230 2863 qucd
248 2801 347 2865 privum
363 2805 429 2850 earet
444 2796 605 2853 Platonica?
629 2803 709 2865 Quare
724 2801 871 2849 Aristotelea
887 2799 982 2862 aliique
996 2798 1102 2862 dialogia
1116 2799 1155 2846 uei
1173 2798 1255 2847 aunt?

80 2884 304 2950 Xenophonteo
330 2886 510 2936 Memorabilia
534 2903 592 2935 cnm
620 2887 770 2938 Plutonia
795 2884 910 2948 dialogis
934 2884 1035 2934 collata.
1064 2886 1131 2950 Quae
1147 2878 1252 2949 propria

79 2975 168 3020 natura
191 2973 280 3021 harum
304 2973 370 3021 luit?
395 2971 535 3039 Agricolae
564 2972 731 3038 comparatio,
755 2971 892 3020 aPlatone
916 2970 1047 3034 adhibita,
1074 2971 1101 3018 in
1123 2970 1253 3019 Platonem

79 3059 206 3106 convenit.
234 3058 345 3107 Plutonia
364 3059 457 3122 acripta
481 3074 533 3107 nan
555 3058 687 3107 doctrinae
701 3056 830 3119 thesauri,
849 3056 893 3104 aad
909 3056 1180 3122 cagnomendifantaa.
1197 3057 1251 3104 lton

78 3148 227 3205 argumenta
253 3145 331 3206 magia
345 3148 505 3208 exponuntur
522 3160 599 3207 quam
617 3160 647 3194 ea
663 3142 793 3208 explorare
813 3147 839 3191 et
855 3142 984 3191 illustrare
998 3141 1157 3204 loquentium
1173 3141 1252 3189 inter-

78 3233 126 3295 eat.
152 3229 230 3294 Quale
253 3231 303 3279 tuit
324 3245 414 3279 nauum
431 3232 535 3295 poiaeca
560 3219 640 3292 genua
665 3229 734 3293 quod
756 3229 891 3278 meditatur
915 3233 955 3276 eat
982 3226 1073 3276 Platoi’
1090 3226 1252 3290 Philoacphia

80 3311 217 3383 ἦμεγίοτη
230 3313 357 3382 pcaarnq',
382 3316 473 3364 Urania
495 3316 572 3367 illuaa.
599 3314 644 3365 Via
668 3314 792 3364 Platonici
815 3314 910 3376 dialogi
932 3314 959 3362 in
975 3318 1092 3378 parteraa
1106 3314 1250 3379 acriptorea.

80 3384 202 3451 Cicera.
234 3402 470 3451 Demosthenes.
500 3403 666 3453 Lueianei
696 3408 848 3450 mortuorum
874 3400 976 3465 dialogi
999 3415 1059 3449 cum
1084 3400 1250 3451 Plutonia

79 3490 178 3555 Gorgia
202 3488 298 3536 collati.
322 3487 513 3537 commendatur
531 3504 584 3537 ncn
604 3488 728 3537 dictionis
741 3489 837 3550 magii,
857 3500 932 3549 quam
940 3485 1120 3551 philosophiae
1137 3487 1250 3536 Platoni-

76 3588 121 3623 cae
137 3575 164 3623 in
181 3573 287 3639 portaria
304 3572 457 3622 Graecorum
472 3562 637 3638 scriptoribua
648 3574 805 3637 detegendae
821 3572 986 3637 propositum.

295 3693 380 3745 mura
395 3702 431 3745 eat
446 3690 611 3763 philosophiae
625 3697 778 3764 principium
793 3708 911 3770 maumam
928 3708 997 3743 amar
1013 3695 1075 3744 aeri.
1252 3691 1300 3746 195

110 3796 187 3845 Amor
209 3796 267 3844 aeri
290 3799 334 3859 ut,
365 3795 447 3860 qualia
470 3802 553 3861 earet,
574 3813 677 3861 quaque
699 3804 841 3865 meteret,
857 3800 1204 3877 intelligeretnrqeuparicr
1217 3804 1249 3853 de

77 3896 195 3946 germane
210 3881 343 3946 mandi,
360 3881 480 3946 dramati,
498 3882 603 3932 dicendi
619 3883 798 3949 imitandique
813 3888 915 3938 ratione·
929 3889 1066 3954 dieputatio
1080 3889 1171 3940 valuit.

461 4004 521 4056 DE
556 4004 935 4074 Disc'IPL1N18‚

153 4124 239 4189 ¹qaia·
254 4123 366 4165 maara
382 4124 504 4165 arraona
522 4124 553 4163 aa
571 4124 682 4165 amaea
700 4113 810 4181 regala,
829 4127 859 4167 m
876 4128 966 4170 amara
984 4130 1016 4169 aa
1035 4128 1198 4170 arimerici.
1250 4120 1299 4173 197

112 4214 187 4267 Varia
211 4219 282 4269 acrio
301 4222 413 4283 eampum
440 4218 589 4271 dialecticae
615 4222 658 4269 cta
671 4224 702 4269 at
715 4236 787 4271 uena
805 4223 908 4274 lleatrae
928 4225 1022 4275 aetatia·
1038 4224 1152 4275 felicitae.
1174 4224 1250 4275 Perua

78 4302 226 4355 dialecticae
248 4309 412 4356 momentum.
437 4305 568 4371 Quomodo
588 4305 621 4355 ad
644 4320 699 4355 cam
729 4307 908 4372 equirandam
931 4311 1061 4375 reperiare
1080 4308 1250 4378 diaputaticae

77 4391 219 4454 praeparati
233 4391 397 4442 murmur
412 4393 539 4443 Proxime
558 4393 736 4458 diapatatlcaia
755 4409 857 4445 mma,
