2796 5048
677 252 733 312 180

91 421 246 481 Socraticos
265 437 425 490 sermones,
448 430 497 489 ut,
515 434 599 494 quam
620 416 651 473 in
671 412 800 473 Phaedro
820 412 1032 473 commendarit
1057 413 1209 477 scribendi
1228 420 1320 481 rana-

93 541 154 581 nem
164 566 172 594 ‚
191 538 256 578 cum
270 515 332 596 ipso
350 514 501 575 scribendo
518 510 661 587 Phaedro,
682 527 743 572 tum
758 511 875 570 caeteris
885 511 998 591 scriptis
1018 513 1205 594 expresserit:
1225 520 1320 598 quod.

88 638 142 695 que
161 614 236 674 effici
254 612 332 673 dixit
361 612 495 671 familiari
524 612 600 671 vitae
625 608 832 672 consuetudine
859 609 1021 688 mutuisque
1050 614 1252 691 sermonibus,
1277 618 1320 682 111

88 713 248 774 scribendis
266 714 302 772 iis
323 714 355 773 in
373 712 511 771 lectorum
530 709 633 769 animis
651 709 782 768 effecerit.
824 710 888 783 Quo
908 708 1014 768 lactum
1024 755 1033 783 ,
1052 723 1085 769 ut
1103 712 1209 775 nullus
1225 704 1320 781 sueri!

88 814 120 871 in
147 812 315 890 antiquitate
342 808 549 891 philosophus,
581 809 662 884 cujus
691 807 797 888 scripta
825 806 861 865 ad
890 807 1013 886 quodvis
1040 829 1132 888 genus
1162 812 1320 879 hominun

89 910 216 969 veritatis
235 910 406 988 uirtutisque
423 926 517 966 amore
537 904 774 964 inflammandum
793 905 939 965 valuerint
956 907 1062 986 magis,
1082 907 1116 967 in
1140 909 1320 977 clarissima

88 1023 180 1068 autem
199 1009 348 1090 scriptores
366 1020 558 1083 oratoresque,
579 1004 611 1062 in
631 1003 849 1063 Demosthenem
874 1002 944 1063 adeo
974 1018 1002 1063 et
1025 1005 1213 1082 Ciceronem,
1240 1025 1320 1071 tan-

88 1122 161 1182 tam,
182 1121 317 1186 quautam
337 1104 481 1176 diximus,
502 1103 561 1161 vim
580 1100 745 1161 habuerint.
767 1101 853 1161 Unde
874 1102 1065 1184 intelligitur,
1086 1103 1215 1183 quidde
1232 1130 1320 1173 nov·

87 1205 232 1267 scribendi
253 1223 373 1283 genere,
395 1200 473 1281 quod
491 1215 518 1261 et
538 1200 652 1259 invenit
671 1213 698 1258 et
718 1200 926 1279 frequentavit,
942 1201 1142 1282 augurandum
1162 1204 1208 1265 sit.
1248 1206 1320 1271 Set*

86 1304 139 1363 hoc
158 1300 365 1361 declarandum
392 1297 527 1379 pluribus
555 1298 687 1358 videtur:
716 1311 803 1376 utque
830 1319 914 1379 supra
941 1297 977 1358 de
996 1308 1118 1360 areticio
1139 1302 1316 1387 philosoph

87 1399 264 1462 sermonibus
283 1398 409 1479 egimus,
430 1397 506 1456 infra
531 1407 625 1454 autem
646 1394 681 1454 de
703 1398 873 1455 dialecticis
892 1397 957 1457 dart
977 1398 1180 1479 opertsumus
1197 1400 1293 1461 acturi

88 1503 125 1558 ita
145 1499 198 1559 hoc
219 1497 280 1556 loco
300 1496 448 1556 universos
464 1497 549 1574 juvat
568 1493 755 1574 disceptando
774 1495 943 1576 complecti,
972 1510 1004 1555 ut
1013 1542 1022 1570 ,
1043 1496 1115 1576 quid
1133 1499 1214 1559 Plato
1231 1499 1320 1561 scri-

86 1597 182 1658 bendo
202 1596 372 1678 spectaverit
390 1593 584 1672 effeceritque,
606 1592 819 1673 perspiciamus.
979 1584 983 1589 ¹

163 1790 257 1871 Quid
277 1792 468 1849 scribendo
488 1797 676 1866 spectavit
695 1788 829 1847 Plato?
851 1798 945 1866 siae,
965 1794 1005 1851 da
1027 1791 1223 1851 Platonici

535 1885 677 1969 dialogi
697 1898 846 1951 natura.

123 2084 289 2146 scribendis
307 2084 428 2165 dialogis
449 2083 596 2143 Platonem
624 2105 728 2143 novam
753 2082 889 2143 inducere
912 2085 1012 2165 poisin
1040 2084 1201 2160 studuisse,
1229 2106 1318 2166 qa·-

84 2182 195 2241 Musam
220 2182 366 2241 Uraniam
388 2183 525 2262 spiraret,
552 2195 614 2240 tum
640 2182 786 2258 diximus,
807 2204 896 2261 quum
922 2183 973 2242 toti
994 2183 1025 2242 in
1054 2183 1149 2264 pulcri
1177 2183 1320 2266 philost·

84 2280 151 2361 pbia
172 2272 363 2341 versabamur.
398 2278 427 2360 l)
457 2278 543 2339 Unde
570 2280 664 2360 patuit
692 2279 774 2339 nobis
803 2281 959 2356 continuo,
988 2281 1067 2341 baud
1096 2303 1161 2341 eum
1186 2280 1320 2362 vulgar?

84 2376 273 2459 sophistisque
292 2372 426 2459 usurpato
445 2378 607 2460 scriptionis
625 2398 726 2458 genere
746 2392 912 2438 contentum
931 2380 1035 2457 fuisse,
1056 2380 1106 2443 sed
1121 2385 1226 2463 majora
1236 2399 1290 2440 ou,
1301 2402 1320 2413 -

85 2476 131 2534 uia
151 2491 178 2535 et
196 2475 385 2558 praeclariora
404 2490 549 2558 spectasse.
593 2477 634 2536 Ut
655 2498 721 2536 vero
732 2524 740 2553 ,
761 2479 868 2557 quaid
890 2480 999 2539 ratione
1028 2481 1198 2562 perfecerit,
1224 2497 1320 2538 asse-⁶

83 2595 220 2653 quamur,
242 2572 395 2656 spectanda
416 2574 500 2634 nobis
517 2575 639 2634 interius
659 2575 799 2634 Platonici
819 2575 924 2656 dialogi
942 2591 1045 2636 natura
1064 2578 1191 2639 ridetur.

122 2671 172 2730 Est
190 2672 320 2755 dialogus
330 2675 510 2749 santiliaris
528 2681 673 2733 carmania
694 2682 846 2749 imitatio,
869 2688 906 2733 ut.
919 2675 1005 2756 vulgo
1023 2691 1143 2737 vocatur
1153 2722 1162 2751 ,
1183 2675 1244 2751 vel,
1260 2680 1320 2731 Γ

82 2769 165 2829 modo
188 2769 330 2830 dicentem
355 2769 516 2830 Phaedrum
543 2771 724 2847 audivimus,
758 2782 819 2831 aiot
836 2782 1023 2852 animatique
1042 2783 1187 2834 samonis
1204 2780 1320 2834 tim?

82 2870 199 2925 lacrum
223 2867 376 2947 quoddam.
418 2868 527 2942 Quodsi
546 2868 612 2928 talis
631 2869 718 2948 hujus
737 2870 884 2930 scribendi
903 2873 1014 2951 generis
1033 2874 1106 2933 ratio
1126 2887 1187 2948 est,
1209 2867 1320 2932 intel*

81 2966 195 3046 ligimus
216 2980 335 3047 sponte,
358 2966 472 3026 nullum
501 2988 533 3028 00
546 2968 648 3048 ‘magis
676 2969 803 3027 Platonis
825 2967 953 3028 consiliis
977 2984 1074 3051 aptum
1103 2966 1320 3031 accommoda*

81 3078 197 3143 tumque
216 3064 312 3124 luisse.
354 3066 425 3123 Nam
455 3066 629 3125 destinatum
655 3067 695 3125 ita
724 3066 827 3125 naturd
854 3079 913 3141 est,
934 3079 983 3142 ut,
1009 3089 1080 3146 quos
1108 3062 1320 3151 colloquendo·

80 3183 144 3221 cum
163 3160 227 3220 aliis
246 3163 432 3244 exprimimus
449 3162 675 3241 effundimusquc
695 3183 793 3222 sensus
804 3211 811 3238 ,
831 3163 883 3224 bos
908 3164 1061 3224 scribendo
1077 3187 1143 3226 cum
1172 3162 1320 3230 absenti*

80 3261 153 3333 bus,
170 3280 235 3318 cum
259 3262 379 3343 posteris
403 3261 473 3322 adeo
503 3262 750 3321 communicemus.
792 3262 900 3322 Verum
930 3262 1007 3322 idem
1035 3279 1176 3345 spectasse
1202 3284 1282 3329 01111111
1308 3290 1320 3305 ·

55 3357 294 3439 .dici‘p0ssunt,
320 3360 370 3439 qui
398 3359 525 3438 dialogos
554 3360 747 3441 scripserunt,
778 3360 960 3443 Xenophon,
990 3362 1164 3441 Aeschines,
1192 3366 1281 3445 aliique

80 3456 230 3529 Socratici,
252 3469 312 3515 tum
329 3458 506 3532 Aristoteles,
527 3458 632 3537 quique
648 3471 743 3538 postea
759 3458 917 3518 floruerunt
936 3460 1093 3537 Lucianus,
1112 3462 1279 3535 Plutarchus,

81 3554 259 3635 Athenaeus,
286 3568 346 3614 tum
375 3577 442 3615 vero
470 3554 672 3614 celeberrimus
699 3557 777 3637 apud
804 3558 920 3617 Latinos
949 3556 1127 3639 dialogorum
1158 3563 1278 3645 scriptor,

81 3653 189 3712 Cicero.
231 3653 421 3726 Quamobrem
442 3651 663 3734 distinguendus
682 3654 718 3713 ab
737 3655 782 3715 his
800 3655 933 3716 omnibus
960 3657 1040 3717 Plato
1068 3673 1128 3734 est,
1157 3656 1278 3741 siquiden

79 3751 222 3833 propriam
240 3751 408 3830 privamque
432 3750 609 3832 dialogorum
629 3744 840 3813 Platonicorum
869 3755 1005 3815 virtutem
1029 3758 1141 3836 assequi
1165 3756 1276 3820 velimus

79 3850 114 3913 Et
134 3869 202 3907 vero
220 3848 259 3905 sic
279 3849 471 3928 intelligemus
486 3851 647 3909 accuratius
666 3852 751 3909 etiam
761 3897 768 3926 ,
785 3853 856 3930 quid
877 3853 912 3912 de
932 3876 1008 3914 novo
1027 3854 1087 3914 sive
1102 3862 1218 3937 poiseos
1233 3855 1276 3915 sire

79 3945 259 4029 scriptionis,
281 3947 340 4037 sige
362 3947 541 4025 eloquentiae
561 3968 679 4026 genere,
702 3949 780 4028 quod
799 3951 913 4010 invenit
930 3972 963 4011 ac
981 3952 1179 4031 frequentavit
1198 3952 1274 4020 Plato,

78 4042 300 4104 existimandum
321 4045 365 4105 sit.
408 4049 432 4105 A
452 4045 602 4106 Socraticis
620 4059 713 4104 autem
734 4048 887 4110 ordiamur.

117 4145 187 4204 Cum
207 4161 273 4206 ante
293 4143 439 4204 Platonem
468 4145 606 4217 fuerunt,
629 4159 688 4203 tum
718 4148 877 4223 exstitisse,
908 4149 978 4209 dum
1007 4150 1137 4226 viveret,
1158 4140 1286 4233 permut

77 4242 232 4319 videntur,
253 4244 302 4324 qui
324 4245 390 4302 item
412 4243 538 4323 dialogos
557 4242 723 4304 scriberent.
766 4247 892 4319 Quorum
919 4248 942 4306 si
967 4263 1146 4328 superessent
1172 4249 1285 4330 scripta·

76 4383 326 4393 ...υ-ι...-

110 4451 134 4517 1)
154 4455 227 4505 111110
246 4473 270 4521 p.
289 4454 341 4516 95,
361 4453 403 4504 97.
