2796 5048
671 203 729 264 108

76 359 209 422 declarat
223 361 353 445 Dictime
362 405 372 436 ,
392 361 443 422 sed
461 331 590 423 declarat
606 377 711 425 murem.
736 367 868 449 «Pauper
885 383 944 444 est,
965 370 1076 449 inquit,
1092 391 1185 447 amor,
1199 374 1308 454 quippe

80 456 199 519 mireris
212 459 325 520 babens
345 456 468 535 Πενιοη
488 463 539 523 sed
565 459 732 544 πορίζεται,
751 468 922 543 suppeditat
940 470 998 527 ribi
1010 469 1120 545 omnia,
1135 472 1241 553 quippe
1254 492 1309 552 pa.-

78 570 150 649 tretp
169 558 260 619 etiam
277 563 405 625 referem
424 553 566 643 Πάρον.»
583 566 612 644 1)
633 566 708 624 Tum
726 585 794 625 vero
808 563 974 624 daemonem
994 565 1079 646 fingit
1089 569 1237 643 Amorem,
1255 568 1307 647 qui

77 654 233 717 bominum
245 680 345 741 preces
356 663 397 723 ad
410 665 497 739 Deos,
512 665 636 722 Deorum
647 663 790 723 beneficia
799 662 837 723 ad
846 662 976 723 homines
985 665 1149 725 transferat:
1161 665 1308 744 inquibus

77 754 188 834 pariter
204 769 237 845 et
251 757 414 840 indigentia
434 763 564 821 cernitur
581 762 708 821 humana
727 775 755 820 et
777 760 899 821 facultas
918 761 1022 835 simul,
1043 783 1114 841 quae
1137 763 1208 823 hine
1228 763 1308 823 exsi-

75 852 135 913 stit.
158 854 240 913 «Per
256 854 354 933 hunc,
375 861 429 935 ait,
447 861 541 920 omnis
559 860 691 942 procedit
711 859 869 920 divinandi
887 881 946 935 ars,
966 861 1058 920 omnis
1076 859 1253 943 secerdotum
1271 861 1305 921 in

58 951 248 1029 lucmficiis,
267 955 500 1033 initiationibus,
520 956 767 1018 incantationibus
785 956 899 1017 solertia
918 971 946 1017 et
965 957 1128 1038 diligentia.
1149 959 1226 1017 Deus
1240 980 1306 1019 cum

75 1045 197 1121 bpmine
215 1073 278 1112 non
294 1055 447 1132 miscetur,
466 1055 516 1116 sed
535 1077 588 1138 per
606 1056 685 1115 hunc
706 1055 872 1115 daemonem
894 1057 1096 1115 commercium
1114 1076 1197 1115 omne
1220 1071 1305 1138 atque

75 1146 257 1228 colloquium
275 1151 352 1212 inter
368 1155 442 1215 Deos
461 1154 647 1234 hominesque
664 1153 795 1234 procedit
813 1167 841 1213 et
860 1152 1050 1234 vigilantibus
1069 1153 1153 1215 nobis
1179 1168 1208 1215 et
1234 1154 1305 1215 dor-

76 1246 270 1310 mientibus.»
293 1247 326 1331 2)

115 1346 164 1405 Ex
184 1346 232 1407 liis
249 1348 384 1409 omnibus
402 1350 476 1430 quid
496 1349 567 1411 duci
584 1348 672 1431 possit
692 1347 730 1408 ad
748 1369 792 1408 res
810 1348 927 1409 divinas
947 1362 974 1408 et
993 1348 1133 1409 humanas
1151 1349 1305 1430 explican-

78 1440 148 1519 das,
168 1444 352 1528 philosophis
371 1448 578 1529 explicandum
606 1446 808 1527 relinquimus.
848 1447 906 1506 Nos
933 1468 1001 1508 vero
1025 1447 1302 1523 animadvertamus,

78 1560 114 1599 ex
128 1543 236 1603 iisdem
253 1544 316 1604 illis
331 1547 486 1628 principiis
504 1561 533 1631 et
561 1545 619 1605 alia
642 1545 734 1604 multa
753 1544 911 1620 illustrari,
932 1567 1003 1627 quae
1033 1567 1084 1627 per
1113 1558 1201 1604 totam
1227 1545 1303 1607 hanc

81 1637 310 1722 disquisitionem
333 1663 370 1702 ex
389 1644 507 1704 Platone
532 1644 698 1717 attulimus,
722 1657 783 1703 tum
811 1643 922 1705 dictum
947 1643 1105 1723 Agathonis
1124 1644 1304 1723 elegantissi-

83 1758 154 1799 mum
182 1740 221 1801 de
247 1742 352 1801 artium
380 1741 495 1803 studiis.
545 1744 648 1815 Poeta,
669 1740 765 1817 dixit,
795 1764 874 1802 amor
897 1757 954 1802 est:
985 1743 1042 1801 imo
1071 1762 1138 1802 vero
1164 1741 1232 1801 talis
1261 1755 1303 1801 est

87 1843 178 1915 peta,
198 1840 251 1919 qui
264 1840 352 1899 etiam
369 1839 460 1899 alium
477 1839 593 1901 efficiat.
617 1837 686 1913 Πᾶς
706 1840 777 1922 γοῦν
797 1835 922 1923 ποιητής
941 1836 1078 1920 γίγνεται,
1100 1833 1154 1924 κᾷν
1174 1833 1304 1919 ἄμουσος

88 1925 160 2018 pirri
186 1935 269 2020 πρὶν,
297 1925 334 1999 οὗ
358 1930 395 1999 ἂν
412 1931 507 2021 Ἔρως
533 1932 660 2023 ἅψηται·
687 1957 719 2002 ut
741 1957 783 2003 est
808 1945 840 2003 in
863 1939 1031 2023 Euripideis

638 2036 762 2125 ποιητήν
783 2037 811 2103 δ’
831 2033 891 2124 ἄρα

315 2136 411 2227 Ἔρως
431 2137 574 2221 διδάσκει,
596 2141 651 2232 κᾷν
671 2140 800 2225 ἄμουσος
820 2136 846 2232 ᾖ
864 2139 902 2206 td
923 2141 1001 2228 πρίν.
1024 2144 1056 2225 3)

85 2241 149 2316 Quis
166 2247 278 2322 nescit,
295 2245 434 2306 disertum
452 2249 573 2308 evadere
591 2263 619 2309 et
638 2250 748 2309 clarum
757 2294 766 2324 ,
796 2248 847 2328 qui
871 2268 994 2308 amorem
1011 2247 1116 2307 hebeat
1131 2261 1300 2329 praecepto-

79 2358 153 2419 rem,
175 2345 226 2424 qui
246 2365 314 2407 vero
331 2346 394 2422 ejus
411 2344 491 2405 haud
509 2347 652 2427 particeps
670 2347 707 2406 sit
717 2392 725 2422 ,
746 2347 779 2405 in
796 2345 919 2407 obscuro
937 2346 1048 2406 latere?
1079 2348 1141 2406 Hoc
1158 2346 1232 2407 duce
1251 2348 1301 2406 Dii

68 2433 254 2503 'invenerunt
280 2456 371 2517 artes,
401 2445 537 2502 musicam
556 2446 661 2526 Apollo
679 2458 708 2504 et
725 2445 844 2520 Musae,
864 2445 1002 2504 aerariam
1021 2444 1189 2520 Vulcanus,
1209 2459 1300 2504 texto·

70 2531 148 2597 rium
164 2541 309 2604 Minerva.
350 2541 462 2600 Politice
479 2541 549 2601 haec
569 2543 696 2622 Agath03
719 2542 770 2602 sed
792 2542 880 2603 dictis
905 2541 1038 2616 addidit,
1069 2541 1227 2624 cupiditate
1246 2543 1299 2602 hoc

68 2626 184 2695 lactum
208 2659 267 2699 esse
296 2653 324 2698 et
351 2660 444 2698 amore
469 2639 582 2721 pulcri,
608 2637 772 2719 ἐπιθομίας
792 2639 841 2702 καὶ
862 2633 972 2722 ἔρωτος
991 2633 1237 2720 ἡγεμονεύσαντος
1258 2678 1297 2688 -

65 2716 190 2809 ἔρωτος
211 2729 403 2817 ἐγγενομένου
423 2728 557 2812 κάλλους.
579 2740 610 2823 4)
637 2744 708 2802 Nam
727 2742 797 2802 baec
817 2756 859 2802 est
878 2744 910 2801 in
928 2741 1045 2802 homine
1064 2743 1107 2802 vis
1125 2744 1246 2819 amoris,
1268 2759 1299 2803 ut

62 2844 147 2902 (luae
166 2839 270 2898 insitae
288 2852 357 2898 sunt
375 2840 402 2898 ei
422 2839 591 2914 facultates,
610 2840 773 2900 excitentur
793 2861 891 2900 omnes
910 2855 938 2900 et
957 2840 1159 2922 explicentur,
1174 2842 1299 2922 proferat

60 2921 137 3002 iPssc
151 2950 181 2995 et
196 2937 278 3016 quasi
299 2937 410 3019 pariat,
431 2959 616 3019 quaecunque
636 2960 652 2999 a
671 2940 778 2999 teneris
802 2939 919 3019 ingenio
942 2940 1094 3019 animoque
1116 2940 1298 3021 conceperit,

59 3019 199 3114 ‘detque
215 3036 256 3095 ita
275 3036 308 3095 in
319 3035 422 3096 'lucem
439 3037 559 3097 inventa
573 3038 815 3118 praeclarissima,
830 3052 858 3097 et
876 3038 931 3128 ipsi
950 3037 1109 3098 honorifica
1126 3052 1154 3098 et
1172 3036 1299 3098 humano

58 3132 171 3194 teneri
189 3132 385 3194 saluberrima.
434 3134 492 3196 Sed
509 3135 671 3216 explicabit
686 3138 740 3197 hoc
760 3137 845 3197 nobis
862 3128 998 3196 didrtius
1017 3137 1078 3218 ipsa
1095 3137 1229 3198 Diotime.

238 3327 393 3409 Quaenam
404 3339 597 3409 potissimum
615 3290 673 3394 illo
694 3344 780 3411 sunt,
797 3325 876 3412 quae
893 3340 1010 3411 oppam
1025 3333 1135 3427 optor?

105 3525 212 3585 «Haeo
232 3522 338 3606 igitur,
356 3527 471 3608 inquit,
490 3530 595 3589 amoris
613 3543 654 3589 est
672 3543 783 3590 natura.
825 3530 884 3589 Nec
912 3528 1015 3611 pulcer
1041 3542 1083 3587 est
1103 3549 1155 3588 nec
1180 3527 1293 3604 bonus,

58 3619 91 3669 “l
116 3629 223 3706 poiitae
241 3628 368 3700 cadunt,
389 3625 440 3685 sed
456 3627 565 3708 appetit
585 3640 736 3706 utrumque
753 3642 782 3687 et
799 3628 977 3707 assequitur:
999 3627 1109 3707 appetit
1128 3625 1213 3684 simul
1231 3626 1299 3685 feli-

58 3704 298 3802 ci&itemquae
318 3722 364 3783 his
381 3740 578 3805 comparatur:
600 3727 658 3785 imo
680 3726 749 3786 baec
777 3725 834 3784 sibi
854 3724 950 3784 studet
972 3725 1006 3783 in
1023 3739 1193 3807 perpetuum
1218 3745 1291 3783 com·

58 3818 183 3881 Parare.
224 3820 280 3881 Sed
298 3821 368 3881 haec
387 3825 520 3885 universe
539 3825 575 3884 dc
594 3845 686 3884 amore
705 3825 782 3884 dicta
802 3837 895 3883 sunto.
936 3824 1084 3897 Quaenam
1106 3845 1173 3883 vero
1196 3842 1292 3881 eorum

58 3915 106 3969 ⁸⁸²
128 3916 282 3993 conditio,
300 3920 373 3998 quid
389 3936 493 4001 agunt,
514 3943 570 4001 quo
589 3922 788 3997 contendunt,
812 3922 862 4001 qui
884 3922 1000 4003 proprie
1019 3920 1158 3982 dicuntur
1176 3922 1293 3980 amare?

58 4048 330 4083 x*-

92 4155 359 4230 emme

88 4240 339 4311 emme

87 4322 129 4397 θ)
148 4330 209 4383 Vid.
227 4331 316 4384 Vulck.
336 4333 417 4386 Diatr.
436 4349 461 4400 p.
477 4331 535 4382 207.

90 4412 358 4486 emme
