2796 5048
730 234 771 291 0t

121 398 162 458 do
182 397 314 455 tribuere
333 406 379 453 art
397 396 443 458 vel
462 416 519 452 non
538 402 581 450 cat
600 392 731 452 solemus.
774 393 808 451 ln
830 391 909 449 omui
928 388 998 447 haec
1019 404 1158 446 sermone
1183 397 1353 464 usurpantur,

120 497 229 575 qnippe
245 494 408 552 communia
426 490 569 552 omnibus.
611 491 689 548 llaec
708 491 815 571 igitur,
826 490 858 547 in
869 486 969 569 primis
988 482 1077 543 ideae
1098 482 1227 564 proprie
1246 481 1286 539 sic
1304 480 1352 539 dic·

120 607 183 666 tac,
204 585 241 651 td
258 585 330 651 ὄντα
347 605 435 665 sunt,
461 611 534 669 quae
563 609 643 648 mens
663 602 760 647 nostra
779 589 842 668 ipsa
862 606 915 665 per
945 603 1023 658 sese,
1052 582 1119 641 sine
1138 600 1280 639 sensuum
1295 599 1354 659 ope,

120 692 265 773 percipit,
287 691 408 751 adhibet
424 702 519 747 antem
537 685 745 773 cognoscendis
760 682 986 763 judicandisque
1001 679 1113 754 rebus,
1133 698 1212 757 quas
1230 698 1281 758 per
1300 696 1354 735 sen-

126 810 173 845 sus·
193 789 363 869 perceperit.
407 784 442 843 ld
461 782 539 842 illud
558 796 616 856 est,
635 783 738 860 quod
730 805 762 841 ιιι
784 781 995 860 elegantissima
1021 777 1116 835 animi
1138 795 1211 834 cum
1229 770 1354 835 ceresiu-

125 882 241 968 μαγειίρ
260 884 472 964 comparatione
495 880 532 938 de
544 880 723 959 sapientibus
742 880 820 939 dixit
830 898 964 957 ,nosque
982 872 1234 937 attendendum
1225 893 1258 931 ιιι
1272 876 1355 955 prinis

127 986 275 1045 duximus.
321 978 526 1059 «Vulgaribus
545 977 730 1053 hominibus,
755 978 870 1056 inquit,
900 975 948 1037 rel
968 974 1095 1033 densum
1111 963 1153 1030 td
1175 962 1250 1048 κέαρ
1267 970 1354 1033 ested

122 1082 299 1141 lutulentum
319 1079 367 1139 vel
384 1074 472 1135 molle
491 1076 578 1133 nimis
598 1075 646 1136 tel
672 1075 796 1149 durum,
826 1088 857 1132 ut
876 1092 1011 1131 sensuum
1028 1072 1065 1129 in
1087 1092 1123 1129 eo
1143 1072 1235 1149 signa
1250 1068 1351 1127 obscura

120 1181 196 1239 sint·
189 1186 370 1258 ,sapienter
398 1195 484 1247 aare,
510 1195 579 1230 euna
599 1174 687 1231 clara
711 1175 782 1230 haee
803 1180 879 1249 ipris
906 1178 970 1228 sirit
989 1179 1019 1228 et
1038 1176 1077 1227 in
1097 1169 1212 1248 amplo
1232 1172 1352 1245 ragione,

118 1280 244 1357 ringula
261 1279 438 1335 celeriter
425 1294 459 1331 ru
480 1291 551 1330 aeas
580 1291 712 1348 quaeque
739 1269 854 1349 qfflgiea
882 1270 1096 1342 distribuunt,
1126 1284 1211 1341 quaa
1229 1283 1300 1324 οντα
1317 1286 1354 1321 ιι·

125 1376 272 1434 eurrlurss'
295 1372 325 1454 l)

166 1475 254 1532 Hunc
275 1473 365 1551 igitur
384 1469 417 1526 in
435 1465 552 1527 modum
571 1464 673 1539 Plato,
690 1465 727 1524 ab
747 1464 942 1523 Eleaticorum
961 1461 1112 1541 profectus
1134 1458 1212 1542 περὶ
1226 1450 1308 1523 τοῦ”
1292 1480 1355 1531 onte

127 1570 262 1651 placitis,
285 1589 317 1626 eo
347 1566 517 1647 pervenit,¹
534 1584 594 1621 non
617 1576 668 1637 ut,
688 1564 785 1643 prouti
816 1561 881 1635 itti,
908 1561 961 1620 vir
980 1559 1072 1619 ullam
1088 1560 1222 1622 haberet
1240 1581 1354 1623 sensum

121 1668 281 1741 rationem,
304 1685 357 1723 uec
367 1708 377 1739 ,
396 1661 512 1725 hercle!
546 1674 578 1718 ut
605 1660 741 1740 sophistis
761 1658 896 1739 plaqebat
906 1701 915 1732 ,
944 1656 1040 1716 omnia
1060 1658 1101 1718 iis
1128 1659 1298 1734 tribueret,
1318 1654 1354 1717 sed

120 1786 199 1824 suam
220 1763 352 1823 sensibus
369 1762 430 1821 vim
448 1756 628 1832 concedens,
645 1778 783 1816 summam
802 1755 943 1815 tribueret
961 1755 1053 1813 menti
1073 1755 1114 1815 ad
1136 1758 1208 1819 veri
1227 1756 1354 1817 scientia!

121 1863 328 1920 ntrctoritatcm.
371 1857 485 1932 Quibus
505 1857 660 1936 expositis,
689 1868 807 1934 quaerat
835 1854 884 1912 htc
905 1854 1023 1912 fortasse
1042 1852 1183 1933 aliquis,
1206 1855 1265 1915 utri
1278 1852 1352 1936 philo

120 1959 280 2039 sophorum
309 1958 408 2037 generi
437 1955 538 2029 Plato,
566 1954 692 2032 sceptico
719 1974 757 2009 an
779 1951 959 2031 dogmatico,
985 1951 1198 2011 accensendus
1217 1953 1265 2013 sit.
1300 1952 1354 2011 Nan

122 2057 295 2115 recentiores
317 2054 505 2113 Academicos
525 2051 670 2123 vidimus,
681 2050 813 2128 quamvis
831 2071 891 2107 non
909 2050 1006 2108 minus
1024 2069 1114 2126 quam
1135 2063 1255 2111 veteres
1268 2051 1299 2109 in
1307 2048 1352 2107 Ple

123 2156 200 2215 tonis
226 2150 436 2211 successoribus
469 2148 682 2221 numerandos,
711 2165 826 2227 prorsus
847 2146 936 2205 fuisse
955 2145 993 2205 ad
1011 2147 1219 2227 scepticorum
1236 2148 1354 2207 ratione·

122 2272 245 2333 pronos:
267 2250 337 2307 hacc
357 2259 454 2305 antem
471 2245 602 2304 Platonis
619 2244 656 2302 de
683 2258 779 2301 mente
797 2258 825 2302 et
844 2243 966 2303 scientid
984 2242 1120 2303 doctrina
1143 2243 1353 2325 dogmaticam!

130 2349 265 2408 videatur
294 2345 435 2403 rationem
463 2343 579 2401 referre.
610 2344 674 2415 Quo
702 2341 820 2422 plenius
849 2340 1008 2420 aliquando
1027 2340 1167 2401 Platonis
1190 2341 1352 2403 absolvamus

125 2465 191 2503 cum
210 2441 345 2522 sophistis
364 2439 523 2520 priscisque
542 2439 723 2520 philosophis
741 2439 1001 2519 comparationem,
1020 2457 1125 2518 operae
1145 2441 1278 2521 pretium
1291 2438 1352 2501 ride

124 2541 224 2601 turin
244 2539 319 2598 hanc
341 2558 401 2596 rem
420 2537 576 2616 inquirere.

464 2732 740 2811 Seepticisne
763 2731 1042 2809 pbilosophis

268 2833 417 2906 Plato,
445 2853 494 2888 an
525 2832 785 2909 dogmaticis
813 2830 1105 2888 accensendus
1131 2832 1231 2890 eet?
1315 2876 1320 2885 .

166 3028 242 3085 Mihi
263 3027 382 3103 quidem
399 3026 515 3107 proprie
535 3024 646 3083 neutris
662 3045 721 3082 esse
740 3022 939 3082 accensendus
958 3021 1088 3084 videtur.
1110 3020 1145 3103 2)
1167 3025 1349 3103 anfuderunt

128 3124 277 3183 Platonem
288 3124 438 3202 ipsumque
457 3123 528 3182 adeo
547 3121 691 3181 Socratem
701 3121 844 3180 Arcesilas
855 3124 973 3199 ejusque
991 3133 1150 3180 sectatores
1162 3145 1234 3183 cum
1242 3123 1348 3207 philoso-

128 3222 194 3301 phis
206 3265 214 3293 ,
225 3220 274 3296 qui
286 3241 445 3281 asseverare
457 3219 536 3279 nihil
547 3265 555 3293 ,
566 3219 603 3277 dc
614 3220 749 3278 omnibus
760 3218 896 3277 dubitare
917 3218 1057 3277 solebant.
1101 3221 1182 3280 Nam
1201 3243 1259 3302 quo
1266 3220 1349 3281 cenius

127 3316 333 3401 persuaderent
343 3316 608 3398 discipulisplaeita
619 3339 679 3391 sua,
691 3318 890 3376 auctoritatem
902 3317 938 3375 iis
948 3316 1117 3394 conciliare,
1129 3319 1221 3380 abusi
1230 3334 1349 3380 tantm

126 3414 366 3497 philosophorum
378 3413 557 3487 nominibus,
569 3414 736 3474 studebant.
766 3416 824 3474 Nec
837 3436 906 3474 vero
917 3415 949 3474 id
960 3428 1064 3474 temere
1085 3437 1174 3496 agere
1186 3416 1349 3479 videbantur.

127 3513 391 3573 Celebratissimum
402 3513 438 3571 iis
452 3512 628 3593 temporibus
644 3527 704 3570 crat
713 3558 722 3587 ,
732 3527 764 3572 ut
773 3513 918 3593 hodieque
929 3528 970 3573 est
981 3558 989 3588 ,
999 3512 1127 3572 Socratis
1138 3516 1277 3590 effatum,
1290 3510 1349 3569 nite

128 3632 157 3669 sa
175 3618 262 3670 seire.
292 3610 378 3684 Quod
396 3612 436 3669 sic
455 3609 738 3690 interpretabantur,
754 3612 835 3688 quasi
855 3632 959 3692 parens
971 3609 1182 3691 philosophiae
1195 3614 1349 3672 incertaestt

130 3708 226 3766 omnia
245 3708 440 3768 contendisset
469 3728 523 3766 nec
549 3707 661 3766 homini
690 3707 795 3765 iccirco
815 3709 974 3786 quidquam
994 3705 1141 3768 affirmare
1159 3709 1262 3770 licere.
1291 3707 1350 3767 Plato

129 3816 305 3862 autemeam
324 3806 356 3863 in
377 3806 491 3886 scriptis
503 3806 562 3863 suis
579 3805 650 3863 haec
666 3818 852 3884 usurpantem
872 3805 1015 3865 Socratem
1033 3805 1211 3868 induxisset
1230 3807 1351 3889 3),nqn

130 3904 190 3982 ipse
208 3902 355 3979 inquirere
374 3902 407 3960 in
427 3925 471 3961 res
490 3924 587 3963 omnes
608 3903 711 3981 magis,
740 3923 826 3980 quam
845 3902 882 3960 de
901 3903 938 3961 iis
956 3916 1078 3961 statuere
1099 3905 1276 3982 videretur,
1292 3906 1350 3963 tunc

106 4016 110 4023 ·
132 4000 239 4079 pariter
258 4020 312 4057 nec
330 3999 459 4075 minore,
472 4015 503 4058 ut
517 3998 748 4073 arbitrabantur,
762 4000 829 4077 jure
846 4000 980 4081 scepticis
997 4004 1253 4066 annumerabant.
1272 4004 1352 4063 Secu·

132 4168 385 4176 ——.-.-------

167 4234 192 4302 ι)
214 4238 307 4287 ranae.
327 4236 383 4287 ica.
398 4236 428 4288 n.

166 4319 192 4383 2)
212 4322 402 4382 Quaesiverunt
422 4322 561 4373 haedere
577 4324 682 4390 antiqui.
705 4323 743 4375 ct.
765 4325 857 4375 Sextus
873 4325 971 4392 Erupit.
989 4325 1007 4376 1.
1024 4323 1067 4375 33.

166 4406 191 4468 3)
211 4409 267 4458 vin.
286 4409 357 4475 Apol.
376 4410 446 4459 Sorr.
464 4407 506 4456 20.
524 4407 553 4456 Ῐ).
567 4407 597 4457 21
615 4409 644 4457 Ι).
