2796 5048
654 249 713 309 433
768 244 779 265 ⁴

62 404 199 472 dandum
217 409 303 470 nobis
321 409 462 492 placitum
483 409 613 470 Platonis
633 425 691 486 est,
712 429 769 489 quo
789 411 860 468 haec
874 411 998 470 maxime
1009 413 1302 496 commendaturger-

63 509 148 569 mani
163 507 332 590 philosophi
349 505 543 584 verecundia,
572 510 731 587 iqfiot’tam
751 531 812 569 osse
842 511 972 569 hominis
991 511 1032 569 od
1051 519 1211 573 ceritatem
1229 537 1302 594 pro-

59 628 262 689 gresseonsm.
1068 630 1070 635 .

248 801 332 863 Cur
351 806 570 865 scientias
596 799 802 863 humanos
828 808 1037 867 terminos
1057 829 1129 866 uon

524 911 673 980 posuit
701 902 855 961 Plato?

51 1152 54 1157 .
109 1090 184 1156 Nam
204 1095 393 1178 metaphysici
414 1097 601 1180 philosophi,
633 1116 724 1178 quum
745 1116 761 1157 a
782 1093 902 1161 divinae
922 1114 1043 1159 naturae
1064 1095 1237 1159 delinitione
1258 1111 1307 1159 ar-

60 1195 301 1276 gumentationes
328 1194 487 1271 ducerent,
516 1194 643 1276 indeque
673 1197 883 1257 descenderent
913 1196 951 1257 ad
971 1211 1106 1257 naturam
1133 1197 1309 1264 humanam,

61 1293 153 1353 illam
171 1292 319 1353 infinitam
346 1294 507 1369 continuo,
537 1294 613 1354 banc
644 1295 810 1355 notissimis
830 1294 941 1354 finibus
959 1296 1209 1376 circumscriptam
1230 1296 1310 1354 cobi-

62 1390 217 1469 bitamque
235 1390 384 1451 dicebant.
426 1391 509 1452 Plato
530 1413 619 1468 vero,
650 1393 689 1454 ad
709 1392 833 1453 Socratis
854 1393 899 1452 sui
928 1394 1113 1474 exemplum,
1135 1392 1171 1451 ab
1193 1392 1310 1452 bomine

49 1509 172 1564 orsus,
191 1489 341 1570 explorato
368 1490 400 1549 in
421 1489 506 1550 nobis
540 1491 675 1551 infinitae
704 1491 893 1573 perfectionis
923 1491 1019 1552 stralio
1041 1505 1069 1552 et
1098 1491 1219 1565 ardore,
1240 1490 1311 1550 huic

10 1634 20 1653 .
61 1585 165 1649 studio
192 1601 415 1648 consentaneam
441 1602 574 1648 natmnm
606 1604 731 1650 nostram
763 1589 965 1665 existimabat,
985 1591 1151 1670 pariterque
1183 1588 1310 1648 habebat

62 1685 216 1745 infinitam
239 1683 277 1766 1).
299 1685 386 1760 Quod
406 1700 503 1746 autem
523 1688 674 1747 scientiam
689 1689 793 1747 attinet
805 1701 950 1763 nostram,
966 1689 998 1747 in
1019 1686 1230 1748 recentioribus
1239 1686 1309 1768 phi-

61 1783 206 1872 losopbis·
215 1783 322 1859 multi,
344 1798 376 1844 ut
396 1784 524 1844 vidimus
543 1782 593 1865 2),
614 1785 810 1858 substantias,
829 1786 987 1860 monades,
1008 1786 1164 1861 essentias,
1185 1778 1309 1863 acccipe-

60 1906 103 1946 να
124 1881 236 1943 naturis
255 1881 398 1960 rebusque
419 1883 512 1941 inesse
532 1883 671 1964 suspicati
691 1899 776 1959 sunt,
802 1904 875 1963 quae
891 1886 952 1943 Deo
971 1898 1123 1965 paterent,
1144 1885 1312 1947 bominibus

64 2006 157 2059 vero,
178 2004 230 2065 per
249 2000 351 2040 sensus
370 1979 431 2038 fere
451 2000 496 2039 res
517 1982 779 2061 cognoscentibus,
801 2003 860 2042 non
885 1995 1027 2062 paterent.
1069 1981 1118 2043 Sic
1139 1998 1241 2065 sponte
1260 2006 1312 2045 co-

50 2083 193 2167 ¹guiticni
213 2079 407 2156 scientiaeque
424 2078 567 2139 humanae
586 2081 724 2140 terminos
744 2063 902 2162 ponebant.
944 2079 1002 2139 Sed
1027 2076 1129 2156 Plato,
1149 2102 1238 2161 quum
1249 2127 1257 2157 ,
1278 2098 1310 2142 ut

58 2185 135 2244 item
153 2179 299 2258 vidimus,
320 2176 365 2235 nil
386 2176 444 2235 tale
464 2176 502 2237 de
523 2181 636 2238 naturis
656 2179 798 2257 rebusque
820 2177 1035 2257 suspicaretur,
1053 2178 1106 2238 sed
1124 2180 1245 2239 referret
1264 2180 1302 2240 ad

60 2281 160 2360 ipsum
187 2278 318 2338 animum
339 2264 380 2336 τᾶ
402 2267 562 2355 νοούμενα,
584 2299 643 2338 esse
667 2297 701 2336 ea
722 2275 898 2356 perhibens,
924 2295 997 2353 quae
1018 2296 1100 2335 mens
1120 2297 1173 2356 per
1193 2297 1222 2335 se
1243 2278 1306 2358 ipsa

59 2375 150 2438 oculo
169 2375 222 2436 illo
242 2396 294 2435 suo
315 2391 530 2454 assequeretur,
549 2388 609 2436 non
619 2373 745 2434 habebat
755 2393 946 2454 magnopere,
963 2393 1015 2460 cur
1032 2375 1200 2434 termina-ret
1209 2376 1301 2434 scien·

50 2475 137 2541 tiam
152 2487 289 2534 nostram.
330 2472 434 2535 Kantii
453 2474 579 2534 insulam
593 2472 815 2533 memoravimus
831 2472 864 2531 in
882 2468 1127 2550 praecedentibus
1142 2470 1184 2552 3).
1226 2475 1305 2533 Duas

58 2573 116 2633 ille
136 2572 228 2631 menti
249 2572 373 2647 formas,
393 2586 506 2653 tempus
527 2585 556 2631 et
584 2571 731 2656 spatium,
763 2569 887 2647 itemque
914 2562 1071 2646 categorias
1093 2569 1206 2630 tribuit.
1248 2573 1306 2632 Res

54 2690 181 2744 omnes,
199 2669 307 2748 ajebat,
327 2691 399 2749 quas
417 2691 470 2751 per
490 2669 558 2729 illas
578 2667 703 2750 percipit
729 2686 828 2740 mens,
850 2677 982 2724 accurate
1001 2685 1171 2744 cognoscere
1191 2668 1304 2728 bomini

58 2770 143 2831 licet.
182 2767 241 2827 Sed
263 2766 359 2841 idem,
396 2769 420 2827 si
451 2767 524 2828 lines
554 2766 608 2827 bos
634 2765 811 2845 cognitionis
848 2762 992 2822 humanae
1021 2764 1165 2843 migrans,
1204 2765 1306 2835 relicti

55 2867 115 2928 bac
134 2865 227 2929 veluti
246 2865 344 2925 insuld
375 2864 491 2939 nostra,
518 2865 576 2925 alio
597 2862 679 2930 relit¹
697 2861 868 2943 procedere,
900 2882 937 2920 ne
959 2861 992 2918 in
1014 2862 1068 2920 hoc
1089 2863 1303 2944 metaphysicae

57 2963 192 3045 vulgaris
205 2984 312 3023 oceano
331 2964 515 3043 naufragium
538 2962 654 3036 faciat,
684 2958 846 3037 verendum
865 2973 916 3033 est.
959 2959 1040 3034 Quid
1061 2957 1098 3018 de
1118 2960 1177 3040 hac·
1194 2961 1300 3023 Kantii
1358 2978 1363 2986 ⁴

55 3062 197 3123 doctrina
216 3061 401 3121 statuendum
410 3063 467 3137 sit,
486 3060 538 3120 alii
555 3057 745 3139 judicabunt.
787 3058 869 3116 Plato
885 3058 1016 3117 nondum
1028 3057 1096 3117 dact
1107 3060 1200 3140 ,opera
1215 3082 1301 3140 quae·

54 3162 162 3221 sivisse
181 3159 218 3218 de
236 3173 362 3240 tempore
381 3173 409 3218 et
428 3160 520 3240 spatio
539 3158 675 3232 videtur,
701 3153 780 3235 quod
797 3155 867 3214 fecit
895 3156 1062 3215 Aristoteles
1082 3154 1123 3236 lt).
1165 3157 1197 3217 Si
1215 3180 1301 3239 quae·

53 3250 188 3332 sivisset,
208 3258 341 3316 notiones
359 3257 411 3317 has
429 3257 534 3316 mentis
549 3277 608 3316 esse
629 3255 782 3336 reperisset
811 3255 948 3330 fortasse,
975 3276 1046 3333 quas
1066 3256 1214 3316 cernendo
1233 3279 1299 3315 con·

52 3357 199 3436 sequitur.
244 3359 316 3417 Cum
338 3377 406 3416 vero
435 3355 538 3414 harum
559 3353 703 3414 limitibus
723 3353 881 3412 formarum
902 3376 961 3413 non
984 3352 1133 3413 cohiberet
1154 3356 1298 3434 cognitio-

54 3476 128 3515 nem
154 3467 297 3529 nostram,
318 3453 405 3512 talem
430 3452 515 3513 nobis
535 3452 661 3520 insulam
681 3449 790 3510 talibus
810 3450 961 3511 definitam
981 3450 1114 3508 terminis
1133 3451 1295 3531 nondesig·

52 3555 144 3616 navit
160 3551 201 3634 5).
243 3555 392 3614 Caeterum
417 3570 516 3610 sensus
536 3548 615 3630 apud
636 3568 721 3624 eum,
749 3549 859 3623 fateor,
881 3533 1088 3628 impedimenta
1109 3561 1178 3606 sunt
1198 3551 1296 3629 cogni-

89 3743 119 3810 1)
136 3745 237 3799 Passim
253 3745 282 3797 id
298 3743 388 3804 Plato.
417 3742 558 3809 praecipuo
583 3749 669 3804 antem
686 3743 712 3794 in
738 3741 872 3808 praeclaro
899 3740 1030 3793 domimi
1048 3749 1140 3794 natura
1158 3758 1298 3808 sermone,

51 3831 204 3897 contendit,
223 3830 317 3883 rtem
339 3827 374 3881 83
392 3836 418 3880 et
435 3827 477 3880 84„
497 3825 537 3880 ct.
556 3828 587 3879 de
603 3828 666 3896 λῳ.
683 3827 714 3879 Χ.
733 3824 792 3878 611.
810 3826 889 3878 Initio
905 3842 934 3893 p·
951 3823 993 3877 ts.

90 3914 119 3983 2)
137 3918 216 3971 lotitia
231 3934 257 3986 p.
275 3915 341 3991 3⁷⁷5

88 4000 118 4067 3)
136 4005 199 4075 Eat

88 4094 116 4161 l)
135 4076 328 4171 Περὶτὸπου,
345 4106 432 4145 rernm
450 4086 476 4143 in
495 4085 585 4159 primis
604 4090 766 4158 physicorum
784 4088 998 4155 rationehabita,
1018 4090 1045 4141 io
1057 4089 1197 4141 Ascscuttat
1215 4091 1292 4159 Phys.

52 4196 99 4251 lv.
137 4196 213 4250 1-5:
239 4187 308 4271 περὶ
327 4178 436 4271 χρόνω
461 4197 512 4247 coel.
531 4186 573 4245 10.
1034 4193 1042 4206 ·

88 4286 115 4354 5)
135 4290 239 4362 Plenius
256 4292 333 4344 nobis
352 4290 621 4358 demumtcompnrare
639 4303 695 4342 cum
713 4284 847 4342 Platonica
871 4289 1038 4357 philosophia
1061 4285 1212 4339 Kantianam
1229 4286 1294 4339 lice-

50 4376 110 4440 bit,
131 4375 190 4439 obi,
209 4377 234 4426 in
255 4376 423 4444 philosophia
436 4374 517 4443 justi,
537 4375 919 4442 terminatumque
942 4375 1078 4425 Platonem
1095 4373 1296 4424 moestitudines

50 4461 286 4529 exploraverimus.
1073 4523 1113 4582 28
1197 4454 1200 4461 ’
