2796 5048
679 232 753 292 tta.

108 398 169 459 De
188 409 342 459 artium
362 408 405 458 ιἰι
426 407 632 475 civitate,
653 401 701 458 cd
720 406 853 478 ipram
873 410 990 458 recto
1012 422 1107 459 acco
1123 401 1311 476 landam,

506 505 925 575 οιίίοιιιεονίιιιιο.Ι
1003 569 1006 577 Ι

124 693 202 756 Nam
230 694 356 756 musicae
383 693 501 774 quidem
534 694 615 753 Plato
643 695 719 755 hanc
750 695 855 754 tribuit
883 695 915 753 in
944 715 1004 752 rem
1030 693 1183 775 publicam
1214 697 1274 757 vim
1301 709 1329 755 et

77 795 287 855 auctoritatem
297 838 307 868 ,
320 807 360 853 ut
380 795 575 874 pronunciare
593 791 676 852 haud
705 807 853 855 vereretur
884 785 964 866 εἶδος
984 787 1042 875 ydp
1066 788 1169 855 καινόν
1186 793 1330 876 μουσικῆς

76 885 294 973 μεταβάλλειν,
312 884 512 973 εὐλαβητέον,
529 886 570 964 ὠς
591 886 622 952 ἕν
642 883 702 976 ὅλῳ
715 887 929 955 κινδυνεύοντα·
948 887 1084 974 οὐδαμοῧ
1103 890 1166 977 γάρ
1186 897 1330 958 κινοῦνται

77 993 233 1077 μουσικῆς
262 988 367 1076 τρόποι
390 988 459 1055 ἄνευ
476 994 631 1055 πολιτικῶν
654 988 757 1073 νόμιον
782 996 844 1056 τῶν
866 995 1022 1078 μεγίστων
1043 992 1088 1058 ne·
1110 1023 1219 1060 nocam
1241 1001 1329 1058 indu·

77 1120 192 1158 camur
213 1106 346 1158 musicae
365 1105 509 1174 maciem,
529 1099 694 1156 cavendum
705 1143 714 1172 ,
734 1105 842 1176 quippe
866 1109 1002 1159 vertitur
1019 1108 1052 1158 in
1072 1124 1103 1159 co
1123 1121 1229 1159 rerum
1250 1121 1329 1160 aum-

77 1219 156 1259 ms
184 1218 333 1275 nusquam
359 1203 442 1255 enim
471 1203 605 1255 musicae
633 1198 712 1255 modi
736 1207 920 1273 mutantur,
946 1207 1020 1277 quin
1046 1210 1209 1259 mutentur
1235 1199 1330 1258 ιίηιιιί

78 1297 167 1378 lagae
193 1301 331 1355 civitatis
356 1302 569 1376 gravissimae.
602 1293 631 1375 l)
674 1293 760 1370 Quod
780 1295 921 1375 placitum
941 1299 1088 1374 Platonis,
1110 1313 1209 1380 utpote
1229 1319 1245 1357 a
1266 1317 1329 1354 mo-

77 1379 169 1455 ribus
187 1393 339 1454 nostriset
355 1392 486 1474 politicis
504 1394 646 1452 institutis
664 1394 793 1452 alienum
814 1395 902 1475 plane
925 1411 954 1456 et
971 1396 1150 1474 abhorrens,
1171 1395 1328 1456 multorum

79 1505 115 1553 et
132 1504 261 1551 mentem
285 1490 413 1552 advertit
433 1491 591 1550 recentiore
620 1505 711 1551 aetate
730 1505 758 1550 et
779 1513 848 1552 vero
868 1493 997 1554 studium
1018 1495 1158 1556 excitavit
1177 1492 1327 1552 vehemen-

79 1604 149 1666 ter,
181 1602 214 1648 ut
240 1589 432 1670 probabiliter
458 1589 491 1649 id
516 1610 553 1648 er
578 1589 761 1669 antiquitatis
789 1591 901 1679 ratione
929 1593 1121 1675 explicarent.
1168 1592 1260 1652 Nobis
1280 1612 1327 1649 ex·

74 1687 197 1773 plicari.
209 1687 444 1769 idemplacitum
462 1686 602 1748 facillime
617 1687 698 1768 pos'se
711 1687 844 1764 videtur,
855 1691 999 1770 siquidem
1018 1693 1113 1773 ipsum
1131 1693 1158 1751 ei
1177 1690 1326 1749 Platonem

77 1785 272 1867 interpretem
297 1785 526 1845 adhibuerimus.
569 1787 641 1845 Nam
672 1795 805 1846 musicae
833 1789 950 1849 nomine
982 1789 1111 1849 Socrates
1139 1787 1217 1869 apud
1241 1786 1326 1847 illum

76 1904 200 1946 omnem
223 1883 424 1965 complectitur
444 1885 563 1965 poisin:
593 1886 696 1966 poesin
725 1898 820 1944 autem
851 1885 889 1945 ad
916 1908 961 1946 res
989 1907 1099 1961 sacras,
1120 1887 1159 1948 ad
1182 1887 1325 1966 hymnos,

76 1982 193 2064 quibus
218 1984 268 2043 Dii
297 1982 496 2059 celebrantur,
518 1983 555 2043 ad
583 1984 698 2044 fabulas
724 1985 876 2064 antiquas,
902 2006 975 2064 quae
1005 1984 1124 2065 hymnis
1149 1984 1326 2062 caeterisque

76 2077 264 2142 carminibus
291 2083 500 2166 continentur,
530 2103 708 2162 quarumque
732 2084 776 2142 vis
805 2105 908 2164 magna
929 2097 971 2143 est
989 2104 1055 2144 cum
1074 2081 1113 2143 ad
1133 2080 1325 2142 excolendum

77 2193 147 2241 tum
174 2180 260 2240 etiam
288 2179 327 2240 ad
356 2178 604 2262 corrumpendum
628 2203 784 2262 puerorum
803 2183 952 2242 animum:
974 2182 1102 2245 adhaec
1122 2182 1231 2261 igitur,
1251 2199 1326 2259 quae

79 2290 195 2342 tantam
221 2278 280 2336 vim
299 2278 332 2336 in
351 2291 501 2358 utramque
521 2294 632 2360 partem
656 2280 695 2340 ad
715 2302 806 2340 mores
826 2280 993 2341 formandos
1009 2280 1137 2355 habent,
1159 2279 1247 2339 refert
1259 2299 1327 2336 ma-

81 2375 176 2436 xime.
215 2373 326 2450 Quodsi
352 2376 482 2436 moribus
510 2379 614 2452 unice,
636 2378 674 2437 de
694 2379 823 2458 ejusdem
841 2380 1003 2455 sententia,
1025 2392 1082 2439 stat
1095 2379 1217 2453 civitas,
1236 2397 1326 2456 quan·

78 2488 147 2545 tum
170 2470 283 2533 efficere
311 2474 349 2534 ad
378 2495 440 2533 eam
464 2476 698 2536 commovendam
722 2477 963 2557 evertendamque
981 2476 1328 2555 hujuscemodi-musicae

78 2573 233 2652 corruptio
250 2571 374 2649 debeat,
396 2572 587 2653 intelligimus
605 2587 716 2655 sponte.
752 2573 815 2657 ,Sed
835 2576 930 2656 ipsum
951 2574 1103 2634 audiamus
1121 2575 1274 2633 Socratem.

123 2668 231 2729 Indole
259 2670 348 2751 igitur
385 2671 525 2730 verissimi
553 2670 681 2730 custodis
710 2671 855 2753 descripti
884 2671 1063 2751 definithue
1098 2670 1190 2730 «talis
1218 2671 1325 2750 igitur,

79 2768 144 2844 ait,
166 2783 261 2828 custos
289 2770 374 2829 nobis
400 2785 468 2830 esto.
511 2771 603 2845 Quem
632 2790 697 2830 vero
728 2771 761 2829 in
790 2769 908 2829 modum
937 2769 1085 2829 educandi
1114 2769 1162 2851 illi
1196 2783 1283 2828 erunt
1297 2782 1325 2827 et
1361 2820 1364 2825 .

80 2865 286 2927 instituendi?
328 2868 408 2942 Quae
435 2887 503 2926 sane
530 2867 694 2946 disquisitio
720 2869 848 2928 conseret
877 2888 1050 2949 magnopere
1073 2868 1112 2928 ad
1120 2856 1226 2969 Qud,
1247 2866 1326 2947 quod

80 2979 263 3046 spectamus,
292 2965 546 3047 perspiciendum,
567 2987 623 3044 qua
650 2967 761 3026 ratione
790 2967 822 3025 in
852 2967 970 3026 civitate
996 2967 1110 3044 justitia
1135 2954 1327 3045 etinjustitia

80 3064 225 3124 oriantur.
266 3064 324 3124 ch
350 3065 440 3122 frater
468 3063 645 3138 Glauconis,
666 3064 889 3143 verosinquit,
911 3078 958 3139 et,
979 3085 1024 3148 me
1054 3058 1327 3159 quidemfludjce,

80 3161 210 3222 maxime
237 3161 309 3222 illuc
337 3162 477 3221 conseret.
520 3161 574 3221 Cui
597 3161 746 3238 Socrates,
767 3184 819 3244 per
838 3163 937 3223 Jovem
955 3163 1065 3242 igitur,
1087 3164 1126 3224 mi
1151 3161 1326 3236 Adimante,
1386 3162 1396 3175 ⁴

81 3281 147 3320 non
176 3259 374 3320 desistendum
404 3259 488 3319 nobis
514 3259 589 3335 erit,
626 3261 739 3325 etiamsi
766 3261 879 3341 longior
905 3263 1004 3320 futura
1033 3256 1197 3340 disquisitio
1191 3258 1272 3367 At
1291 3288 1328 3298 ··

80 3357 210 3418 Minime
240 3378 315 3417 vero.
335 3385 371 3396 -·
393 3361 453 3438 Age
482 3358 588 3438 igitur,
620 3359 863 3437 quemadmodum
891 3360 924 3419 in
955 3360 1064 3419 fabulis
1092 3344 1329 3457 otiumffgentes

81 3455 364 3536 confabulantesque
374 3500 382 3529 ,
404 3456 531 3515 oratione
559 3455 611 3515 hos
629 3455 760 3516 homines
784 3457 978 3516 instituamus.
989 3455 1065 3514 -Si
1082 3454 1332 3527 'decen-Quae

80 3553 176 3634 igitur
195 3554 249 3613 erit
270 3552 450 3635 disciplina?
492 3552 580 3612 Haud
600 3553 687 3612 facile
713 3554 815 3612 melior
844 3555 1005 3634 reperiatur
1022 3474 1188 3663 illlhquae
1204 3571 1221 3607 a
1240 3549 1328 3629 longo

82 3651 159 3711 inde
181 3665 308 3732 tempore
338 3666 450 3732 reperta
480 3664 538 3710 est:
570 3665 613 3710 est
633 3665 729 3710 autem
740 3696 749 3726 ,
770 3650 848 3730 quod
867 3651 906 3710 ad
924 3672 1027 3730 corpus
1046 3661 1169 3733 attqret,
1189 3668 1328 3728 gymnas-

82 3750 143 3809 tica
155 3794 164 3824 ‚
184 3747 262 3828 quod
291 3750 330 3809 ad
353 3751 502 3823 animum,
524 3750 641 3808 musica.
663 3750 769 3810 -Est
793 3770 871 3809 sane.
893 3781 925 3792 -
947 3749 1050 3808 Nonne
1073 3747 1224 3833 agmusica
1246 3747 1329 3827 prius

82 3868 173 3928 quam
197 3870 213 3907 a
241 3849 423 3928 gymnastica'
446 3846 605 3928 disciplina
633 3846 792 3908 ducenda?
813 3873 848 3885 ··
869 3849 960 3907 Certe.
981 3871 1017 3882 -
1037 3846 1180 3907 Musicam
1206 3844 1326 3917 dicens,

81 3967 186 4006 nonne
203 3967 345 4006 sermones
364 3946 506 4026 intelligis
525 3947 617 4006 item?
638 3974 674 3985 -
692 3946 839 4026 Intelligo.
859 3972 895 3983 -
913 3946 1084 4007 Sermonum
1095 3944 1197 4003 'autem
1214 3941 1326 4020 duplex

81 4063 178 4124 genus
205 4057 265 4118 est,
295 4044 418 4104 alterum
448 4065 563 4117 verum,
590 4043 695 4103 falsum
724 4064 790 4104 vero
817 4044 950 4105 alterum.
972 4076 1004 4092 -—
1025 4044 1077 4103 Est
1108 4043 1158 4101 ita.
1179 4066 1215 4077 -
1234 4037 1326 4096 Insti-
1382 4024 1387 4036 ⁸

82 4139 230 4201 tuendum
249 4156 370 4220 utroque
391 4157 449 4220 est;
472 4144 554 4224 prius
570 4155 664 4200 autem
685 4141 767 4202 falso.
788 4165 822 4175 -
843 4141 880 4202 Id
896 4163 956 4202 non
975 4140 1118 4220 intelligo.
1141 4164 1177 4175 -
1197 4139 1243 4198 Tu
1260 4157 1327 4196 vero

1316 4264 1330 4291 ο

536 4314 545 4341 ι
935 4336 944 4354 ,
1306 4322 1327 4347 ο

122 4415 470 4488 ummmmc
