2796 5048
541 1246 882 1318 rLar0N1s

435 1507 482 1554 Μ
503 1506 628 1554 1111108
648 1507 807 1558 mvtrtts
828 1510 984 1558 ΠΗΤΔ,

718 1955 837 2023 013κοῦ1
856 1944 978 2042 dyada}
1000 1955 1021 2025 ὅ
1041 1985 1074 2044 γε
1101 1959 1323 2054 1111111ῷό111

710 2085 741 2125 ra
761 2061 810 2124 καὶ
830 2060 944 2127 hetha
965 2057 1063 2142 1111111
1085 2100 1128 2112 -
1155 2064 1198 2131 Τί
1218 2063 1291 2153 paim

124 2533 210 2611 Quod
237 2532 366 2594 diximus
392 2531 425 2591 in
450 2531 606 2613 superioris
632 2530 751 2592 exordio
773 2530 1005 2612 disquisitionis,
1025 2534 1254 2600 instaurandam
1274 2536 1321 2597 hac

84 2633 117 2693 in
132 2633 233 2715 primis
251 2643 342 2690 aetate
361 2644 457 2691 nostra
477 2629 691 2712 philosophiam
712 2628 886 2689 Socraticam
915 2645 944 2690 et
963 2631 1145 2692 Platonicam
1163 2656 1246 2712 esse,
1263 2656 1322 2717 per-

85 2731 158 2790 tinet
186 2728 265 2790 illud
294 2729 332 2790 ad
362 2731 424 2791 veri
446 2741 473 2788 et
492 2728 581 2808 magis
604 2728 690 2787 etiam
708 2727 747 2788 ad
761 2728 835 2806 justi
854 2727 1067 2811 philosophiam
1085 2751 1155 2790 cum
1172 2732 1322 2793 emendan-

82 2826 151 2887 dam
168 2828 249 2910 apud
272 2849 324 2887 nos
334 2872 343 2902 ,
362 2840 424 2887 tum
443 2826 534 2886 firmis
550 2825 753 2886 fundamentis
771 2825 978 2887 stabiliendam
988 2852 996 2905 5
1019 2826 1070 2888 sed
1091 2827 1181 2910 longe
1201 2833 1322 2891 omnium

84 2928 208 2986 maxime
237 2925 295 2984 huc
323 2938 452 3006 spectat,
480 2938 511 2984 ut
540 2924 642 3005 religio
663 2923 823 3002 aliquando
843 2938 940 2984 nostra
960 2947 1026 2986 cum
1046 2947 1116 2986 vera
1140 2926 1322 3010 philosophia

83 3022 267 3083 concilietur.
309 3022 394 3098 Quod
424 3036 456 3082 ut
481 3008 619 3102 optarunt
646 3023 736 3102 magis
765 3043 851 3102 quam
881 3043 1005 3108 sperare
1025 3025 1087 3084 ausi
1115 3038 1187 3085 sunt
1207 3029 1319 3105 majores

84 3122 195 3196 nostri,
218 3122 258 3180 ita
285 3133 383 3180 nostra
406 3133 482 3180 aetas
508 3141 606 3201 reapse
627 3121 765 3200 consequi
785 3121 895 3179 1111111111
915 3141 968 3202 ope
989 3121 1104 3181 nititur.
1148 3123 1244 3200 Nam,
1261 3145 1318 3204 qua·

84 3221 236 3298 liscunque
261 3217 379 3277 tandem
408 3218 445 3277 sit
471 3216 558 3277 hodie
585 3217 787 3299 philosophiae
815 3217 965 3294 conditio,'
993 3218 1155 3280 abhorrent
1184 3241 1319 3282 omnesa

83 3318 228 3400 protervia
258 3317 311 3375 illa
337 3337 368 3375 ac
400 3315 582 3397 petulantia,
602 3337 659 3394 qua
679 3317 837 3396 superioris
857 3315 967 3389 saeculi
987 3315 1157 3399 philosophi
1178 3319 1318 3403 despicere

83 3417 252 3497 religionem
272 3427 417 3490 nostram,
436 3414 495 3473 imo
515 3413 637 3474 irridere
659 3414 685 3473 ei
707 3413 848 3475 solebant.
879 3414 986 3473 Fortia
1006 3423 1134 3495 ingenia
1145 3461 1154 3491 ,
1171 3438 1248 3496 quae
1267 3431 1318 3478 tum

82 3513 323 3587 celebrabantur,
342 3513 400 3571 acsi
421 3511 536 3571 sibimet
556 3513 619 3593 ipsa
639 3509 824 3587 sufficerent,
844 3533 875 3570 11
896 3513 955 3572 suis
967 3513 1083 3574 viribus
1094 3513 1233 3575 valerent
1243 3516 1317 3580 satist

84 3627 115 3672 ut
135 3611 255 3670 aliunde
272 3611 452 3689 requirerent
466 3609 559 3685 nihil,
580 3630 659 3669 nunc
677 3610 729 3671 vix
750 3625 956 3672 memorantur.
988 3611 1109 3671 Illorum
1130 3612 1206 3673 adeo
1226 3612 1317 3686 multi,

82 3711 132 3790 qui
161 3709 197 3768 ab
217 3711 271 3768 ista
292 3709 404 3767 scilicet
423 3707 597 3767 fortitudine
621 3708 752 3788 proxime
778 3708 905 3784 absunt,
940 3711 1021 3769 effata
1040 3725 1138 3770 tamen
1159 3733 1213 3771 sua
1234 3729 1317 3772 sacrae

82 3807 232 3868 doctrinae
253 3819 364 3864 nostrae
384 3826 451 3864 cum
469 3807 637 3865 auctoritate
656 3805 845 3882 confirmare,
876 3820 938 3866 tum
963 3808 1058 3887 specie
1076 3829 1109 3868 ac
1131 3808 1230 3869 colore
1249 3829 1318 3870 com-

81 3906 218 3966 mendare
246 3903 375 3963 student.
418 3904 498 3977 Quae
526 3924 592 3962 cum
612 3903 652 3963 ita
673 3904 747 3979 sint,
770 3925 830 3963 non
850 3903 1090 3965 committendum
1109 3905 1198 3966 nobis
1214 3921 1275 3984 est,
1293 3917 1319 3963 st

81 4004 208 4085 ignorari
238 4023 253 4060 a
284 4001 429 4081 plerisque
458 4000 619 4061 Socraticae
645 4022 678 4060 ac
697 4001 863 4061 Platonicae
884 4001 1087 4084 philosophiae
1107 4005 1172 4066 vim
1191 4025 1226 4064 ac
1243 4023 1315 4085 prae·

81 4103 216 4163 stantiam
242 4101 379 4159 sinamus.
420 4099 466 4158 Ab
494 4099 549 4158 hac
579 4099 656 4158 enim
678 4120 736 4158 una
756 4100 881 4159 maxime
902 4113 1088 4180 exspectare,
1117 4123 1206 4182 quam
1228 4121 1316 4162 omnes

81 4200 245 4260 desiderare
274 4211 358 4275 atque
387 4211 521 4277 expetere
538 4194 693 4272 videntur,
721 4218 810 4255 verae
833 4198 1040 4278 philosophice
1069 4221 1140 4258 eum
1160 4221 1234 4259 cera
1253 4201 1313 4259 reli·

77 4307 167 4380 gione
195 4303 454 4374 conjunctionem,
486 4296 564 4356 licet.
606 4294 798 4370 Quamobrem
826 4295 930 4372 uobis,
958 4295 1037 4375 quod
1067 4294 1165 4356 adhuc
1195 4298 1313 4378 eginum,

55 4395 113 4461 ,id
134 4417 213 4455 nunc
235 4394 401 4475 praesertim
422 4394 454 4451 in
479 4392 533 4452 hoc
554 4393 706 4453 tractando
736 4406 904 4471 argumento
923 4392 1068 4474 agendum
1090 4395 1168 4470 erit,
1196 4407 1229 4453 ut
1254 4395 1314 4454 scri·
