2796 5048
672 184 731 245 358
752 226 755 231 «

82 356 294 439 metaphysicae
319 365 436 425 auctor,
468 369 558 428 quium
578 345 645 429 περὶ
666 346 721 408 τοῦ
742 345 856 424 κοσμοῦ
876 346 913 406 ad
933 343 1145 406 Alexandrum
1170 340 1301 421 scriberet,
1358 372 1362 404 ι

81 457 183 517 fertur.
225 453 283 513 Sed
302 454 364 513 sive
383 451 420 509 ab
441 451 504 531 ipso
522 449 592 509 haec
613 450 735 530 scriptio
754 461 796 507 est
812 448 874 508 sive
889 467 906 505 a
922 444 1094 525 posterioris
1104 443 1226 519 aetatis,
1243 442 1302 523 qual
1359 470 1362 504 ι

80 552 223 613 credibile
243 550 371 623 videtur,
391 548 588 629 metaphysica
608 547 723 628 prodita
734 592 742 623 ,
764 564 943 625 consequens
963 541 1021 604 viri
1039 540 1304 624 philosophiam,
1360 572 1362 603 ι

81 651 222 730 nobisque
248 648 303 708 hoc
333 648 395 708 loco
425 669 486 706 non
514 645 770 727 praetermittenda
799 638 917 703 silentio
936 641 1066 703 ridetur.
1113 639 1252 701 Continet
1264 660 1305 699 me·
1361 694 1362 701 ,

81 748 297 831 tapbysieorum
319 759 467 818 veterum,
489 759 546 804 tam
566 750 734 825 poetarum,
755 763 840 823 quam
861 738 1108 822 philosophorum
1129 737 1167 797 de
1186 738 1244 799 Deo
1261 737 1318 818 pla·

81 847 158 921 cita,
177 867 251 925 qnae
268 864 446 925 comparasse
465 864 531 903 cum
551 843 680 902 Platonis
700 841 737 901 de
758 844 825 900 loiri
842 842 910 899 idea
929 837 1076 898 sententia
1097 858 1164 897 non
1183 835 1291 917 pigebit

199 1034 592 1112 Metapleyeicorum
624 1041 815 1089 aeterum
843 1030 887 1086 de
909 1024 989 1085 Deo
1013 1027 1211 1105 philoco-

530 1131 697 1208 plaudi
727 1136 855 1187 ratio.

120 1294 167 1357 Sia
188 1294 276 1374 igitur
286 1291 426 1351 continuo
444 1292 611 1373 scriptionis
629 1291 711 1351 illius
731 1304 839 1350 auctor.
867 1308 881 1341 e
893 1281 1009 1348 Λοιπδν
1036 1282 1079 1372 δὴ
1102 1289 1179 1374 περὶ
1199 1291 1252 1374 τῆς
1268 1290 1314 1352 nir

78 1385 157 1453 ὅλων
178 1389 344 1472 συνεκτικῆς
366 1387 462 1463 αἰτίας
483 1388 696 1470 κεφαλαιωδῶς
717 1387 819 1448 εἰπεῖν·
842 1372 1013 1470 πλημμελὲς
1034 1385 1114 1472 γαρ,
1132 1391 1207 1477 περὶ
1218 1382 1315 1473 κόσμον

78 1488 229 1575 λέγοντας,
250 1488 288 1554 w*
310 1490 366 1553 τοῦ
386 1485 500 1571 κόσμου
521 1486 704 1573 κυριώτατον
730 1494 918 1572 παραλιπεῖν·
949 1505 1051 1553 restat
1074 1503 1209 1577 igitur,
1238 1497 1315 1557 utle

79 1617 205 1670 caussa,
227 1602 483 1674 quaeunivercae
501 1615 550 1653 rec
567 1602 720 1670 continet,
743 1602 918 1653 sunemotim
937 1595 1098 1652 dicamus:
1123 1603 1316 1678 incongruum

80 1700 161 1752 enlm
181 1701 242 1768 rit,
263 1694 315 1750 uli
335 1695 370 1751 (le
387 1695 498 1752 mundo
518 1701 660 1774 agimus,
681 1695 715 1752 iel
734 1695 858 1771 quadiu
879 1694 988 1751 mundo
1008 1715 1171 1754 summum
1192 1706 1317 1773 eetpror

79 1799 278 1851 temnittere.»
302 1792 340 1851 Et
359 1792 485 1872 primum
504 1791 623 1871 quidem
642 1797 791 1872 poitarum
811 1790 847 1850 de
857 1793 918 1850 Deo
935 1793 1016 1852 effata
1035 1807 1196 1854 memorat.
1223 1792 1319 1854 «Vetus

80 1898 182 1972 igitur
210 1913 306 1949 sermo
332 1901 394 1966 ert,
425 1913 444 1948 a
473 1894 699 1971 majoribusque
723 1891 867 1967 proditus
886 1897 970 1948 inter
987 1913 1089 1951 omnes
1110 1883 1321 1967 leominee‚tl;

81 1986 114 2051 ἐκ
136 1987 215 2051 θεοῦ
234 1982 273 2050 rel
293 1982 390 2049 nelma
411 1986 460 2049 καῖ
481 1983 533 2051 διδ
555 1990 633 2051 θεοῦ
653 1983 729 2073 η’μῖν
751 1983 937 2069 συνέστηκεν,
958 2012 973 2047 e
996 1988 1058 2050 Deo
1083 2015 1152 2052 ecce
1179 2002 1280 2053 omnia
1294 2016 1321 2052 σι

80 2114 136 2170 per
165 2091 267 2151 Deum
296 2101 464 2152 constituta
495 2095 597 2152 nolio:
628 2097 804 2172 nullamque
835 2102 981 2152 naturam
1008 2099 1110 2168 ipram
1140 2114 1204 2170 per
1228 2108 1259 2153 re
1277 2094 1324 2152 rili

81 2193 281 2272 sufficientem
300 2214 369 2267 ecee,
390 2212 466 2269 quae
486 2201 568 2250 citra
588 2191 650 2251 Dei
665 2194 858 2270 praesidium
877 2198 1024 2269 euaeipea
1039 2191 1166 2249 tutelae
1182 2200 1325 2271 permissa

81 2299 133 2349 eit.
158 2289 326 2368 ‚Quocirca
346 2301 483 2348 aeterum
504 2293 645 2350 nonnulli
666 2314 697 2351 eo
709 2298 848 2371 provecti
868 2300 958 2364 suaet,
989 2300 1024 2346 ut
1051 2291 1256 2355 laee.omnia
1275 2293 1326 2351 die·

56 2369 63 2386 ⁶
83 2397 216 2447 litarent
235 2381 370 2446 Deorum
385 2390 480 2466 plena
500 2412 569 2449 ecee.
583 2415 597 2446 u
642 2390 756 2449 Deinde
781 2386 877 2446 sedem
898 2387 1036 2447 describit
1056 2388 1132 2448 Dei·
1155 2390 1328 2450 «Summam

81 2488 184 2568 igitur
203 2496 233 2544 et
247 2494 384 2566 primam
405 2489 501 2546 eedem
511 2491 618 2548 nitendi
635 2496 773 2563 sortitur,
794 2479 906 2560 ὕπατος
927 2490 1005 2546 lanc
1028 2489 1068 2562 ab
1097 2508 1252 2549 causeum
1279 2512 1328 2569 ap·

77 2586 296 2663 pollutricem,
317 2594 407 2664 atque
417 2631 426 2661 ‚
449 2597 485 2644 ut
502 2595 550 2645 ait
567 2588 737 2664 Homerus,
759 2596 795 2646 in
816 2609 928 2647 summo
947 2587 1080 2644 eulmine
1100 2594 1254 2647 univer-ri
1264 2588 1329 2647 eceli

81 2705 170 2742 cuum
190 2685 278 2742 halet
296 2690 359 2762 ipae
382 2685 569 2744 domicilium
600 2694 695 2746 eitum
716 2699 745 2745 et
773 2689 958 2746 collocatum.
1001 2684 1141 2743 Maxime
1174 2708 1248 2746 vero
1275 2694 1329 2744 νίιιι

80 2790 148 2860 ejur
167 2789 279 2858 sentit,
300 2790 483 2864 nurrtineque
505 2792 572 2862 ejus
591 2793 624 2842 in
640 2793 754 2863 primis
765 2788 903 2861 fruitur
921 2786 955 2843 id
973 2804 1082 2861 corpur
1097 2786 1184 2862 quael
1195 2792 1329 2865 proxime

81 2904 149 2940 eum
166 2889 260 2940 eitum
279 2892 342 2956 eet,
364 2892 430 2940 tum
451 2885 527 2962 quod
544 2876 707 2943 seeundum
729 2888 764 2943 ab
782 2886 833 2943 loc
853 2886 949 2943 locum
964 2884 1060 2957 balet,
1083 2892 1119 2940 ut
1136 2884 1328 2965 unumquod-

81 3003 137 3058 que
163 2982 319 3057 deinceps,
344 2989 453 3058 prouti
483 2989 599 3040 situum
629 2985 699 3041 ordo
718 2985 758 3042 ad
785 2993 922 3043 nostrum
953 3002 1045 3059 utque
1076 2981 1182 3040 locum
1214 2986 1328 3040 nutari

82 3086 281 3137 constitutum
302 3089 373 3138 eet.»
399 3080 478 3138 Hinc
499 3080 606 3160 regiam
628 3081 755 3141 celebrat
775 3082 829 3142 Dei
850 3083 1042 3160 majestatem,
1076 3077 1171 3139 ducta
1194 3102 1211 3139 a
1231 3083 1326 3140 Persa·

82 3197 145 3234 rum
166 3196 230 3256 rege
250 3178 473 3256 comparatione.
499 3178 613 3253 Quibus
633 3179 769 3257 subjicit:
796 3172 965 3259 «νομιστέον
985 3170 1027 3259 δὴ
1048 3169 1105 3258 την
1121 3178 1187 3239 τοῦ
1203 3171 1326 3260 μεγοῖλον

79 3267 225 3352 βασιλέως
245 3265 411 3355 οπεροχην,
429 3269 504 3354 πρδς
525 3270 582 3357 την
602 3275 658 3337 τοῦ
678 3273 733 3339 τδν
753 3273 866 3360 κόσμον
887 3276 1044 3362 ἐπέχοντος
1066 3279 1166 3357 θεοῦ,
1190 3280 1326 3343 τοσοῦτον

79 3370 323 3452 καταδεεστέραν,
355 3369 428 3439 ὅσον
448 3378 504 3460 τῆς
526 3376 655 3454 ἐκείνου,
678 3374 734 3462 την
754 3384 810 3444 τοῦ
832 3377 1020 3466 φαυλοτάτου
1044 3404 1075 3443 τε
1097 3381 1151 3444 καῖ
1185 3379 1324 3449 ἀσθενεσ-

78 3474 170 3541 τάτου
192 3473 287 3554 dolon·
309 3489 398 3560 atqui
429 3492 564 3540 statuere
583 3475 641 3543 noe¹
654 3495 778 3561 oportet,
792 3497 906 3568 'magni
917 3495 1001 3569 regie
1012 3489 1207 3567 fastigium,
1227 3494 1324 3549 ticum

80 3585 259 3641 excellentia
277 3590 470 3659 comparetur
489 3579 570 3656 Dei,
592 3590 645 3659 qui
664 3587 811 3643 mundum
830 3597 930 3662 tenet,
961 3595 1046 3644 tanta
1076 3606 1139 3643 eree
1171 3589 1323 3664 inferius,

81 3691 192 3760 quanto
211 3683 263 3741 loc
282 3687 346 3757 ipso
365 3682 500 3755 inferior
519 3691 562 3739 eet
582 3683 726 3740 uilissimi
746 3691 894 3762 eth'usque
915 3695 1005 3762 atque
1029 3683 1249 3759 infirmissimi
1264 3691 1322 3744 ani·

79 3786 195 3836 mantii
213 3780 369 3836 condition
395 3777 452 3835 Sed
472 3777 534 3836 loca
555 3780 737 3839 attendamus
755 3784 897 3856 maxime,
929 3781 1034 3861 quibus
1059 3782 1156 3840 Deum
1180 3796 1215 3841 ut
1242 3803 1321 3841 caur-

77 3863 142 3936 eam
162 3896 258 3933 rerum
278 3877 405 3933 omnium
427 3877 597 3958 effectricem
618 3876 728 3937 laudat.
756 3879 926 3938 Admiratur
946 3881 978 3939 in
998 3900 1031 3938 eo
1050 3878 1232 3939 facilitatem
1250 3899 1321 3961 prac-

79 3975 195 4033 sertim:
221 3968 326 4032 «οὐδὲν
346 3968 403 4052 γαρ
427 3967 642 4054 ἐπιτεχνήσεως
663 3970 746 4062 αὐτῷ
768 3977 883 4037 δεῖκαὶ
909 3972 1070 4059 ὑπηρεσίας
1091 3977 1147 4059 τῆς
1171 3973 1247 4061 παρ’
1263 3970 1321 4045 ἕπε’·

80 4096 155 4153 ροιν,
179 4068 253 4134 oillei
273 4073 361 4137 τοῦτο
390 4066 428 4155 ἦν
450 4069 484 4135 ed
507 4069 681 4155 θειότατον,
705 4072 742 4138 ecl
764 4072 842 4158 μετα
863 4074 1017 4163 ῥᾳστώνης
1042 4076 1092 4140 καῖ
1118 4072 1223 4163 ἁπλῆς
1247 4071 1320 4161 κινη-

79 4197 154 4250 σεως
174 4171 365 4251 παντοδαπδς
386 4173 536 4239 ἀποτελεῖν
557 4173 652 4252 ἷδὲας·
675 4204 732 4241 non
751 4185 802 4240 illi
821 4206 893 4260 opus
913 4195 957 4244 est
972 4185 1143 4259 artifieioael
1161 4187 1319 4254 molitiem,

78 4291 134 4337 aut
152 4283 250 4340 alieno
278 4290 466 4341 ministerio:
501 4282 582 4339 illud
607 4290 711 4341 autem
739 4291 870 4340 manime
899 4284 1061 4341 divinitati
1087 4295 1317 4343 consentaneum

77 4388 139 4452 eet,
172 4390 207 4437 ut
227 4383 353 4454 formae
379 4403 484 4438 rerum
514 4386 646 4438 omnium
675 4387 757 4437 eitra
775 4383 992 4460 difficultatem
1020 4383 1216 4460 simplicique
1244 4390 1316 4439 metu

1152 4550 1192 4613 1
