2796 5048
679 274 739 334 482

87 467 165 527 gram
192 444 311 504 servari.
331 470 366 481 -
387 441 474 500 Haud
505 442 592 501 iliter
616 442 689 499 mihi
712 441 837 502 videtur.
859 474 895 486 -
915 437 997 497 Istud
1018 456 1089 498 vero
1107 452 1251 520 practerea
1269 441 1309 501 tili

86 545 181 607 rideri
209 541 305 602 debet.
326 574 362 586 -
381 537 555 613 Quidnam?
576 572 611 585 -
631 541 874 618 Unumquemque
897 556 1015 612 eorum,
1045 538 1097 617 qui
1127 540 1263 619 privatim
1278 562 1309 599 ee·

84 655 167 722 cepta
194 638 325 697 mercede
353 637 484 696 homines
512 635 637 711 docent,
666 658 745 717 quos·
769 634 891 714 quidem
918 635 1061 716 sophistas
1090 649 1179 715 atque
1206 639 1311 697 aemulos

87 760 152 799 suos
182 751 307 810 vocant,
339 735 415 794 nihil
443 734 527 794 aliud
558 734 680 811 docere,
710 752 796 813 quam
825 732 1027 792 multitudinis
1055 735 1231 815 opiniones,
1258 756 1311 814 quo

89 832 198 918 profert
230 835 280 893 uhi
308 845 477 912 congregata
503 844 563 905 est,
584 830 755 910 easdemque
775 831 861 889 unice
878 830 1052 911 sapientiam
1073 832 1235 913 appellare.
1271 835 1310 892 lle

88 935 164 1008 luti,
185 935 209 992 si
229 933 295 1013 quis
314 924 496 1012 θρέμματος
515 922 645 1009 μεγάλου
666 927 716 990 stoi
736 924 881 1008 ἰσχυροῦ,
904 931 1052 989 animulis
1068 933 1235 1007 eujusdam
1253 939 1312 991 vorti

86 1052 122 1089 oc
140 1035 256 1090 robusti
274 1034 331 1092 iras
349 1054 382 1091 ac
401 1030 577 1113 cupiditates
595 1030 724 1111 singulus
744 1028 943 1089 observaverit
953 1071 963 1102 ,
983 1046 1100 1106 queque
1121 1030 1236 1089 ratione
1250 1029 1312 1088 adire

85 1129 163 1189 illud
193 1128 293 1190 deceat
304 1176 312 1205 ‚
333 1151 389 1209 qua
417 1142 616 1204 contrectare,
637 1130 724 1203 item,
744 1126 864 1205 quando
889 1125 937 1186 vel
964 1126 1094 1185 ferocius
1113 1126 1152 1185 sit
1170 1127 1220 1186 vel
1235 1129 1312 1186 mitius

86 1242 113 1287 et
131 1228 239 1306 quihus
256 1227 294 1287 de
314 1228 421 1287 caussis
438 1227 497 1286 tale
515 1227 582 1286 fiat:
604 1246 689 1287 voees
712 1228 796 1299 item,
818 1244 890 1303 quus
910 1224 943 1283 in
959 1223 1091 1303 singulis
1109 1225 1236 1303 quisque
1251 1246 1310 1285 usur

84 1340 135 1405 pat
146 1371 154 1400 ,
175 1327 283 1403 quibus
308 1339 456 1408 praeterea
485 1325 608 1387 vocibus
628 1324 751 1383 aliorum
770 1324 905 1383 efferetur·
920 1321 969 1382 tel
987 1321 1161 1402 mitigeturr
1183 1338 1312 1405 postquem

86 1442 155 1483 vero
174 1425 211 1484 ob
240 1424 411 1484 diuturnam
438 1422 678 1483 consuetudinem
699 1422 831 1503 percepit
850 1418 984 1500 singule,
1005 1421 1147 1501 peritiam
1165 1420 1311 1500 hujusmodi

85 1529 267 1599 sementiam
289 1535 391 1596 vocet,
412 1532 459 1595 et,
479 1521 562 1600 quusi
589 1535 679 1579 artem
707 1519 779 1578 inde
804 1519 964 1578 consederit
975 1563 985 1593 ,
1004 1517 1043 1576 ed
1062 1517 1235 1590 docendum
1249 1540 1312 1580 aem

83 1618 152 1691 dat,
174 1620 310 1699 ignorans
337 1638 435 1678 revere
462 1639 537 1697 quue
563 1619 743 1699 potissimum
760 1618 864 1676 harum
882 1617 1055 1697 opinionum
1075 1617 1312 1698 cupiditatumque

85 1715 204 1776 honesta
232 1718 270 1777 sit
297 1726 331 1776 ae'
361 1717 473 1800 turpis,
494 1715 571 1775 bona
595 1736 628 1774 ec
647 1716 722 1774 mala
732 1758 741 1790 ,
761 1716 840 1793 justa
858 1729 943 1795 atque
960 1715 1091 1793 injuste:
1113 1717 1249 1778 nominet
1262 1736 1312 1776 reru

85 1815 200 1894 singula
228 1814 266 1875 ad
294 1815 421 1895 ingentis
450 1814 559 1874 bestiae
583 1813 665 1872 illius
690 1815 877 1894 opinionem,
907 1813 1004 1888 hono,
1034 1812 1147 1892 quihus
1173 1815 1312 1875 delectatur

86 1910 157 1985 illu,
179 1911 273 1988 mala,
295 1913 401 1993 quibus
432 1913 607 1973 offenditur:
631 1933 685 1971 nec
715 1912 804 1971 alium
834 1930 950 1993 prorsus
978 1911 1069 1970 ullum
1097 1911 1139 1971 de
1163 1913 1214 1974 his
1238 1916 1311 1992 aderet

85 2010 245 2086 rationem,
275 2010 326 2070 sed
355 2032 429 2090 quae
458 2011 616 2070 necessaria
645 2023 733 2084 sunt,
757 2012 835 2088 justa
866 2023 1018 2090 nuncupet
1046 2022 1077 2068 et
1106 2009 1248 2071 honesta:
1271 2030 1312 2092 qrt

87 2126 155 2165 vcro
172 2106 243 2167 boni
261 2109 403 2190 ipsiusne
421 2109 574 2168 necessarii
595 2120 699 2168 natura
725 2109 840 2168 differet
849 2153 858 2183 ,
880 2128 974 2186 neque
992 2108 1054 2188 ipse
1073 2111 1260 2190 perspexerit
1275 2132 1311 2168 uu·

85 2224 172 2282 quum
183 2250 192 2280 ,
214 2227 308 2285 neque
327 2207 395 2265 aliis
418 2207 508 2286 possit
527 2207 698 2266 ostendere:
720 2237 755 2249 -
775 2207 799 2265 si
824 2207 911 2286 quis,
931 2206 1050 2284 inquam
1061 2244 1070 2281 ,
1094 2207 1138 2266 ite
1158 2228 1190 2269 se
1211 2209 1310 2280 hubert,

85 2323 184 2360 nonne
212 2324 264 2383 per·
299 2305 400 2363 Jorem
430 2302 573 2363 absurdus
603 2317 773 2385 praeceptor
801 2324 860 2363 esse
890 2304 947 2364 tibi
975 2297 1159 2367 ridebitur?
1193 2330 1227 2343 ··
1253 2307 1310 2367 Mili

86 2418 164 2457 vero.
185 2426 221 2438 -·
240 2401 361 2459 Differre
391 2414 460 2461 tero
488 2400 543 2478 tibi
573 2401 609 2461 ab
640 2403 694 2463 hoe
724 2403 777 2461 ille
804 2402 940 2477 videtur,
961 2402 1028 2481 qui,
1050 2404 1216 2464 multorum
1234 2406 1310 2465 tune

85 2516 205 2574 rumque
233 2497 384 2559 hominum
412 2500 444 2558 iu
476 2520 568 2559 uuum
598 2501 837 2561 convenientium
867 2502 939 2559 irum
969 2513 998 2559 et
1024 2499 1176 2562 libidines
1204 2503 1308 2573 callere,

80 2605 265 2672 sapientiam
293 2614 352 2656 esse
383 2596 484 2673 ducit,
506 2600 567 2658 sive
594 2600 626 2658 in
657 2600 785 2680 pictura,
807 2601 869 2660 sive
898 2599 930 2658 in
948 2598 1077 2676 musice,
1101 2601 1221 2661 sivein
1238 2598 1308 2660 adui-

86 2695 255 2755 uistraudee
276 2695 456 2777 reipublicae
477 2696 659 2778 disciplina?
673 2723 687 2754 u
712 2696 750 2777 l)-

266 2854 344 2944 ¹De
365 2860 850 2939 iniseroplrilesophioe
870 2861 1128 2919 conditione.

122 2986 211 3047 Haud
234 2991 339 3049 mirum
368 2990 474 3050 iccirco
502 3005 561 3066 est,
583 2994 674 3072 ipsam
691 2992 923 3073 philosophiam,
943 3012 1018 3070 quae
1037 2991 1143 3051 endem
1160 2993 1306 3073 optimeett

81 3081 219 3160 notities,
250 3109 310 3148 non
341 3089 433 3147 solum
464 3090 573 3170 negligi
602 3112 738 3171 prorsus,
767 3090 819 3150 sed
847 3090 1024 3150 calumniam
1054 3091 1146 3149 etiam
1172 3091 1305 3170 suscipere.

78 3189 151 3247 Cum
181 3186 259 3244 enim
284 3202 507 3266 corrumpantur·
535 3189 695 3263 continuo,
725 3190 775 3268 qui
803 3203 925 3249 naturae
943 3188 1075 3249 bonitate
1094 3209 1131 3247 ee
1151 3185 1306 3269 praestantii

79 3305 182 3344 ornare
212 3305 272 3343 eam
302 3298 329 3342 et
356 3286 429 3343 tueri
458 3284 623 3361 debebant,
645 3287 705 3346 sola
724 3288 912 3365 relinquitur.
954 3286 1040 3345 illam
1054 3299 1169 3364 sutem,
1191 3302 1305 3366 tanquam

46 3442 49 3448 ,
81 3382 210 3462 cognatis
241 3381 359 3456 orbam,
385 3381 436 3441 alii
464 3384 605 3463 aggressi,
636 3387 697 3462 ejus
725 3387 843 3444 nomine
864 3385 999 3467 indigni,
1021 3384 1205 3447 dedecorant
1223 3407 1253 3446 uc
1273 3403 1305 3442 er·

79 3481 201 3541 lumniis
228 3495 400 3563 exponunt,
432 3495 462 3541 ut
487 3482 626 3540 dicantur
642 3483 811 3564 philosophi
830 3479 931 3562 οἱμὲν
949 3479 1072 3558 οὐδενος
1084 3479 1227 3565 ἀγαθοῦ,
1240 3479 1267 3545 oi
1280 3474 1305 3541 i*

79 3576 181 3638 πολλοὶ
201 3578 318 3639 πολλῶν
339 3575 436 3639 κακῶν
449 3572 526 3651 itini
545 3575 624 3640 riom·
644 3591 765 3660 pertine
783 3588 872 3645 nulio
890 3610 924 3647 re
945 3591 1038 3662 bend,
1055 3589 1203 3666 plerique
1218 3587 1305 3645 multis

80 3684 168 3740 rebus
195 3683 285 3740 molis
304 3684 402 3762 digni.
427 3680 459 3761 2)
483 3705 497 3736 u
511 3682 721 3764 Καθορῶντος
747 3678 807 3765 γὰρ
830 3677 911 3745 ἄλλοι
932 3680 1142 3768 ἀνθρωπίσκοι
1163 3674 1305 3768 seruistis

79 3772 185 3859 χώραν
206 3773 318 3859 ταύτην
332 3778 520 3864 γιγνομένην,
541 3783 639 3845 καλῶν
661 3780 697 3844 δὲ
718 3779 877 3864 ὀνομάτων
885 3787 940 3860 ,καὶ
954 3781 1187 3870 προσχημάτων
1199 3777 1304 3865 μεστήν,

83 3941 337 3950 ————-——-—-

114 4026 144 4091 1)
163 4031 203 4079 De
220 4030 281 4098 Rep.
299 4028 342 4080 Vl.
361 4029 413 4082 490
429 4030 461 4081 D.
480 4059 515 4069 -
529 4030 634 4104 ¹493„st

113 4121 139 4181 2)
160 4123 199 4173 Sic
224 4123 385 4174 scribendum
406 4139 520 4187 censeo,
546 4141 600 4176 oum
622 4110 744 4195 ἀγαθοῦ
760 4129 786 4179 in
806 4130 919 4199 vulgetis
939 4130 1123 4202 desideretur,
1142 4137 1303 4191 auctoritatem

80 4212 180 4253 secutus
202 4203 350 4269 Ciceronis,
371 4206 414 4272 qui
436 4204 483 4256 huc
498 4206 602 4258 videtur
621 4211 771 4276 respexisse
786 4213 816 4261 rie
833 4213 894 4280 Rep.
914 4212 933 4263 Ι.
953 4213 977 4264 5.
997 4214 1058 4267 Cum
1077 4218 1116 4267 tra
1130 4220 1229 4284 diurni,
1246 4231 1304 4269 acer

77 4280 135 4336 dere
159 4289 193 4338 od
217 4288 393 4357 rempublicam
418 4290 563 4361 plerumque
585 4294 692 4346 homines
727 4294 819 4347 stultat
852 4316 889 4348 re
914 4298 993 4350 lond
1010 4302 1141 4369 dignos,
1161 4323 1217 4356 eum
1233 4301 1304 4372 quiin

79 4377 224 4440 conparari
243 4377 383 4437 sorditiem,
407 4378 536 4442 nnqtqere
556 4388 653 4443 meso,
676 4381 831 4433 rmltitrrdr‘ne
851 4387 999 4451 μονονοὺκ
1022 4387 1149 4454 incitata,
1168 4393 1304 4441 mmet

75 4458 243 4524 periculosiore
261 4463 299 4510 st'i.
