2796 5048
663 256 721 317 517

83 416 281 497 quaestionem
310 418 347 478 de
371 421 483 498 justitia
507 442 538 480 ae
559 422 916 506 felicitateexplicandam
937 447 995 486 esse
1011 426 1213 490 arbitrabatur.
1256 432 1308 490 At-

81 514 267 576 tendendum
295 533 387 577 autem
417 520 501 579 nobis
529 521 558 579 in
588 522 689 601 primis
714 537 772 598 est,
803 525 961 606 respexisse
985 527 1017 585 in
1042 527 1088 586 his
1107 526 1308 608 philosophum

82 615 264 698 potissimum
293 618 347 676 tria
373 618 445 693 illa,
471 639 544 696 quae
573 620 604 678 in
634 622 730 681 animo
751 621 876 681 hominis
894 637 1055 705 repererat,
1076 621 1128 686 cdv
1146 619 1252 707 λόγον,
1273 617 1309 687 τιν’

81 715 248 797 θυμοειδὲς
273 736 302 783 et
326 711 442 790 t¹ertium
469 712 508 783 td
529 716 754 806 ἐπιθυμητικόν.
795 727 830 786 ln
860 727 967 808 optimo
996 724 1116 787 homine·
1141 729 1181 788 sic
1201 749 1232 787 ea
1252 751 1310 788 esse

79 836 241 904 temperata
260 821 523 900 demonstraverat,
545 839 577 884 ut
603 848 685 887 suurn
710 828 823 908 singula
851 837 1033 908 peragerent:
1055 824 1227 906 gubernaret
1244 828 1310 887 ani-

80 942 163 981 mum
188 921 276 996 ratio,
307 921 462 982 submissae
489 923 594 984 rationi
623 939 716 986 essent
745 925 934 1008 cupiditates,
965 917 1069 1002 θυμός
1095 946 1168 986 vero.
1193 927 1255 988 sive
1273 919 1309 986 td

80 1013 264 1098 θυμοειδὲς,
293 1040 350 1099 quo
372 1013 481 1081 'rectius
507 1035 535 1081 et
560 1029 808 1104 compescerentur
828 1036 856 1082 et
881 1023 987 1084 rationi
1005 1026 1147 1086 servirent
1167 1026 1308 1107 cupidita·

78 1136 146 1198 tes,
177 1122 316 1180 rationem
343 1117 504 1198 adjuvaret.
557 1119 604 1179 sie
633 1119 747 1180 demum
777 1121 922 1180 hominem
953 1114 1067 1183 dixerat
1094 1144 1189 1182 secum
1217 1125 1310 1205 ipsum

76 1239 291 1281 consensurum
319 1239 376 1277 esse
406 1238 437 1277 ac
458 1218 567 1278 bonum
584 1221 750 1298 justumque
771 1221 910 1280 futurum.
952 1222 987 1281 ln
1006 1220 1052 1280 his
1071 1235 1165 1281 autem
1184 1242 1236 1281 nos
1254 1222 1309 1282 do-

77 1331 149 1394 cet,
170 1301 429 1396 quemadmodum,
449 1316 546 1377 demto
574 1317 628 1376 hoc
657 1319 745 1377 trium
775 1317 907 1378 illorum
922 1340 1063 1380 consensu
1092 1332 1120 1378 et
1138 1319 1219 1382 velut
1237 1342 1308 1380 con-

65 1429 191 1492 ·eentu,
219 1413 260 1475 ad
288 1417 412 1495 pejorem
441 1413 601 1497 identidem
621 1416 818 1477 conditionem
839 1412 991 1477 delabatur
1007 1418 1100 1478 homo.
1141 1418 1220 1477 Idem
1241 1440 1309 1479 vero

32 1502 43 1511 ’
75 1515 185 1596 magis
200 1514 286 1572 etiam
309 1513 420 1594 patebit
442 1513 544 1591 nobis,
574 1515 625 1574 ubi
652 1515 690 1574 ad
710 1515 877 1596 philosophi
904 1514 941 1575 de
966 1515 1307 1597 oliga1·cbicovirodis-

75 1613 268 1695 quisitionem
283 1613 507 1694 perrenerimus.
548 1612 605 1674 Sed
624 1613 748 1695 primum
769 1614 805 1675 de
825 1613 981 1695 oligarcbia
999 1614 1151 1695 agendum.

278 1807 335 1869 De
364 1811 614 1892 aligarcltia
644 1820 682 1869 et
711 1819 803 1870 viro
831 1812 1113 1892 oligoreltt'co.

120 2005 293 2088 Appellarit
310 2005 386 2066 hanc
404 2005 485 2067 Plato
505 2007 672 2082 civitatem,
693 2008 726 2066 in
744 2029 799 2086 qua
817 2007 902 2087 pauci
919 2007 1038 2086 quidam
1054 2027 1192 2066 summam
1210 2028 1304 2066 rerum

44 2112 56 2127 “
78 2118 238 2180 tenerent,
259 2104 309 2184 qui
329 2105 433 2186 opibus
458 2105 667 2186 praecellerent
691 2107 827 2180 caeteris,
858 2106 944 2164 talem
964 2107 1101 2182 omnino,
1121 2106 1234 2184 qualem
1254 2128 1306 2164 nos

78 2203 173 2282 vulgo
201 2222 303 2264 vocare
329 2203 534 2263 aristocratiam
564 2203 695 2269 solemus.
725 2202 754 2285 l)
794 2204 895 2263 Paucis
923 2226 984 2264 earn
1007 2207 1047 2264 sic
1074 2205 1231 2265 describit:
1252 2198 1307 2284 τήν

80 2293 148 2363 oin'd
173 2293 346 2381 τιμημάτων
375 2298 537 2377 πολιτείαν,
565 2296 596 2363 ἒν
617 2291 640 2388 ᾗ
679 2300 707 2364 οἱ
732 2299 788 2382 μὲν
813 2295 946 2365 πλούσιοι
969 2296 1112 2386 ἄρχουσι,
1140 2298 1242 2385 πένησι
1271 2304 1306 2367 δὲ

79 2397 122 2465 ου’
146 2399 280 2483 μέτεστιν
310 2398 416 2484 ἀρχῆς.
447 2402 479 2486 2)
538 2406 730 2490 Quaerentem
757 2419 851 2465 autem
880 2407 1020 2466 continuo
1047 2405 1190 2466 Socratem
1219 2408 1305 2486 lacit,

77 2505 323 2587 quemadmodum
340 2505 410 2564 haec
427 2525 442 2561 e
458 2502 617 2599 timporatia
637 2503 754 2562 oriatur.
800 2524 814 2555 u
824 2504 875 2563 Est
893 2503 970 2562 illud
989 2506 1083 2562 autem
1092 2549 1101 2578 ,
1123 2506 1237 2584 inquit,
1259 2509 1306 2568 vel
1330 2505 1335 2514 “

74 2626 166 2666 coeco
191 2606 394 2676 manifestum„
427 2601 544 2661 Scilicet
569 2593 606 2659 τό
625 2603 756 2677 ταμιεῖον
776 2593 866 2662 ἐκεῖνο
887 2594 1000 2686 iruiorqt
1021 2600 1150 2684 χρυσίου
1172 2599 1305 2682 πληρού-

74 2727 168 2786 μενον
195 2697 338 2764 ἀπόλλυσι
368 2695 423 2783 τήν
450 2694 588 2783 τοιαύτην
607 2695 769 2764 πολιτείαν(
790 2715 947 2763 aerariam
968 2705 1048 2761 illud
1064 2711 1209 2781 cujusque
1229 2726 1303 2764 auro

72 2810 223 2888 plenum,
248 2807 352 2885 perdit
380 2806 472 2863 talem
498 2791 722 2882 hmpublicom.
762 2807 834 2864 Nam
860 2802 985 2885 primum
1010 2822 1099 2861 novos
1125 2815 1232 2860 sumtus
1257 2825 1304 2861 re-

75 2907 199 2990 periunt
223 2918 308 2984 atquc
335 2903 407 2962 illuc
436 2913 628 2982 contorquent
655 2903 747 2984 leges:
770 2918 829 2962 tum
857 2902 894 2961 de
912 2898 1053 2979 augendis
1072 2899 1185 2960 divitiis
1204 2921 1304 2959 aemu-

76 3006 182 3067 lantur
200 3024 295 3063 seeum
321 3002 446 3061 invicem
467 3014 495 3059 et
514 3016 690 3063 concertant.
712 3005 776 3078 Quo
796 3021 865 3061 vero
884 3000 989 3076 majore
1009 2999 1041 3056 in
1061 2999 1177 3057 civitate
1196 2998 1303 3059 bonore
1349 3062 1351 3065 ,

76 3076 204 3164 divitiae
233 3123 265 3160 ac
293 3100 400 3161 divites
429 3099 592 3174 habentur,
613 3120 645 3160 eo
673 3101 783 3160 minore
810 3093 955 3157 habentur
974 3097 1067 3155 virtus
1082 3110 1110 3155 et
1126 3096 1196 3155 boni
1214 3099 1302 3159 cives.

77 3195 230 3263 ’Aorairat
258 3202 368 3262 scilicet
401 3192 438 3259 cd
472 3191 516 3258 dat
555 3192 738 3278 τιμώμενον,
769 3191 916 3277 ἀμελεῖται
955 3191 990 3256 δὲ
1005 3187 1056 3284 'td
1081 3189 1304 3274 ἅτιμαζόμινον.

79 3282 195 3382 ltaque¹
208 3301 314 3363 divites
332 3298 369 3359 ad
393 3302 572 3380 magistratus
589 3300 772 3376 evehuntur,
793 3319 932 3381 pauperes
952 3302 1184 3357 contemnuntur&
1225 3296 1303 3356 Hinc

76 3404 188 3465 damna
207 3384 341 3461 oriuntur
358 3400 534 3479 gravissima.
576 3402 640 3460 Non
659 3402 737 3460 enim
764 3419 859 3457 rerum
881 3396 986 3478 periti,
1007 3393 1057 3453 sed
1077 3394 1190 3454 divitiis
1209 3394 1301 3454 excel·

77 3503 175 3561 lentes
193 3499 339 3559 civitatem
359 3498 537 3578 gubernant:
569 3519 629 3557 non
644 3519 702 3556 una
721 3510 817 3555 manet
835 3497 956 3566 civitas,
983 3491 1033 3551 sed
1052 3492 1192 3550 exsistunt
1209 3491 1302 3567 dune,

76 3593 171 3672 altera
198 3599 342 3673 divitum,
370 3616 528 3677 pauperum
553 3593 642 3654 altera
654 3641 661 3668 ,
693 3595 750 3653 sibi
776 3593 904 3651 invicem
930 3591 1080 3649 inimicae:
1113 3589 1164 3649 vix
1192 3589 1303 3648 bellum

77 3699 225 3780 suscipere
253 3694 399 3778 princip'cs
426 3691 551 3767 audent,
581 3693 857 3774 plebem-armatam
885 3689 992 3768 magis,
1017 3709 1102 3767 quam
1129 3687 1304 3764 hostes,·re·

77 3794 288 3858 formidantes:
309 3808 369 3853 tum
399 3790 584 3871 ve1·o‚quod
608 3791 806 3872 gravissimum
834 3787 939 3874 malum
966 3799 1026 3861 est,
1060 3800 1090 3846 ut
1109 3787 1212 3865 cuique
1236 3787 1306 3845 lieet

78 3918 133 3957 sua
162 3894 258 3954 omnia
283 3892 409 3953 alienare
416 3865 430 3967 ‚¹
453 3892 493 3949 ita
522 3904 589 3949 sunt
614 3890 665 3967 qui
695 3888 764 3947 baec
787 3887 955 3968 acquirant5
986 3883 1063 3973 unde
1087 3885 1172 3944 turba
1195 3884 1306 3960 exsistit¹
1392 3870 1395 3879 ¹

32 4022 36 4031 ·
76 4015 148 4055 cum
171 3991 387 4067 mendicorum,
415 4005 477 4050 tum
499 3987 703 4049 maleficorum.
727 4034 729 4038 .
754 3986 834 4046 Talis
855 3985 943 4064 igitur
963 3984 1065 4043 civitas
1090 3995 1131 4042 est
1150 4002 1303 4063 paucorum

79 4093 204 4174 imperio
222 4091 347 4170 subjecta
366 4103 394 4150 et
413 4102 456 4147 tot
472 4087 577 4163 habet,
598 4087 716 4146 lortame
735 4085 792 4145 alia
810 4085 897 4159 item,
917 4082 1002 4142 mala.
1015 4080 1084 4161 »¹3)

116 4283 144 4350 1)
162 4283 219 4337 Vid.
237 4284 342 4335 Lusco
359 4284 428 4335 Orat.
445 4284 475 4334 dc
492 4284 562 4334 Socr.
580 4282 640 4333 οἱον.
658 4278 718 4332 Lat.
730 4275 797 4331 ttae
813 4277 839 4328 ln
858 4275 956 4328 Adnot.

68 4364 72 4377 ’
94 4367 144 4435 ⁶2)
163 4371 201 4424 De
217 4372 277 4439 Rep.
294 4370 356 4422 Vlll.
374 4368 433 4421 550.
452 4367 483 4422 G.

112 4455 145 4523 ,3)
163 4457 224 4510 Eod
243 4456 301 4508 550.
319 4457 349 4508 l).
367 4485 388 4493 ..
418 4454 476 4506 552.
496 4453 524 4504 Ε.
