2796 5048
719 231 779 291 436

120 394 204 456 tatio
224 389 330 465 luerit,
351 410 367 449 e
387 391 531 450 sententia
551 391 727 472 intelligitur
756 392 942 474 philosophi,
971 394 1060 476 qnam
1092 415 1205 468 senex,
1226 396 1345 479 quanli-

126 493 194 554 bros
214 494 249 550 de
266 489 396 570 Legibus
416 488 579 564 scribebat,
609 492 817 571 pronunciavit
828 537 837 567 ,
860 513 912 552 nos
932 508 1027 553 autent
1048 495 1101 555 hic
1111 540 1121 570 ,
1145 493 1199 552 ubi
1221 493 1258 554 de
1274 497 1347 555 rens·

129 596 200 654 sima
226 587 391 671 philosophi
412 587 551 647 modestia
573 589 700 670 agimus,
731 610 918 650 memoramus
939 592 1088 654 lubenter.
1135 598 1152 649 it
1167 588 1225 667 Τίς
1244 575 1291 653 οὖν
1308 587 1349 675 ἆρ’,

123 692 258 774 quaerit,
277 687 382 768 πρᾶξις
403 683 475 767 φίλη
504 685 555 748 καὶ
584 682 754 763 ἀκόλουθος
775 689 857 774 &eph
888 713 1036 771 quaenam
1068 700 1179 772 igitur
1205 704 1281 754 aetio
1303 695 1351 755 llee

125 802 248 869 accepta
268 800 357 868 atque
376 801 574 851 consentanea
595 791 663 850 est?
705 793 832 873 Repanit
850 804 945 850 autem
966 791 1131 851 continuo:
1154 790 1234 871 μία,
1253 792 1298 855 καὶ
1314 790 1352 855 lec

127 885 216 972 λόγον
237 883 349 968 ἔχουσα
371 882 519 968 ἀρχαῖον,
543 881 656 974 decepi
675 887 732 968 μὲν
754 882 852 976 ὁμοίῳ
873 882 910 950 ad
932 880 1034 965 ὅμοιον
1063 881 1129 950 ὄντι
1153 892 1270 980 μετρίῳ
1288 894 1355 977 odet

124 991 161 1056 oie
183 989 244 1074 rip,
265 985 304 1052 ei
320 985 352 1051 ’δ’
369 984 485 1071 ἄμετρα
506 985 568 1052 oti't'
589 987 725 1073 ἀλλήλοις
744 985 811 1054 οὔτε
833 994 896 1066 τοῖς
914 983 1089 1071 ἐμμέτροις·
1116 1018 1197 1072 una,
1228 1021 1356 1077 unamque

128 1098 238 1155 hobam
256 1101 432 1172 antiquitus
454 1097 611 1174 proditam
637 1104 805 1171 rationem,
832 1095 933 1154 simile
962 1094 1097 1172 quodque
1125 1098 1249 1172 simili,
1269 1105 1357 1177 quippe
1389 1082 1391 1103 ³

124 1212 273 1276 conpar,
292 1203 446 1271 acceptum
458 1200 646 1277 amicumque
658 1216 742 1265 που
758 1201 930 1274 incongruo
948 1212 1016 1250 vero
1034 1202 1130 1270 atque
1149 1197 1357 1258 immeditatur

120 1298 238 1354 sibimet
266 1299 395 1349 invicem
415 1313 468 1349 aee
489 1293 612 1350 modicis
627 1300 828 1373 congruisque
849 1298 1016 1351 convenire.
1059 1289 1184 1364 Quibus
1206 1294 1357 1374 subjungit:

121 1386 140 1453 o‘
157 1387 203 1472 δὴ
229 1382 323 1463 dade
349 1381 438 1470 ἡμῖν
463 1381 611 1452 πάντων
636 1383 840 1472 χρημάτων
862 1383 1003 1469 μέτρον
1035 1381 1079 1448 ἂν
1099 1382 1168 1470 εἴη
1202 1386 1360 1469 μάλιστα,

119 1485 292 1556 rainald
319 1491 461 1570 μᾶλλον
482 1484 505 1573 ἤ
529 1485 596 1553 πού
615 1515 682 1567 τις,
713 1485 758 1567 aig
775 1514 897 1575 φασιν,
922 1474 1146 1572 ἄνθρωπος’
1169 1491 1260 1554 Deae
1275 1504 1359 1577 igitur

117 1598 201 1654 nobis
220 1601 353 1653 omnium
373 1615 478 1652 rerum
500 1596 604 1653 modus
631 1617 833 1674 mensuraque
859 1616 920 1654 este
952 1596 1074 1667 debeat,
1094 1593 1259 1671 multoque
1278 1602 1359 1676 map'e

111 1713 206 1774 ροοοι
217 1690 299 1752 home
315 1695 446 1770 aliquis,
467 1703 503 1751 ut
521 1700 648 1770 ajunt.»
666 1693 694 1775 1)
715 1698 916 1756 Consentanea
936 1692 1005 1751 haec
1016 1691 1079 1750 illis
1088 1703 1182 1765 sunt,
1204 1693 1358 1770 quaeiusu·

113 1790 278 1875 perioribus
297 1790 334 1850 de
353 1789 428 1850 ideis
446 1790 607 1869 divinaque
628 1806 730 1851 natura
751 1793 899 1853 diximus:
921 1811 1042 1869 quorum
1065 1788 1142 1848 haec
1174 1791 1239 1850 fere
1259 1791 1357 1853 conclu·

113 1891 156 1950 sio
177 1890 252 1949 luit:
276 1888 376 1946 Deum
405 1911 466 1949 esse
496 1891 676 1949 mortalibus
701 1899 799 1969 ipsius
826 1897 970 1949 veritatis
997 1895 1020 1949 i.
1043 1910 1069 1947 e.
1103 1899 1268 1965 ommium,
1298 1911 1357 1970 pue

110 1999 203 2064 eunt,
233 1995 332 2065 ipsius
358 1973 487 2066 pulcri,
505 1989 592 2063 boui,
603 1996 708 2066 justi,
740 1996 854 2061 sancti,
886 2008 1054 2061 summam,
1074 1990 1160 2066 quod
1189 1996 1356 2062 imitentur,

113 2087 314 2165 eaemplar.
335 2082 367 2164 2)
408 2084 466 2145 Sed
485 2086 539 2144 hac
559 2086 663 2162 nobis,
686 2106 867 2166 quamnuuc.
883 2085 1096 2160 excitavimus,
1117 2089 1275 2146 sententia
1293 2107 1354 2168 prae
1388 2078 1391 2139 l

115 2185 192 2265 cipit
210 2183 309 2256 Plato,
341 2183 406 2260 quis
427 2180 547 2256 modus,
578 2205 651 2261 quae
672 2183 765 2244 veluti
796 2203 930 2242 mensura
959 2185 1013 2258 sit,
1030 2182 1069 2242 ad
1087 2202 1184 2261 quam
1208 2185 1354 2246 nostrosiu

116 2281 248 2343 veritatis
262 2281 384 2339 scientia
406 2280 542 2359 omnique
560 2282 739 2361 perfectione
759 2302 924 2363 progressus
942 2294 970 2341 et
988 2281 1140 2361 exigamus
1162 2296 1195 2342 et
1213 2285 1295 2362 quasi
1310 2303 1354 2342 ure·

112 2379 231 2437 tiamur.
261 2377 370 2437 Divina
386 2377 465 2457 apud
484 2397 548 2436 eum
566 2392 635 2437 sunt
645 2379 766 2461 pulcra,
787 2378 863 2439 bona
876 2393 903 2438 et
914 2378 1061 2458 quidquid
1072 2379 1256 2457 hujusmodi
1274 2379 1353 2460 estll:

107 2497 182 2556 quae
202 2476 279 2534 Deus
309 2474 435 2533 intuitus
456 2489 516 2549 est,
550 2497 639 2555 quum
666 2476 809 2537 mundum
829 2477 909 2537 huna
940 2478 1137 2564 informaret,
1170 2481 1254 2540 etin
1271 2480 1353 2562 guber·

106 2573 207 2634 nando
228 2572 281 2632 illo
308 2573 439 2633 intuetur
468 2574 656 2654 imitaturque
683 2589 861 2636 constanter·
901 2578 966 2652 Quo
988 2576 1080 2655 igitur
1100 2575 1143 2637 ad
1168 2576 1227 2637 illa
1254 2578 1353 2661 propin,

109 2671 333 2746 accesserimus,
355 2691 388 2731 eo
406 2673 528 2750 majores
549 2673 701 2733 fecerimus
731 2674 762 2733 in
783 2676 862 2734 omni
887 2676 994 2735 virtute
1014 2694 1046 2732 ac
1066 2674 1282 2743 verifscientia
1297 2696 1351 2758 pro-

109 2790 239 2849 gressus,
260 2789 349 2847 eoque
369 2770 501 2850 proxime
520 2770 557 2829 ab
578 2771 669 2851 ipsius
689 2770 809 2832 divinae
828 2787 949 2832 naturae
973 2770 1104 2852 perlecta
1123 2775 1301 2836 conditione
1314 2771 1350 2831 th

109 2867 202 2927 loturi
223 2889 337 2926 sumus:
361 2880 389 2925 et
410 2868 587 2947 sicquidem
608 2891 667 2928 non
689 2869 774 2929 homo
795 2870 920 2950 aliquis,
942 2884 974 2928 ut
993 2869 1114 2945 ferunt,
1137 2872 1196 2933 sed
1218 2874 1279 2954 ipse
1296 2869 1350 2929 adet

106 2965 184 3024 Deus
202 2965 286 3024 nobis
309 2985 404 3023 rerum
424 2966 553 3024 omnium
563 3011 571 3040 ‚
589 2988 777 3047 quaecunque
797 2968 889 3028 honae
909 2979 978 3028 sunt
995 2979 1044 3025 aut
1057 2967 1188 3047 pulcrae
1200 2972 1348 3049 autjusun

107 3064 216 3143 quippe
236 3071 334 3139 ipsine
363 3070 507 3140 paritatis
533 3067 707 3142 exemplar,
739 3087 873 3126 mensura
902 3075 953 3126 est.
998 3065 1079 3139 Quae
1108 3065 1202 3127 nobis
1221 3065 1345 3128 sententie

108 3173 136 3219 et
156 3159 324 3219 modestiam
341 3161 502 3243 praecipit,
524 3149 727 3243 reputantibus
744 3165 870 3246 quippe,
897 3184 982 3245 quam
1003 3161 1110 3241 longo,
1129 3185 1229 3243 quam
1249 3166 1346 3224 minen·

110 3279 143 3318 so
163 3257 320 3318 intervallo
339 3280 356 3318 a
374 3258 477 3319 divina
504 3261 682 3340 perfectione
703 3260 861 3337 distemus,
890 3277 918 3323 et
938 3281 1005 3320 vero
1024 3259 1163 3321 stimulos
1184 3262 1303 3322 adhibet
1316 3260 1345 3318 sf-

115 3355 177 3417 mul
186 3401 195 3430 ,
216 3370 247 3415 ut
264 3356 302 3416 ad
321 3358 529 3438 perfectionem
548 3356 629 3417 illam
648 3381 798 3439 nunquam
814 3380 953 3420 cessemus
972 3356 1165 3420 contendere.
1211 3360 1345 3440 Attigirnus

108 3455 151 3514 sic
171 3453 269 3513 denuo
289 3454 462 3535 placitorum
481 3452 696 3516 Platonicorum
716 3456 801 3538 longe
819 3456 1076 3517 celebratissimum
1094 3455 1190 3532 illud,
1211 3456 1287 3537 quod
1303 3456 1344 3514 ho-

107 3552 196 3611 minis
230 3548 277 3635 api
292 3550 359 3636 θεῷ
378 3545 519 3630 ὁμοίωοει
548 3556 714 3614 continetur
746 3576 777 3613 ac
810 3554 895 3615 nobis
923 3575 974 3614 suo
1006 3552 1069 3612 loco
1101 3552 1269 3634 aliquando
1292 3550 1341 3612 deli

107 3649 196 3728 operi
228 3651 435 3732 exponendum
468 3655 532 3713 erit.
564 3650 596 3732 lt)
625 3651 682 3710 Hie
714 3666 809 3712 autem
831 3651 1079 3731 animaduertere,
1101 3672 1196 3730 quam
1217 3672 1300 3735 prope
1315 3646 1341 3707 etl

108 3759 223 3804 sanctae
241 3747 390 3809 doctrinae
410 3763 523 3811 nostrae
544 3751 625 3808 effata
654 3749 783 3808 Platonis
803 3746 921 3808 accedat
941 3747 1150 3830 philosophia,
1174 3772 1215 3810 ne
1234 3749 1340 3831 neglige·

108 3864 181 3904 mus.
223 3844 304 3904 Idem
326 3848 358 3906 in
379 3847 441 3906 illis
460 3849 500 3906 rei
521 3847 780 3908 desideratissimae
798 3846 929 3906 studium
950 3858 978 3906 ct
996 3845 1100 3905 ardor:
1121 3840 1165 3906 roi
1185 3845 1244 3927 μὲν
1263 3842 1339 3909 o'at'itu

144 4119 168 4185 ll
188 4123 225 4173 De
242 4122 314 4191 Lepg.
334 4123 375 4174 IV.
396 4122 454 4175 716.
475 4122 503 4174 C.

113 4267 116 4271 ἢ
142 4204 169 4271 2)
188 4209 265 4258 letitia
283 4225 309 4275 p.
328 4206 387 4258 374.

142 4287 169 4353 3)
188 4292 297 4344 Pbaede.
316 4291 375 4343 246.
394 4293 423 4342 lt.

143 4372 169 4438 l)
188 4375 330 4428 Platonicis
350 4378 574 4445 disquisitionibus
594 4380 627 4431 de
646 4380 732 4432 divino
762 4390 852 4435 notura
871 4384 948 4436 docte
968 4398 1055 4450 nuper,
1070 4386 1244 4458 ctvpcrquam
1260 4382 1330 4439 eleha-

107 4469 163 4512 rata
181 4463 288 4513 accessit
311 4462 494 4515 l'idemaerar'
511 4465 650 4531 disputatio
669 4469 698 4517 de
716 4468 768 4518 Deo
784 4468 904 4521 Platonis.
938 4468 1048 4522 Amstel.
1065 4469 1145 4525 1830.
