<?xml version="1.0" encoding="UTF-8"?>
<!DOCTYPE html PUBLIC "-//W3C//DTD XHTML 1.0 Transitional//EN"
    "http://www.w3.org/TR/xhtml1/DTD/xhtml1-transitional.dtd">
<html xmlns="http://www.w3.org/1999/xhtml" xml:lang="en" lang="en">
 <head>
  <title>
</title>
<meta http-equiv="Content-Type" content="text/html;charset=utf-8" />
  <meta name='ocr-system' content='tesseract 3.04.00' />
  <meta name='ocr-capabilities' content='ocr_page ocr_carea ocr_par ocr_line ocrx_word'/>
</head>
<body>
  <div class='ocr_page' id='page_1' title='image "./initiaphilosoph00heusgoog_0187.png"; bbox 0 0 2774 5048; ppageno 0'>
   <div class='ocr_carea' id='block_1_1' title="bbox 675 250 740 308">
    <p class='ocr_par' dir='ltr' id='par_1_1' title="bbox 675 250 740 308">
     <span class='ocr_line' id='line_1_1' title="bbox 675 250 740 308; baseline 0 -1"><span class='ocrx_word' id='word_1_1' title='bbox 675 250 740 308; x_wconf 78' lang='lat' dir='ltr'>&#39;ltt</span> 
     </span>
    </p>
   </div>
   <div class='ocr_carea' id='block_1_2' title="bbox 4 392 1311 3822">
    <p class='ocr_par' dir='ltr' id='par_1_2' title="bbox 97 392 1296 591">
     <span class='ocr_line' id='line_1_2' title="bbox 97 392 1294 494; baseline -0.001 -21"><span class='ocrx_word' id='word_1_2' title='bbox 97 410 243 494; x_wconf 84' lang='lat' dir='ltr'>Numquid</span> <span class='ocrx_word' id='word_1_3' title='bbox 257 413 338 486; x_wconf 89' lang='lat' dir='ltr'>item,</span> <span class='ocrx_word' id='word_1_4' title='bbox 354 409 473 471; x_wconf 91' lang='lat' dir='ltr'>eandem</span> <span class='ocrx_word' id='word_1_5' title='bbox 488 431 532 469; x_wconf 88' lang='lat' dir='ltr'>me</span> <span class='ocrx_word' id='word_1_6' title='bbox 546 425 636 470; x_wconf 87' lang='lat' dir='ltr'>artem</span> <span class='ocrx_word' id='word_1_7' title='bbox 650 424 788 486; x_wconf 86' lang='lat' dir='ltr'>tractare,</span> <span class='ocrx_word' id='word_1_8' title='bbox 798 410 936 473; x_wconf 81' lang='lat' dir='ltr'>audivisti</span> <span class='ocrx_word' id='word_1_9' title='bbox 946 415 960 472; x_wconf 76' lang='lat' dir='ltr'>l</span> <span class='ocrx_word' id='word_1_10' title='bbox 971 443 1002 453; x_wconf 94' lang='lat'>-</span> <span class='ocrx_word' id='word_1_11' title='bbox 1013 413 1074 472; x_wconf 87' lang='lat' dir='ltr'>Hoc</span> <span class='ocrx_word' id='word_1_12' title='bbox 1085 392 1294 493; x_wconf 84' lang='lat' dir='ltr'>nequaquam.-</span> 
     </span>
     <span class='ocr_line' id='line_1_3' title="bbox 98 508 1296 591; baseline 0 -20"><span class='ocrx_word' id='word_1_13' title='bbox 98 515 135 571; x_wconf 74' lang='lat' dir='ltr'>At</span> <span class='ocrx_word' id='word_1_14' title='bbox 153 508 224 570; x_wconf 88' lang='lat' dir='ltr'>scito</span> <span class='ocrx_word' id='word_1_15' title='bbox 242 511 282 569; x_wconf 91' lang='lat' dir='ltr'>ita</span> <span class='ocrx_word' id='word_1_16' title='bbox 302 531 376 568; x_wconf 90' lang='lat' dir='ltr'>esse:</span> <span class='ocrx_word' id='word_1_17' title='bbox 400 530 436 567; x_wconf 91' lang='lat' dir='ltr'>ne</span> <span class='ocrx_word' id='word_1_18' title='bbox 454 522 549 567; x_wconf 90' lang='lat' dir='ltr'>tamen</span> <span class='ocrx_word' id='word_1_19' title='bbox 569 509 648 589; x_wconf 91' lang='lat' dir='ltr'>apud</span> <span class='ocrx_word' id='word_1_20' title='bbox 668 522 791 568; x_wconf 89' lang='lat' dir='ltr'>caeteros</span> <span class='ocrx_word' id='word_1_21' title='bbox 809 530 853 567; x_wconf 96' lang='lat' dir='ltr'>me</span> <span class='ocrx_word' id='word_1_22' title='bbox 880 509 996 591; x_wconf 89' lang='lat' dir='ltr'>prodas:</span> <span class='ocrx_word' id='word_1_23' title='bbox 1019 531 1087 568; x_wconf 88' lang='lat' dir='ltr'>nam</span> <span class='ocrx_word' id='word_1_24' title='bbox 1106 509 1176 569; x_wconf 89' lang='lat' dir='ltr'>latet</span> <span class='ocrx_word' id='word_1_25' title='bbox 1200 531 1296 588; x_wconf 84' lang='lat' dir='ltr'>omnes,</span> 
     </span>
    </p>

    <p class='ocr_par' dir='ltr' id='par_1_3' title="bbox 55 606 1310 1967">
     <span class='ocr_line' id='line_1_4' title="bbox 97 606 1298 690; baseline 0.001 -22"><span class='ocrx_word' id='word_1_26' title='bbox 97 632 113 669; x_wconf 95' lang='lat' dir='ltr'>o</span> <span class='ocrx_word' id='word_1_27' title='bbox 133 610 241 683; x_wconf 81' lang='lat' dir='ltr'>amice,</span> <span class='ocrx_word' id='word_1_28' title='bbox 261 608 336 667; x_wconf 89' lang='lat' dir='ltr'>hanc</span> <span class='ocrx_word' id='word_1_29' title='bbox 356 629 398 666; x_wconf 88' lang='lat' dir='ltr'>mo</span> <span class='ocrx_word' id='word_1_30' title='bbox 418 621 506 665; x_wconf 89' lang='lat' dir='ltr'>artem</span> <span class='ocrx_word' id='word_1_31' title='bbox 526 606 649 682; x_wconf 73' lang='lat' dir='ltr'>callere,</span> <span class='ocrx_word' id='word_1_32' title='bbox 673 607 719 665; x_wconf 88' lang='lat' dir='ltr'>illi</span> <span class='ocrx_word' id='word_1_33' title='bbox 740 628 824 681; x_wconf 84' lang='lat' dir='ltr'>vero,</span> <span class='ocrx_word' id='word_1_34' title='bbox 845 609 952 689; x_wconf 91' lang='lat' dir='ltr'>quippe</span> <span class='ocrx_word' id='word_1_35' title='bbox 976 610 1155 688; x_wconf 83' lang='lat' dir='ltr'>ignorantes,</span> <span class='ocrx_word' id='word_1_36' title='bbox 1176 608 1230 668; x_wconf 88' lang='lat' dir='ltr'>hoc</span> <span class='ocrx_word' id='word_1_37' title='bbox 1246 611 1298 690; x_wconf 88' lang='lat' dir='ltr'>qui·</span> 
     </span>
     <span class='ocr_line' id='line_1_5' title="bbox 96 703 1300 786; baseline 0.002 -20"><span class='ocrx_word' id='word_1_38' title='bbox 96 708 161 766; x_wconf 92' lang='lat' dir='ltr'>dem</span> <span class='ocrx_word' id='word_1_39' title='bbox 181 706 217 765; x_wconf 91' lang='lat' dir='ltr'>de</span> <span class='ocrx_word' id='word_1_40' title='bbox 235 727 279 765; x_wconf 91' lang='lat' dir='ltr'>me</span> <span class='ocrx_word' id='word_1_41' title='bbox 299 727 359 765; x_wconf 89' lang='lat' dir='ltr'>non</span> <span class='ocrx_word' id='word_1_42' title='bbox 377 705 497 777; x_wconf 90' lang='lat' dir='ltr'>dicunt,</span> <span class='ocrx_word' id='word_1_43' title='bbox 519 703 569 762; x_wconf 90' lang='lat' dir='ltr'>sed</span> <span class='ocrx_word' id='word_1_44' title='bbox 597 705 804 786; x_wconf 90' lang='lat' dir='ltr'>ineptissimum</span> <span class='ocrx_word' id='word_1_45' title='bbox 828 727 951 765; x_wconf 83' lang='lat' dir='ltr'>maesse</span> <span class='ocrx_word' id='word_1_46' title='bbox 976 706 1121 766; x_wconf 87' lang='lat' dir='ltr'>hominem</span> <span class='ocrx_word' id='word_1_47' title='bbox 1140 720 1167 765; x_wconf 91' lang='lat' dir='ltr'>et</span> <span class='ocrx_word' id='word_1_48' title='bbox 1193 708 1300 768; x_wconf 90' lang='lat' dir='ltr'>aliosin</span> 
     </span>
     <span class='ocr_line' id='line_1_6' title="bbox 96 802 1301 887; baseline 0 -21"><span class='ocrx_word' id='word_1_49' title='bbox 96 809 239 887; x_wconf 87' lang='lat' dir='ltr'>angustias</span> <span class='ocrx_word' id='word_1_50' title='bbox 257 802 370 883; x_wconf 88' lang='lat' dir='ltr'>adigere</span> <span class='ocrx_word' id='word_1_51' title='bbox 389 803 590 881; x_wconf 91' lang='lat' dir='ltr'>colloquendo.</span> <span class='ocrx_word' id='word_1_52' title='bbox 612 804 740 862; x_wconf 78' lang='lat' dir='ltr'>Haecine</span> <span class='ocrx_word' id='word_1_53' title='bbox 760 804 896 864; x_wconf 78' lang='lat' dir='ltr'>audivisti</span> <span class='ocrx_word' id='word_1_54' title='bbox 918 805 1010 864; x_wconf 78' lang='lat' dir='ltr'>item?</span> <span class='ocrx_word' id='word_1_55' title='bbox 1032 833 1066 842; x_wconf 91' lang='grc'>-</span> <span class='ocrx_word' id='word_1_56' title='bbox 1087 805 1122 865; x_wconf 92' lang='lat' dir='ltr'>Id</span> <span class='ocrx_word' id='word_1_57' title='bbox 1141 808 1301 866; x_wconf 86' lang='lat' dir='ltr'>omnino.-</span> 
     </span>
     <span class='ocr_line' id='line_1_7' title="bbox 96 901 1304 984; baseline -0.001 -20"><span class='ocrx_word' id='word_1_58' title='bbox 96 906 186 964; x_wconf 89' lang='lat' dir='ltr'>Visnc</span> <span class='ocrx_word' id='word_1_59' title='bbox 204 904 259 964; x_wconf 86' lang='lat' dir='ltr'>tibi</span> <span class='ocrx_word' id='word_1_60' title='bbox 277 923 403 962; x_wconf 82' lang='lat' dir='ltr'>caussam</span> <span class='ocrx_word' id='word_1_61' title='bbox 422 903 509 978; x_wconf 74' lang='lat' dir='ltr'>hujus</span> <span class='ocrx_word' id='word_1_62' title='bbox 528 903 569 959; x_wconf 91' lang='lat' dir='ltr'>rei</span> <span class='ocrx_word' id='word_1_63' title='bbox 588 901 706 960; x_wconf 72' lang='lat' dir='ltr'>dicam?</span> <span class='ocrx_word' id='word_1_64' title='bbox 729 933 761 942; x_wconf 86' lang='lat'>—</span> <span class='ocrx_word' id='word_1_65' title='bbox 783 903 894 975; x_wconf 87' lang='lat' dir='ltr'>Quidni</span> <span class='ocrx_word' id='word_1_66' title='bbox 916 902 1028 962; x_wconf 77' lang='lat' dir='ltr'>velim?</span> <span class='ocrx_word' id='word_1_67' title='bbox 1052 933 1082 942; x_wconf 83' lang='grc'>-</span> <span class='ocrx_word' id='word_1_68' title='bbox 1104 905 1217 984; x_wconf 88' lang='lat' dir='ltr'>Reputa</span> <span class='ocrx_word' id='word_1_69' title='bbox 1231 905 1304 983; x_wconf 87' lang='lat' dir='ltr'>igitur</span> 
     </span>
     <span class='ocr_line' id='line_1_8' title="bbox 96 1000 1304 1079; baseline -0.001 -17"><span class='ocrx_word' id='word_1_70' title='bbox 96 1018 190 1062; x_wconf 90' lang='lat' dir='ltr'>tecum</span> <span class='ocrx_word' id='word_1_71' title='bbox 213 1016 305 1062; x_wconf 93' lang='lat' dir='ltr'>totum</span> <span class='ocrx_word' id='word_1_72' title='bbox 329 1001 513 1075; x_wconf 88' lang='lat' dir='ltr'>obstetricum</span> <span class='ocrx_word' id='word_1_73' title='bbox 539 1001 703 1079; x_wconf 84' lang='lat' dir='ltr'>negotium,</span> <span class='ocrx_word' id='word_1_74' title='bbox 732 1000 873 1078; x_wconf 90' lang='lat' dir='ltr'>quomodo</span> <span class='ocrx_word' id='word_1_75' title='bbox 897 1022 925 1058; x_wconf 90' lang='lat' dir='ltr'>se</span> <span class='ocrx_word' id='word_1_76' title='bbox 950 1001 1072 1074; x_wconf 87' lang='lat' dir='ltr'>habeat,</span> <span class='ocrx_word' id='word_1_77' title='bbox 1102 1015 1131 1061; x_wconf 89' lang='lat' dir='ltr'>et</span> <span class='ocrx_word' id='word_1_78' title='bbox 1155 1001 1242 1059; x_wconf 81' lang='lat' dir='ltr'>facile</span> <span class='ocrx_word' id='word_1_79' title='bbox 1263 1001 1304 1076; x_wconf 89' lang='lat' dir='ltr'>id,</span> 
     </span>
     <span class='ocr_line' id='line_1_9' title="bbox 96 1097 1306 1181; baseline -0.002 -22"><span class='ocrx_word' id='word_1_80' title='bbox 96 1099 173 1181; x_wconf 91' lang='lat' dir='ltr'>quod</span> <span class='ocrx_word' id='word_1_81' title='bbox 191 1099 258 1161; x_wconf 94' lang='lat' dir='ltr'>volo</span> <span class='ocrx_word' id='word_1_82' title='bbox 268 1145 276 1173; x_wconf 93' lang='lat'>,</span> <span class='ocrx_word' id='word_1_83' title='bbox 298 1098 461 1178; x_wconf 89' lang='lat' dir='ltr'>assequeris.</span> <span class='ocrx_word' id='word_1_84' title='bbox 484 1097 545 1156; x_wconf 85' lang='lat' dir='ltr'>Scis</span> <span class='ocrx_word' id='word_1_85' title='bbox 563 1098 659 1170; x_wconf 92' lang='lat' dir='ltr'>enim,</span> <span class='ocrx_word' id='word_1_86' title='bbox 681 1098 792 1156; x_wconf 90' lang='lat' dir='ltr'>nullam</span> <span class='ocrx_word' id='word_1_87' title='bbox 811 1118 926 1173; x_wconf 88' lang='lat' dir='ltr'>earum,</span> <span class='ocrx_word' id='word_1_88' title='bbox 947 1099 1083 1177; x_wconf 86' lang='lat' dir='ltr'>quamdiu</span> <span class='ocrx_word' id='word_1_89' title='bbox 1107 1100 1237 1181; x_wconf 87' lang='lat' dir='ltr'>concipit</span> <span class='ocrx_word' id='word_1_90' title='bbox 1254 1099 1306 1180; x_wconf 77' lang='lat' dir='ltr'>ipsa</span> 
     </span>
     <span class='ocr_line' id='line_1_10' title="bbox 77 1195 1307 1279; baseline 0.002 -23"><span class='ocrx_word' id='word_1_91' title='bbox 77 1213 124 1258; x_wconf 91' lang='lat' dir='ltr'>·et</span> <span class='ocrx_word' id='word_1_92' title='bbox 139 1198 236 1279; x_wconf 84' lang='lat' dir='ltr'>parit,</span> <span class='ocrx_word' id='word_1_93' title='bbox 256 1197 321 1256; x_wconf 90' lang='lat' dir='ltr'>aliis</span> <span class='ocrx_word' id='word_1_94' title='bbox 348 1195 482 1276; x_wconf 88' lang='lat' dir='ltr'>opitulari</span> <span class='ocrx_word' id='word_1_95' title='bbox 511 1195 755 1275; x_wconf 80' lang='lat' dir='ltr'>parturientibus,</span> <span class='ocrx_word' id='word_1_96' title='bbox 777 1196 826 1255; x_wconf 91' lang='lat' dir='ltr'>sed</span> <span class='ocrx_word' id='word_1_97' title='bbox 854 1196 908 1255; x_wconf 94' lang='lat' dir='ltr'>hoc</span> <span class='ocrx_word' id='word_1_98' title='bbox 927 1199 1057 1256; x_wconf 84' lang='lat' dir='ltr'>factitare</span> <span class='ocrx_word' id='word_1_99' title='bbox 1073 1217 1147 1275; x_wconf 72' lang='lat' dir='ltr'>eas,</span> <span class='ocrx_word' id='word_1_100' title='bbox 1168 1199 1307 1277; x_wconf 75' lang='lat' dir='ltr'>quaejam</span> 
     </span>
     <span class='ocr_line' id='line_1_11' title="bbox 55 1277 1307 1379; baseline 0 -24"><span class='ocrx_word' id='word_1_101' title='bbox 55 1277 58 1289; x_wconf 31' lang='lat' dir='ltr'>i</span> <span class='ocrx_word' id='word_1_102' title='bbox 96 1318 193 1379; x_wconf 91' lang='lat' dir='ltr'>parere</span> <span class='ocrx_word' id='word_1_103' title='bbox 212 1317 271 1354; x_wconf 89' lang='lat' dir='ltr'>non</span> <span class='ocrx_word' id='word_1_104' title='bbox 289 1294 618 1374; x_wconf 73' lang='lat' dir='ltr'>possuntl-Omnino</span> <span class='ocrx_word' id='word_1_105' title='bbox 635 1323 666 1332; x_wconf 92' lang='lat'><em>-</em></span> <span class='ocrx_word' id='word_1_106' title='bbox 677 1295 808 1353; x_wconf 87' lang='lat' dir='ltr'>Caussam</span> <span class='ocrx_word' id='word_1_107' title='bbox 825 1295 911 1372; x_wconf 87' lang='lat' dir='ltr'>hujus</span> <span class='ocrx_word' id='word_1_108' title='bbox 930 1296 971 1353; x_wconf 87' lang='lat' dir='ltr'>rei</span> <span class='ocrx_word' id='word_1_109' title='bbox 986 1296 1108 1354; x_wconf 89' lang='lat' dir='ltr'>Dianam</span> <span class='ocrx_word' id='word_1_110' title='bbox 1128 1317 1187 1355; x_wconf 87' lang='lat' dir='ltr'>esse</span> <span class='ocrx_word' id='word_1_111' title='bbox 1206 1297 1307 1373; x_wconf 79' lang='lat' dir='ltr'>lerunt,</span> 
     </span>
     <span class='ocr_line' id='line_1_12' title="bbox 95 1391 1305 1475; baseline 0 -22"><span class='ocrx_word' id='word_1_112' title='bbox 95 1416 167 1475; x_wconf 87' lang='lat' dir='ltr'>quae</span> <span class='ocrx_word' id='word_1_113' title='bbox 187 1395 247 1474; x_wconf 94' lang='lat' dir='ltr'>ipsa</span> <span class='ocrx_word' id='word_1_114' title='bbox 269 1410 328 1450; x_wconf 90' lang='lat' dir='ltr'>non</span> <span class='ocrx_word' id='word_1_115' title='bbox 344 1393 460 1472; x_wconf 89' lang='lat' dir='ltr'>pariens</span> <span class='ocrx_word' id='word_1_116' title='bbox 478 1404 612 1470; x_wconf 85' lang='lat' dir='ltr'>partuum</span> <span class='ocrx_word' id='word_1_117' title='bbox 637 1412 733 1449; x_wconf 93' lang='lat' dir='ltr'>curam</span> <span class='ocrx_word' id='word_1_118' title='bbox 752 1393 884 1472; x_wconf 88' lang='lat' dir='ltr'>suscepit.</span> <span class='ocrx_word' id='word_1_119' title='bbox 917 1392 1069 1450; x_wconf 89' lang='lat' dir='ltr'>Sterilibus</span> <span class='ocrx_word' id='word_1_120' title='bbox 1087 1391 1206 1471; x_wconf 91' lang='lat' dir='ltr'>quidem</span> <span class='ocrx_word' id='word_1_121' title='bbox 1227 1394 1305 1453; x_wconf 70' lang='lat' dir='ltr'>obsto</span> 
     </span>
     <span class='ocr_line' id='line_1_13' title="bbox 96 1487 1307 1566; baseline -0.002 -13"><span class='ocrx_word' id='word_1_122' title='bbox 96 1491 222 1553; x_wconf 89' lang='lat' dir='ltr'>tricandi</span> <span class='ocrx_word' id='word_1_123' title='bbox 246 1511 350 1549; x_wconf 90' lang='lat' dir='ltr'>munus</span> <span class='ocrx_word' id='word_1_124' title='bbox 370 1511 429 1548; x_wconf 91' lang='lat' dir='ltr'>non</span> <span class='ocrx_word' id='word_1_125' title='bbox 450 1487 548 1562; x_wconf 90' lang='lat' dir='ltr'>dedit,</span> <span class='ocrx_word' id='word_1_126' title='bbox 569 1489 637 1566; x_wconf 88' lang='lat' dir='ltr'>qnia</span> <span class='ocrx_word' id='word_1_127' title='bbox 664 1511 722 1548; x_wconf 91' lang='lat' dir='ltr'>non</span> <span class='ocrx_word' id='word_1_128' title='bbox 750 1490 806 1548; x_wconf 85' lang='lat' dir='ltr'>fert</span> <span class='ocrx_word' id='word_1_129' title='bbox 834 1490 958 1550; x_wconf 91' lang='lat' dir='ltr'>hominis</span> <span class='ocrx_word' id='word_1_130' title='bbox 982 1504 1102 1564; x_wconf 90' lang='lat' dir='ltr'>natura,</span> <span class='ocrx_word' id='word_1_131' title='bbox 1125 1504 1157 1548; x_wconf 91' lang='lat' dir='ltr'>ut</span> <span class='ocrx_word' id='word_1_132' title='bbox 1175 1511 1230 1549; x_wconf 72' lang='lat' dir='ltr'>res</span> <span class='ocrx_word' id='word_1_133' title='bbox 1256 1505 1307 1551; x_wconf 82' lang='lat' dir='ltr'>arte</span> 
     </span>
     <span class='ocr_line' id='line_1_14' title="bbox 93 1586 1306 1668; baseline -0.002 -17"><span class='ocrx_word' id='word_1_134' title='bbox 93 1604 213 1664; x_wconf 89' lang='lat' dir='ltr'>tractet,</span> <span class='ocrx_word' id='word_1_135' title='bbox 233 1608 353 1667; x_wconf 89' lang='lat' dir='ltr'>quarum</span> <span class='ocrx_word' id='word_1_136' title='bbox 372 1588 432 1667; x_wconf 89' lang='lat' dir='ltr'>ipse</span> <span class='ocrx_word' id='word_1_137' title='bbox 449 1587 486 1644; x_wconf 92' lang='lat' dir='ltr'>sit</span> <span class='ocrx_word' id='word_1_138' title='bbox 504 1606 621 1666; x_wconf 83' lang='lat' dir='ltr'>expers:</span> <span class='ocrx_word' id='word_1_139' title='bbox 650 1586 731 1644; x_wconf 88' lang='lat' dir='ltr'>dedit</span> <span class='ocrx_word' id='word_1_140' title='bbox 752 1608 818 1646; x_wconf 90' lang='lat' dir='ltr'>vero</span> <span class='ocrx_word' id='word_1_141' title='bbox 837 1588 915 1662; x_wconf 91' lang='lat' dir='ltr'>illis,</span> <span class='ocrx_word' id='word_1_142' title='bbox 937 1609 1008 1668; x_wconf 89' lang='lat' dir='ltr'>quae</span> <span class='ocrx_word' id='word_1_143' title='bbox 1033 1608 1084 1667; x_wconf 90' lang='lat' dir='ltr'>per</span> <span class='ocrx_word' id='word_1_144' title='bbox 1111 1602 1231 1647; x_wconf 86' lang='lat' dir='ltr'>aetatem</span> <span class='ocrx_word' id='word_1_145' title='bbox 1257 1610 1306 1648; x_wconf 85' lang='lat' dir='ltr'>non</span> 
     </span>
     <span class='ocr_line' id='line_1_15' title="bbox 95 1685 1306 1771; baseline -0.003 -23"><span class='ocrx_word' id='word_1_146' title='bbox 95 1701 209 1771; x_wconf 90' lang='lat' dir='ltr'>possent</span> <span class='ocrx_word' id='word_1_147' title='bbox 236 1686 406 1765; x_wconf 86' lang='lat' dir='ltr'>concipere,</span> <span class='ocrx_word' id='word_1_148' title='bbox 427 1704 522 1743; x_wconf 88' lang='lat' dir='ltr'>earum</span> <span class='ocrx_word' id='word_1_149' title='bbox 551 1704 645 1742; x_wconf 89' lang='lat' dir='ltr'>secum</span> <span class='ocrx_word' id='word_1_150' title='bbox 675 1685 895 1744; x_wconf 88' lang='lat' dir='ltr'>similitudinem</span> <span class='ocrx_word' id='word_1_151' title='bbox 915 1686 1066 1745; x_wconf 87' lang='lat' dir='ltr'>honorans.</span> <span class='ocrx_word' id='word_1_152' title='bbox 1089 1719 1121 1729; x_wconf 93' lang='lat'><em>-</em></span> <span class='ocrx_word' id='word_1_153' title='bbox 1152 1685 1306 1763; x_wconf 83' lang='lat' dir='ltr'>Verisimile</span> 
     </span>
     <span class='ocr_line' id='line_1_16' title="bbox 93 1782 1310 1865; baseline -0.003 -18"><span class='ocrx_word' id='word_1_154' title='bbox 93 1789 146 1847; x_wconf 90' lang='lat' dir='ltr'>hoc</span> <span class='ocrx_word' id='word_1_155' title='bbox 166 1786 291 1865; x_wconf 91' lang='lat' dir='ltr'>quidem.</span> <span class='ocrx_word' id='word_1_156' title='bbox 314 1815 345 1823; x_wconf 95' lang='grc'><strong>-</strong></span> <span class='ocrx_word' id='word_1_157' title='bbox 367 1783 468 1841; x_wconf 85' lang='lat' dir='ltr'>Nonne</span> <span class='ocrx_word' id='word_1_158' title='bbox 491 1803 558 1842; x_wconf 86' lang='lat' dir='ltr'>vero</span> <span class='ocrx_word' id='word_1_159' title='bbox 582 1782 635 1841; x_wconf 92' lang='lat' dir='ltr'>hoc</span> <span class='ocrx_word' id='word_1_160' title='bbox 657 1782 725 1840; x_wconf 91' lang='lat' dir='ltr'>item</span> <span class='ocrx_word' id='word_1_161' title='bbox 749 1797 776 1841; x_wconf 92' lang='lat' dir='ltr'>et</span> <span class='ocrx_word' id='word_1_162' title='bbox 796 1783 951 1843; x_wconf 88' lang='lat' dir='ltr'>verisimile</span> <span class='ocrx_word' id='word_1_163' title='bbox 970 1797 997 1842; x_wconf 90' lang='lat' dir='ltr'>et</span> <span class='ocrx_word' id='word_1_164' title='bbox 1017 1785 1225 1860; x_wconf 91' lang='lat' dir='ltr'>necessarium,</span> <span class='ocrx_word' id='word_1_165' title='bbox 1244 1802 1310 1863; x_wconf 78' lang='lat' dir='ltr'>quac</span> 
     </span>
     <span class='ocr_line' id='line_1_17' title="bbox 94 1881 1309 1967; baseline -0.001 -24"><span class='ocrx_word' id='word_1_166' title='bbox 94 1896 279 1967; x_wconf 81' lang='lat' dir='ltr'>praegnantes</span> <span class='ocrx_word' id='word_1_167' title='bbox 306 1884 383 1955; x_wconf 90' lang='lat' dir='ltr'>sint,</span> <span class='ocrx_word' id='word_1_168' title='bbox 409 1901 536 1959; x_wconf 88' lang='lat' dir='ltr'>quaeque</span> <span class='ocrx_word' id='word_1_169' title='bbox 566 1901 626 1938; x_wconf 90' lang='lat' dir='ltr'>non</span> <span class='ocrx_word' id='word_1_170' title='bbox 654 1881 731 1954; x_wconf 92' lang='lat' dir='ltr'>sint,</span> <span class='ocrx_word' id='word_1_171' title='bbox 757 1881 793 1939; x_wconf 91' lang='lat' dir='ltr'>ab</span> <span class='ocrx_word' id='word_1_172' title='bbox 822 1881 1023 1941; x_wconf 89' lang='lat' dir='ltr'>obstetricibus</span> <span class='ocrx_word' id='word_1_173' title='bbox 1050 1883 1182 1962; x_wconf 85' lang='lat' dir='ltr'>dignosci</span> <span class='ocrx_word' id='word_1_174' title='bbox 1209 1884 1309 1963; x_wconf 79' lang='lat' dir='ltr'>magis,</span> 
     </span>
    </p>

    <p class='ocr_par' dir='ltr' id='par_1_4' title="bbox 54 1979 1311 2451">
     <span class='ocr_line' id='line_1_18' title="bbox 54 1979 1311 2063; baseline -0.002 -20"><span class='ocrx_word' id='word_1_175' title='bbox 54 1981 59 1987; x_wconf 67' lang='grc'><strong>’</strong></span> <span class='ocrx_word' id='word_1_176' title='bbox 93 2005 177 2063; x_wconf 87' lang='lat' dir='ltr'>quam</span> <span class='ocrx_word' id='word_1_177' title='bbox 196 1981 367 2041; x_wconf 80' lang='lat' dir='ltr'>acaeterisl</span> <span class='ocrx_word' id='word_1_178' title='bbox 391 2010 422 2019; x_wconf 89' lang='lat'><em>-</em></span> <span class='ocrx_word' id='word_1_179' title='bbox 450 1979 585 2039; x_wconf 90' lang='lat' dir='ltr'>Omnino.</span> <span class='ocrx_word' id='word_1_180' title='bbox 606 2005 641 2015; x_wconf 91' lang='grc'><strong>-</strong></span> <span class='ocrx_word' id='word_1_181' title='bbox 661 1979 739 2052; x_wconf 90' lang='lat' dir='ltr'>Quin</span> <span class='ocrx_word' id='word_1_182' title='bbox 760 1981 844 2038; x_wconf 88' lang='lat' dir='ltr'>etiam</span> <span class='ocrx_word' id='word_1_183' title='bbox 857 1993 976 2060; x_wconf 88' lang='lat' dir='ltr'>possunt</span> <span class='ocrx_word' id='word_1_184' title='bbox 993 1980 1157 2040; x_wconf 88' lang='lat' dir='ltr'>obstetrices</span> <span class='ocrx_word' id='word_1_185' title='bbox 1177 1995 1205 2040; x_wconf 89' lang='lat' dir='ltr'>et</span> <span class='ocrx_word' id='word_1_186' title='bbox 1222 1980 1311 2041; x_wconf 81' lang='lat' dir='ltr'>mede·</span> 
     </span>
     <span class='ocr_line' id='line_1_19' title="bbox 93 2075 1311 2162; baseline -0.003 -21"><span class='ocrx_word' id='word_1_187' title='bbox 93 2080 130 2141; x_wconf 93' lang='lat' dir='ltr'>lis</span> <span class='ocrx_word' id='word_1_188' title='bbox 149 2077 340 2162; x_wconf 88' lang='lat' dir='ltr'>praebendis,</span> <span class='ocrx_word' id='word_1_189' title='bbox 361 2090 389 2135; x_wconf 93' lang='lat' dir='ltr'>et</span> <span class='ocrx_word' id='word_1_190' title='bbox 418 2075 595 2135; x_wconf 88' lang='lat' dir='ltr'>adhibendis</span> <span class='ocrx_word' id='word_1_191' title='bbox 610 2077 888 2154; x_wconf 80' lang='lat' dir='ltr'>incantationibus,</span> <span class='ocrx_word' id='word_1_192' title='bbox 910 2100 975 2136; x_wconf 91' lang='lat' dir='ltr'>cum</span> <span class='ocrx_word' id='word_1_193' title='bbox 999 2079 1124 2138; x_wconf 79' lang='lat' dir='ltr'>excitare</span> <span class='ocrx_word' id='word_1_194' title='bbox 1149 2080 1311 2159; x_wconf 85' lang='lat' dir='ltr'>parturien-</span> 
     </span>
     <span class='ocr_line' id='line_1_20' title="bbox 92 2174 1311 2258; baseline -0.006 -18"><span class='ocrx_word' id='word_1_195' title='bbox 92 2182 164 2240; x_wconf 90' lang='lat' dir='ltr'>tium</span> <span class='ocrx_word' id='word_1_196' title='bbox 179 2176 308 2250; x_wconf 88' lang='lat' dir='ltr'>dolores,</span> <span class='ocrx_word' id='word_1_197' title='bbox 329 2189 390 2234; x_wconf 90' lang='lat' dir='ltr'>tum</span> <span class='ocrx_word' id='word_1_198' title='bbox 398 2220 407 2249; x_wconf 95' lang='lat'>,</span> <span class='ocrx_word' id='word_1_199' title='bbox 428 2194 548 2253; x_wconf 86' lang='lat' dir='ltr'>quarum</span> <span class='ocrx_word' id='word_1_200' title='bbox 568 2174 689 2248; x_wconf 87' lang='lat' dir='ltr'>volunt,</span> <span class='ocrx_word' id='word_1_201' title='bbox 711 2175 826 2249; x_wconf 87' lang='lat' dir='ltr'>sedare,</span> <span class='ocrx_word' id='word_1_202' title='bbox 842 2175 954 2235; x_wconf 85' lang='lat' dir='ltr'>efficere</span> <span class='ocrx_word' id='word_1_203' title='bbox 969 2179 1050 2251; x_wconf 91' lang='lat' dir='ltr'>item,</span> <span class='ocrx_word' id='word_1_204' title='bbox 1073 2190 1104 2235; x_wconf 91' lang='lat' dir='ltr'>ut</span> <span class='ocrx_word' id='word_1_205' title='bbox 1114 2180 1228 2258; x_wconf 83' lang='lat' dir='ltr'>pariant</span> <span class='ocrx_word' id='word_1_206' title='bbox 1243 2194 1311 2257; x_wconf 76' lang='lat' dir='ltr'>quae</span> 
     </span>
     <span class='ocr_line' id='line_1_21' title="bbox 93 2261 1311 2357; baseline -0.003 -21"><span class='ocrx_word' id='word_1_207' title='bbox 93 2298 173 2357; x_wconf 89' lang='lat' dir='ltr'>aegre</span> <span class='ocrx_word' id='word_1_208' title='bbox 192 2274 374 2357; x_wconf 90' lang='lat' dir='ltr'>parturiunt:</span> <span class='ocrx_word' id='word_1_209' title='bbox 397 2271 586 2350; x_wconf 89' lang='lat' dir='ltr'>eaedemque,</span> <span class='ocrx_word' id='word_1_210' title='bbox 608 2273 631 2329; x_wconf 92' lang='lat' dir='ltr'>si</span> <span class='ocrx_word' id='word_1_211' title='bbox 652 2261 768 2350; x_wconf 84' lang='lat' dir='ltr'>quando</span> <span class='ocrx_word' id='word_1_212' title='bbox 791 2272 895 2332; x_wconf 86' lang='lat' dir='ltr'>abortu</span> <span class='ocrx_word' id='word_1_213' title='bbox 919 2293 990 2354; x_wconf 88' lang='lat' dir='ltr'>opus</span> <span class='ocrx_word' id='word_1_214' title='bbox 1016 2289 1075 2350; x_wconf 86' lang='lat' dir='ltr'>est,</span> <span class='ocrx_word' id='word_1_215' title='bbox 1096 2277 1228 2334; x_wconf 88' lang='lat' dir='ltr'>abortum</span> <span class='ocrx_word' id='word_1_216' title='bbox 1249 2270 1311 2333; x_wconf 82' lang='lat' dir='ltr'>effi-</span> 
     </span>
     <span class='ocr_line' id='line_1_22' title="bbox 95 2369 1311 2451; baseline -0.001 -18"><span class='ocrx_word' id='word_1_217' title='bbox 95 2376 185 2434; x_wconf 90' lang='lat' dir='ltr'>ciunt.</span> <span class='ocrx_word' id='word_1_218' title='bbox 210 2369 238 2451; x_wconf 89' lang='lat' dir='ltr'>l)</span> <span class='ocrx_word' id='word_1_219' title='bbox 260 2401 290 2408; x_wconf 92' lang='grc'>-</span> <span class='ocrx_word' id='word_1_220' title='bbox 312 2372 362 2430; x_wconf 90' lang='lat' dir='ltr'>Est</span> <span class='ocrx_word' id='word_1_221' title='bbox 380 2392 446 2429; x_wconf 90' lang='lat' dir='ltr'>sane</span> <span class='ocrx_word' id='word_1_222' title='bbox 466 2371 514 2430; x_wconf 87' lang='lat' dir='ltr'>ita.</span> <span class='ocrx_word' id='word_1_223' title='bbox 536 2396 570 2408; x_wconf 85' lang='grc'>-</span> <span class='ocrx_word' id='word_1_224' title='bbox 586 2370 733 2448; x_wconf 89' lang='lat' dir='ltr'>Numquid</span> <span class='ocrx_word' id='word_1_225' title='bbox 748 2384 775 2429; x_wconf 89' lang='lat' dir='ltr'>et</span> <span class='ocrx_word' id='word_1_226' title='bbox 792 2371 846 2429; x_wconf 90' lang='lat' dir='ltr'>hoc</span> <span class='ocrx_word' id='word_1_227' title='bbox 861 2372 897 2430; x_wconf 91' lang='lat' dir='ltr'>de</span> <span class='ocrx_word' id='word_1_228' title='bbox 916 2372 977 2430; x_wconf 92' lang='lat' dir='ltr'>illis</span> <span class='ocrx_word' id='word_1_229' title='bbox 992 2373 1237 2449; x_wconf 87' lang='lat' dir='ltr'>animadvertisti,</span> <span class='ocrx_word' id='word_1_230' title='bbox 1255 2390 1311 2432; x_wconf 79' lang='lat' dir='ltr'>este</span> 
     </span>
    </p>

    <p class='ocr_par' dir='ltr' id='par_1_5' title="bbox 18 2469 1311 2649">
     <span class='ocr_line' id='line_1_23' title="bbox 18 2469 1311 2552; baseline -0.001 -24"><span class='ocrx_word' id='word_1_231' title='bbox 18 2524 20 2528; x_wconf 77' lang='grc'>,</span> <span class='ocrx_word' id='word_1_232' title='bbox 94 2472 206 2532; x_wconf 87' lang='lat' dir='ltr'>easdem</span> <span class='ocrx_word' id='word_1_233' title='bbox 225 2471 415 2550; x_wconf 88' lang='lat' dir='ltr'>sagacissimas</span> <span class='ocrx_word' id='word_1_234' title='bbox 437 2471 682 2529; x_wconf 88' lang='lat' dir='ltr'>matrimoniorum</span> <span class='ocrx_word' id='word_1_235' title='bbox 702 2469 929 2545; x_wconf 89' lang='lat' dir='ltr'>conciliatrices,</span> <span class='ocrx_word' id='word_1_236' title='bbox 955 2472 1061 2550; x_wconf 86' lang='lat' dir='ltr'>quippe</span> <span class='ocrx_word' id='word_1_237' title='bbox 1085 2492 1221 2551; x_wconf 84' lang='lat' dir='ltr'>perquam</span> <span class='ocrx_word' id='word_1_238' title='bbox 1243 2490 1311 2552; x_wconf 90' lang='lat' dir='ltr'>pru-</span> 
     </span>
     <span class='ocr_line' id='line_1_24' title="bbox 94 2567 1311 2649; baseline -0.005 -17"><span class='ocrx_word' id='word_1_239' title='bbox 94 2572 194 2632; x_wconf 90' lang='lat' dir='ltr'>dentes</span> <span class='ocrx_word' id='word_1_240' title='bbox 212 2570 244 2628; x_wconf 92' lang='lat' dir='ltr'>in</span> <span class='ocrx_word' id='word_1_241' title='bbox 263 2567 427 2641; x_wconf 90' lang='lat' dir='ltr'>cernendo,</span> <span class='ocrx_word' id='word_1_242' title='bbox 448 2567 542 2646; x_wconf 90' lang='lat' dir='ltr'>qualis</span> <span class='ocrx_word' id='word_1_243' title='bbox 562 2567 664 2625; x_wconf 92' lang='lat' dir='ltr'>mulier</span> <span class='ocrx_word' id='word_1_244' title='bbox 684 2568 763 2646; x_wconf 88' lang='lat' dir='ltr'>quali</span> <span class='ocrx_word' id='word_1_245' title='bbox 785 2569 849 2627; x_wconf 89' lang='lat' dir='ltr'>viro</span> <span class='ocrx_word' id='word_1_246' title='bbox 863 2569 966 2645; x_wconf 90' lang='lat' dir='ltr'>juncta</span> <span class='ocrx_word' id='word_1_247' title='bbox 985 2571 1104 2648; x_wconf 93' lang='lat' dir='ltr'>optimos</span> <span class='ocrx_word' id='word_1_248' title='bbox 1125 2571 1218 2649; x_wconf 87' lang='lat' dir='ltr'>pariat</span> <span class='ocrx_word' id='word_1_249' title='bbox 1238 2568 1311 2627; x_wconf 81' lang='lat' dir='ltr'>libe-</span> 
     </span>
    </p>

    <p class='ocr_par' dir='ltr' id='par_1_6' title="bbox 4 2665 1307 3822">
     <span class='ocr_line' id='line_1_25' title="bbox 4 2665 1307 2747; baseline -0.003 -18"><span class='ocrx_word' id='word_1_250' title='bbox 4 2694 7 2698; x_wconf 91' lang='lat'>·</span> <span class='ocrx_word' id='word_1_251' title='bbox 93 2672 162 2729; x_wconf 71' lang='lat' dir='ltr'>ros?</span> <span class='ocrx_word' id='word_1_252' title='bbox 183 2696 218 2706; x_wconf 90' lang='grc'>-</span> <span class='ocrx_word' id='word_1_253' title='bbox 238 2667 273 2726; x_wconf 92' lang='lat' dir='ltr'>Id</span> <span class='ocrx_word' id='word_1_254' title='bbox 291 2687 350 2724; x_wconf 90' lang='lat' dir='ltr'>non</span> <span class='ocrx_word' id='word_1_255' title='bbox 379 2666 446 2723; x_wconf 86' lang='lat' dir='ltr'>satis</span> <span class='ocrx_word' id='word_1_256' title='bbox 466 2666 545 2724; x_wconf 87' lang='lat' dir='ltr'>novi.</span> <span class='ocrx_word' id='word_1_257' title='bbox 566 2692 601 2702; x_wconf 83' lang='grc'><strong>-</strong></span> <span class='ocrx_word' id='word_1_258' title='bbox 621 2665 698 2723; x_wconf 90' lang='lat' dir='ltr'>Se&#39;ito</span> <span class='ocrx_word' id='word_1_259' title='bbox 717 2686 804 2738; x_wconf 91' lang='lat' dir='ltr'>ver0,</span> <span class='ocrx_word' id='word_1_260' title='bbox 825 2665 878 2724; x_wconf 93' lang='lat' dir='ltr'>hoc</span> <span class='ocrx_word' id='word_1_261' title='bbox 898 2687 943 2724; x_wconf 87' lang='lat' dir='ltr'>eas</span> <span class='ocrx_word' id='word_1_262' title='bbox 965 2667 1053 2745; x_wconf 91' lang='lat' dir='ltr'>magis</span> <span class='ocrx_word' id='word_1_263' title='bbox 1073 2666 1209 2746; x_wconf 86' lang='lat' dir='ltr'>gloriari,</span> <span class='ocrx_word' id='word_1_264' title='bbox 1229 2684 1307 2747; x_wconf 86' lang='lat' dir='ltr'>quam</span> 
     </span>
     <span class='ocr_line' id='line_1_26' title="bbox 93 2763 1306 2844; baseline -0.002 -18"><span class='ocrx_word' id='word_1_265' title='bbox 93 2767 225 2826; x_wconf 93' lang='lat' dir='ltr'>umbilici</span> <span class='ocrx_word' id='word_1_266' title='bbox 249 2764 398 2824; x_wconf 90' lang='lat' dir='ltr'>incisione.</span> <span class='ocrx_word' id='word_1_267' title='bbox 440 2763 512 2822; x_wconf 87' lang='lat' dir='ltr'>Nam</span> <span class='ocrx_word' id='word_1_268' title='bbox 536 2778 654 2844; x_wconf 88' lang='lat' dir='ltr'>reputa:</span> <span class='ocrx_word' id='word_1_269' title='bbox 677 2763 858 2841; x_wconf 85' lang='lat' dir='ltr'>ejusdemne,</span> <span class='ocrx_word' id='word_1_270' title='bbox 880 2784 917 2821; x_wconf 92' lang='lat' dir='ltr'>an</span> <span class='ocrx_word' id='word_1_271' title='bbox 943 2763 1016 2822; x_wconf 91' lang='lat' dir='ltr'>alius</span> <span class='ocrx_word' id='word_1_272' title='bbox 1037 2766 1106 2823; x_wconf 87' lang='lat' dir='ltr'>artis</span> <span class='ocrx_word' id='word_1_273' title='bbox 1131 2785 1189 2824; x_wconf 89' lang='lat' dir='ltr'>esse</span> <span class='ocrx_word' id='word_1_274' title='bbox 1218 2764 1306 2824; x_wconf 82' lang='lat' dir='ltr'>existi·</span> 
     </span>
     <span class='ocr_line' id='line_1_27' title="bbox 92 2861 1304 2943; baseline -0.003 -17"><span class='ocrx_word' id='word_1_275' title='bbox 92 2889 167 2938; x_wconf 91' lang='lat' dir='ltr'>mas,</span> <span class='ocrx_word' id='word_1_276' title='bbox 189 2863 280 2943; x_wconf 86' lang='lat' dir='ltr'>colere</span> <span class='ocrx_word' id='word_1_277' title='bbox 295 2882 327 2919; x_wconf 86' lang='lat' dir='ltr'>ac</span> <span class='ocrx_word' id='word_1_278' title='bbox 349 2861 501 2940; x_wconf 86' lang='lat' dir='ltr'>colligere,</span> <span class='ocrx_word' id='word_1_279' title='bbox 522 2863 572 2940; x_wconf 91' lang='lat' dir='ltr'>qui</span> <span class='ocrx_word' id='word_1_280' title='bbox 598 2883 612 2919; x_wconf 90' lang='lat' dir='ltr'>e</span> <span class='ocrx_word' id='word_1_281' title='bbox 637 2874 711 2919; x_wconf 87' lang='lat' dir='ltr'>terra</span> <span class='ocrx_word' id='word_1_282' title='bbox 732 2875 909 2936; x_wconf 86' lang='lat' dir='ltr'>nascuntur,</span> <span class='ocrx_word' id='word_1_283' title='bbox 932 2862 1040 2919; x_wconf 84' lang='lat' dir='ltr'>fructus</span> <span class='ocrx_word' id='word_1_284' title='bbox 1052 2887 1060 2937; x_wconf 77' lang='lat'>3</span> <span class='ocrx_word' id='word_1_285' title='bbox 1083 2876 1111 2920; x_wconf 88' lang='lat' dir='ltr'>et</span> <span class='ocrx_word' id='word_1_286' title='bbox 1139 2880 1236 2922; x_wconf 87' lang='lat' dir='ltr'>rursus</span> <span class='ocrx_word' id='word_1_287' title='bbox 1261 2861 1304 2921; x_wconf 88' lang='lat' dir='ltr'>di-</span> 
     </span>
     <span class='ocr_line' id='line_1_28' title="bbox 93 2959 1302 3044; baseline -0.003 -20"><span class='ocrx_word' id='word_1_288' title='bbox 93 2984 245 3044; x_wconf 89' lang='lat' dir='ltr'>gnoscere,</span> <span class='ocrx_word' id='word_1_289' title='bbox 266 2960 312 3018; x_wconf 94' lang='lat' dir='ltr'>cui</span> <span class='ocrx_word' id='word_1_290' title='bbox 333 2959 393 3018; x_wconf 94' lang='lat' dir='ltr'>solo</span> <span class='ocrx_word' id='word_1_291' title='bbox 413 2980 496 3037; x_wconf 90' lang='lat' dir='ltr'>quam</span> <span class='ocrx_word' id='word_1_292' title='bbox 521 2960 663 3040; x_wconf 85' lang='lat' dir='ltr'>plantam,</span> <span class='ocrx_word' id='word_1_293' title='bbox 685 2959 799 3037; x_wconf 87' lang='lat' dir='ltr'>quodve</span> <span class='ocrx_word' id='word_1_294' title='bbox 823 2981 918 3018; x_wconf 91' lang='lat' dir='ltr'>semen</span> <span class='ocrx_word' id='word_1_295' title='bbox 943 2961 1117 3018; x_wconf 91' lang='lat' dir='ltr'>committere</span> <span class='ocrx_word' id='word_1_296' title='bbox 1137 2961 1257 3020; x_wconf 79' lang='lat' dir='ltr'>deccat?</span> <span class='ocrx_word' id='word_1_297' title='bbox 1276 2980 1302 2995; x_wconf 85' lang='lat'>··</span> 
     </span>
     <span class='ocr_line' id='line_1_29' title="bbox 93 3056 1302 3133; baseline -0.005 -13"><span class='ocrx_word' id='word_1_298' title='bbox 93 3063 158 3120; x_wconf 88' lang='lat' dir='ltr'>Non</span> <span class='ocrx_word' id='word_1_299' title='bbox 187 3080 273 3132; x_wconf 90' lang='lat' dir='ltr'>sane,</span> <span class='ocrx_word' id='word_1_300' title='bbox 294 3056 344 3116; x_wconf 89' lang='lat' dir='ltr'>sed</span> <span class='ocrx_word' id='word_1_301' title='bbox 372 3056 497 3133; x_wconf 85' lang='lat' dir='ltr'>ejusdem</span> <span class='ocrx_word' id='word_1_302' title='bbox 526 3071 576 3116; x_wconf 85' lang='lat' dir='ltr'>est.</span> <span class='ocrx_word' id='word_1_303' title='bbox 598 3059 688 3116; x_wconf 89' lang='lat' dir='ltr'>—In</span> <span class='ocrx_word' id='word_1_304' title='bbox 716 3058 848 3116; x_wconf 88' lang='lat' dir='ltr'>foeminis</span> <span class='ocrx_word' id='word_1_305' title='bbox 876 3072 985 3131; x_wconf 89' lang='lat' dir='ltr'>autem,</span> <span class='ocrx_word' id='word_1_306' title='bbox 1012 3079 1028 3116; x_wconf 94' lang='lat' dir='ltr'>o</span> <span class='ocrx_word' id='word_1_307' title='bbox 1057 3058 1167 3133; x_wconf 89' lang='lat' dir='ltr'>amice,</span> <span class='ocrx_word' id='word_1_308' title='bbox 1197 3058 1302 3118; x_wconf 76' lang='lat' dir='ltr'>alteriue</span> 
     </span>
     <span class='ocr_line' id='line_1_30' title="bbox 69 3153 1299 3235; baseline -0.006 -16"><span class='ocrx_word' id='word_1_309' title='bbox 69 3159 237 3220; x_wconf 62' lang='lat' dir='ltr'>‘facultatis</span> <span class='ocrx_word' id='word_1_310' title='bbox 255 3156 328 3229; x_wconf 92' lang='lat' dir='ltr'>hoc,</span> <span class='ocrx_word' id='word_1_311' title='bbox 359 3154 476 3213; x_wconf 84' lang='lat' dir='ltr'>alterius</span> <span class='ocrx_word' id='word_1_312' title='bbox 498 3153 575 3235; x_wconf 86' lang='lat' dir='ltr'>illud</span> <span class='ocrx_word' id='word_1_313' title='bbox 595 3156 761 3215; x_wconf 81' lang='lat' dir='ltr'>existimas?</span> <span class='ocrx_word' id='word_1_314' title='bbox 785 3157 898 3213; x_wconf 90' lang='lat' dir='ltr'>—Non</span> <span class='ocrx_word' id='word_1_315' title='bbox 922 3155 1045 3214; x_wconf 88' lang='lat' dir='ltr'>videtur.</span> <span class='ocrx_word' id='word_1_316' title='bbox 1067 3186 1099 3197; x_wconf 92' lang='lat'>-·</span> <span class='ocrx_word' id='word_1_317' title='bbox 1121 3158 1209 3217; x_wconf 89' lang='lat' dir='ltr'>Haud</span> <span class='ocrx_word' id='word_1_318' title='bbox 1227 3174 1299 3227; x_wconf 79' lang='lat' dir='ltr'>sane3</span> 
     </span>
     <span class='ocr_line' id='line_1_31' title="bbox 93 3247 1299 3336; baseline -0.006 -20"><span class='ocrx_word' id='word_1_319' title='bbox 93 3257 143 3317; x_wconf 91' lang='lat' dir='ltr'>sed</span> <span class='ocrx_word' id='word_1_320' title='bbox 165 3269 277 3336; x_wconf 89' lang='lat' dir='ltr'>propter</span> <span class='ocrx_word' id='word_1_321' title='bbox 296 3254 430 3330; x_wconf 88' lang='lat' dir='ltr'>injustam</span> <span class='ocrx_word' id='word_1_322' title='bbox 453 3253 634 3332; x_wconf 89' lang='lat' dir='ltr'>ineptamque</span> <span class='ocrx_word' id='word_1_323' title='bbox 654 3254 738 3312; x_wconf 86' lang='lat' dir='ltr'>maris</span> <span class='ocrx_word' id='word_1_324' title='bbox 770 3268 797 3312; x_wconf 91' lang='lat' dir='ltr'>et</span> <span class='ocrx_word' id='word_1_325' title='bbox 825 3255 965 3311; x_wconf 86' lang='lat' dir='ltr'>foeminae</span> <span class='ocrx_word' id='word_1_326' title='bbox 994 3256 1244 3332; x_wconf 85' lang='lat' dir='ltr'>conjunctionem,</span> <span class='ocrx_word' id='word_1_327' title='bbox 1261 3247 1299 3311; x_wconf 82' lang='lat' dir='ltr'>cul</span> 
     </span>
     <span class='ocr_line' id='line_1_32' title="bbox 94 3349 1300 3431; baseline -0.003 -17"><span class='ocrx_word' id='word_1_328' title='bbox 94 3358 275 3413; x_wconf 80' lang='lat' dir='ltr'>lenocinium</span> <span class='ocrx_word' id='word_1_329' title='bbox 299 3371 402 3409; x_wconf 90' lang='lat' dir='ltr'>nomen</span> <span class='ocrx_word' id='word_1_330' title='bbox 422 3364 481 3423; x_wconf 90' lang='lat' dir='ltr'>est,</span> <span class='ocrx_word' id='word_1_331' title='bbox 502 3349 680 3408; x_wconf 88' lang='lat' dir='ltr'>conciliandi</span> <span class='ocrx_word' id='word_1_332' title='bbox 704 3353 878 3410; x_wconf 90' lang='lat' dir='ltr'>matrimonii</span> <span class='ocrx_word' id='word_1_333' title='bbox 899 3349 1026 3410; x_wconf 89' lang='lat' dir='ltr'>officium</span> <span class='ocrx_word' id='word_1_334' title='bbox 1043 3352 1161 3431; x_wconf 85' lang='lat' dir='ltr'>fugiunt</span> <span class='ocrx_word' id='word_1_335' title='bbox 1180 3349 1300 3412; x_wconf 88' lang='lat' dir='ltr'>obstetri·</span> 
     </span>
     <span class='ocr_line' id='line_1_33' title="bbox 94 3448 1298 3531; baseline -0.007 -18"><span class='ocrx_word' id='word_1_336' title='bbox 94 3476 157 3526; x_wconf 86' lang='lat' dir='ltr'>ces,</span> <span class='ocrx_word' id='word_1_337' title='bbox 178 3452 285 3531; x_wconf 90' lang='lat' dir='ltr'>quippe</span> <span class='ocrx_word' id='word_1_338' title='bbox 309 3462 399 3506; x_wconf 89' lang='lat' dir='ltr'>castae</span> <span class='ocrx_word' id='word_1_339' title='bbox 425 3468 612 3527; x_wconf 86' lang='lat' dir='ltr'>severaeque,</span> <span class='ocrx_word' id='word_1_340' title='bbox 634 3464 764 3508; x_wconf 86' lang='lat' dir='ltr'>verentes</span> <span class='ocrx_word' id='word_1_341' title='bbox 787 3451 914 3524; x_wconf 89' lang='lat' dir='ltr'>scilicet,</span> <span class='ocrx_word' id='word_1_342' title='bbox 937 3471 972 3507; x_wconf 93' lang='lat' dir='ltr'>ne</span> <span class='ocrx_word' id='word_1_343' title='bbox 1000 3450 1144 3529; x_wconf 89' lang='lat' dir='ltr'>perhanc</span> <span class='ocrx_word' id='word_1_344' title='bbox 1173 3465 1257 3510; x_wconf 85' lang='lat' dir='ltr'>artem</span> <span class='ocrx_word' id='word_1_345' title='bbox 1273 3448 1298 3504; x_wconf 86' lang='lat' dir='ltr'>in</span> 
     </span>
     <span class='ocr_line' id='line_1_34' title="bbox 95 3545 1297 3627; baseline -0.005 -18"><span class='ocrx_word' id='word_1_346' title='bbox 95 3550 233 3611; x_wconf 90' lang='lat' dir='ltr'>lenocinii</span> <span class='ocrx_word' id='word_1_347' title='bbox 253 3547 429 3626; x_wconf 83' lang='lat' dir='ltr'>vituperium</span> <span class='ocrx_word' id='word_1_348' title='bbox 443 3545 590 3604; x_wconf 86' lang='lat' dir='ltr'>incidant:</span> <span class='ocrx_word' id='word_1_349' title='bbox 612 3568 781 3626; x_wconf 89' lang='lat' dir='ltr'>quamquam</span> <span class='ocrx_word' id='word_1_350' title='bbox 796 3547 1016 3622; x_wconf 87' lang='lat' dir='ltr'>obstetricibus,</span> <span class='ocrx_word' id='word_1_351' title='bbox 1037 3569 1108 3627; x_wconf 90' lang='lat' dir='ltr'>quae</span> <span class='ocrx_word' id='word_1_352' title='bbox 1125 3568 1193 3606; x_wconf 90' lang='lat' dir='ltr'>vere</span> <span class='ocrx_word' id='word_1_353' title='bbox 1212 3547 1297 3605; x_wconf 88' lang='lat' dir='ltr'>dicun·</span> 
     </span>
     <span class='ocr_line' id='line_1_35' title="bbox 94 3644 1296 3724; baseline -0.004 -17"><span class='ocrx_word' id='word_1_354' title='bbox 94 3664 159 3722; x_wconf 88' lang='lat' dir='ltr'>tur,</span> <span class='ocrx_word' id='word_1_355' title='bbox 176 3647 243 3705; x_wconf 90' lang='lat' dir='ltr'>solis</span> <span class='ocrx_word' id='word_1_356' title='bbox 265 3647 333 3703; x_wconf 92' lang='lat' dir='ltr'>item</span> <span class='ocrx_word' id='word_1_357' title='bbox 351 3644 488 3703; x_wconf 89' lang='lat' dir='ltr'>convenit</span> <span class='ocrx_word' id='word_1_358' title='bbox 503 3664 592 3702; x_wconf 89' lang='lat' dir='ltr'>mares</span> <span class='ocrx_word' id='word_1_359' title='bbox 608 3645 800 3724; x_wconf 85' lang='lat' dir='ltr'>foeminasque</span> <span class='ocrx_word' id='word_1_360' title='bbox 817 3659 891 3703; x_wconf 89' lang='lat' dir='ltr'>recte</span> <span class='ocrx_word' id='word_1_361' title='bbox 907 3647 1017 3723; x_wconf 85' lang='lat' dir='ltr'>jugare.</span> <span class='ocrx_word' id='word_1_362' title='bbox 1028 3677 1060 3686; x_wconf 90' lang='lat'>—</span> <span class='ocrx_word' id='word_1_363' title='bbox 1072 3648 1160 3706; x_wconf 88' lang='lat' dir='ltr'>Patet.</span> <span class='ocrx_word' id='word_1_364' title='bbox 1174 3645 1296 3705; x_wconf 74' lang='lat' dir='ltr'>-Obste</span> 
     </span>
     <span class='ocr_line' id='line_1_36' title="bbox 94 3742 1295 3822; baseline -0.007 -16"><span class='ocrx_word' id='word_1_365' title='bbox 94 3746 198 3806; x_wconf 90' lang='lat' dir='ltr'>tricum</span> <span class='ocrx_word' id='word_1_366' title='bbox 217 3743 303 3821; x_wconf 86' lang='lat' dir='ltr'>igitur</span> <span class='ocrx_word' id='word_1_367' title='bbox 324 3742 468 3820; x_wconf 87' lang='lat' dir='ltr'>negotium</span> <span class='ocrx_word' id='word_1_368' title='bbox 487 3754 599 3800; x_wconf 91' lang='lat' dir='ltr'>tantum</span> <span class='ocrx_word' id='word_1_369' title='bbox 621 3756 679 3819; x_wconf 73' lang='lat' dir='ltr'>est,</span> <span class='ocrx_word' id='word_1_370' title='bbox 702 3746 798 3803; x_wconf 87' lang='lat' dir='ltr'>minus</span> <span class='ocrx_word' id='word_1_371' title='bbox 818 3764 886 3801; x_wconf 91' lang='lat' dir='ltr'>vero</span> <span class='ocrx_word' id='word_1_372' title='bbox 897 3789 905 3817; x_wconf 90' lang='lat'>,</span> <span class='ocrx_word' id='word_1_373' title='bbox 936 3764 1019 3822; x_wconf 88' lang='lat' dir='ltr'>quam</span> <span class='ocrx_word' id='word_1_374' title='bbox 1039 3765 1141 3803; x_wconf 91' lang='lat' dir='ltr'>meum.</span> <span class='ocrx_word' id='word_1_375' title='bbox 1165 3746 1233 3803; x_wconf 87' lang='lat' dir='ltr'>Nam</span> <span class='ocrx_word' id='word_1_376' title='bbox 1250 3760 1295 3800; x_wconf 89' lang='lat' dir='ltr'>mu·</span> 
     </span>
    </p>
   </div>
   <div class='ocr_carea' id='block_1_3' title="bbox 128 3928 1295 4019">
    <p class='ocr_par' dir='ltr' id='par_1_7' title="bbox 128 3928 1295 4019">
     <span class='ocr_line' id='line_1_37' title="bbox 128 3928 1295 4019; baseline -0.003 -21"><span class='ocrx_word' id='word_1_377' title='bbox 128 3948 153 4012; x_wconf 81' lang='grc'>1)</span> <span class='ocrx_word' id='word_1_378' title='bbox 173 3946 270 4000; x_wconf 85' lang='lat' dir='ltr'>Graeca</span> <span class='ocrx_word' id='word_1_379' title='bbox 284 3944 420 3997; x_wconf 82' lang='lat' dir='ltr'>manifesto</span> <span class='ocrx_word' id='word_1_380' title='bbox 435 3953 555 4010; x_wconf 88' lang='lat' dir='ltr'>corrupta</span> <span class='ocrx_word' id='word_1_381' title='bbox 574 3952 645 3996; x_wconf 85' lang='lat' dir='ltr'>sunt:</span> <span class='ocrx_word' id='word_1_382' title='bbox 663 3935 712 3995; x_wconf 77' lang='grc' dir='ltr'>καὶ</span> <span class='ocrx_word' id='word_1_383' title='bbox 733 3930 784 3995; x_wconf 67' lang='grc' dir='ltr'>ἐὰν</span> <span class='ocrx_word' id='word_1_384' title='bbox 804 3929 869 3994; x_wconf 72' lang='grc' dir='ltr'><em>νέον</em></span> <span class='ocrx_word' id='word_1_385' title='bbox 891 3929 926 3994; x_wconf 75' lang='grc' dir='ltr'>ὂν</span> <span class='ocrx_word' id='word_1_386' title='bbox 948 3930 1025 4019; x_wconf 70' lang='grc' dir='ltr'>δόξῃ</span> <span class='ocrx_word' id='word_1_387' title='bbox 1052 3930 1230 4013; x_wconf 74' lang='grc' dir='ltr'>ἄμβλίσκειν,</span> <span class='ocrx_word' id='word_1_388' title='bbox 1250 3928 1295 4011; x_wconf 61' lang='lat' dir='ltr'>titt·</span> 
     </span>
    </p>
   </div>
   <div class='ocr_carea' id='block_1_4' title="bbox 94 4032 1296 4129">
    <p class='ocr_par' dir='ltr' id='par_1_8' title="bbox 94 4032 1296 4129">
     <span class='ocr_line' id='line_1_38' title="bbox 94 4032 1296 4129; baseline -0.013 -20"><span class='ocrx_word' id='word_1_389' title='bbox 94 4049 264 4129; x_wconf 78' lang='grc' dir='ltr'><strong><em>βλίσκουσιν.</em></strong></span> <span class='ocrx_word' id='word_1_390' title='bbox 287 4056 361 4117; x_wconf 84' lang='lat' dir='ltr'>Fuit,</span> <span class='ocrx_word' id='word_1_391' title='bbox 381 4066 436 4102; x_wconf 88' lang='lat' dir='ltr'>omn</span> <span class='ocrx_word' id='word_1_392' title='bbox 449 4049 509 4099; x_wconf 86' lang='lat' dir='ltr'>milri</span> <span class='ocrx_word' id='word_1_393' title='bbox 526 4051 633 4102; x_wconf 85' lang='lat' dir='ltr'>mirifice</span> <span class='ocrx_word' id='word_1_394' title='bbox 648 4053 776 4118; x_wconf 86' lang='lat' dir='ltr'>placerem</span> <span class='ocrx_word' id='word_1_395' title='bbox 792 4052 971 4118; x_wconf 87' lang='lat' dir='ltr'>conjiciendo:</span> <span class='ocrx_word' id='word_1_396' title='bbox 989 4036 1038 4098; x_wconf 81' lang='grc' dir='ltr'><strong><em>καί</em></strong></span> <span class='ocrx_word' id='word_1_397' title='bbox 1059 4032 1111 4097; x_wconf 66' lang='grc' dir='ltr'>ἐὰν</span> <span class='ocrx_word' id='word_1_398' title='bbox 1131 4032 1296 4116; x_wconf 60' lang='lat' dir='ltr'>decorator</span> 
     </span>
    </p>
   </div>
   <div class='ocr_carea' id='block_1_5' title="bbox 30 4140 1294 4418">
    <p class='ocr_par' dir='ltr' id='par_1_9' title="bbox 30 4140 1294 4418">
     <span class='ocr_line' id='line_1_39' title="bbox 30 4140 1293 4235; baseline -0.009 -23"><span class='ocrx_word' id='word_1_399' title='bbox 30 4157 34 4166; x_wconf 83' lang='grc'><em>’</em></span> <span class='ocrx_word' id='word_1_400' title='bbox 95 4145 187 4235; x_wconf 65' lang='grc' dir='ltr'><em>δόξῃ,</em></span> <span class='ocrx_word' id='word_1_401' title='bbox 209 4143 388 4227; x_wconf 59' lang='lat' dir='ltr'>eutitianae,</span> <span class='ocrx_word' id='word_1_402' title='bbox 411 4172 443 4207; x_wconf 87' lang='lat' dir='ltr'>eo</span> <span class='ocrx_word' id='word_1_403' title='bbox 463 4172 556 4219; x_wconf 82' lang='lat' dir='ltr'>sensu,</span> <span class='ocrx_word' id='word_1_404' title='bbox 579 4166 607 4208; x_wconf 90' lang='lat' dir='ltr'>ut</span> <span class='ocrx_word' id='word_1_405' title='bbox 629 4142 664 4206; x_wconf 72' lang='grc' dir='ltr'>ου’</span> <span class='ocrx_word' id='word_1_406' title='bbox 683 4140 803 4225; x_wconf 69' lang='grc' dir='ltr'><em>γόνιμον</em></span> <span class='ocrx_word' id='word_1_407' title='bbox 824 4160 940 4215; x_wconf 85' lang='lat' dir='ltr'>notaret,</span> <span class='ocrx_word' id='word_1_408' title='bbox 960 4153 1044 4217; x_wconf 88' lang='lat' dir='ltr'>prouti</span> <span class='ocrx_word' id='word_1_409' title='bbox 1063 4149 1112 4201; x_wconf 81' lang='lat'>157</span> <span class='ocrx_word' id='word_1_410' title='bbox 1126 4149 1157 4201; x_wconf 91' lang='lat' dir='ltr'>D.</span> <span class='ocrx_word' id='word_1_411' title='bbox 1172 4150 1293 4217; x_wconf 69' lang='lat' dir='ltr'>Vidsptt·</span> 
     </span>
     <span class='ocr_line' id='line_1_40' title="bbox 95 4243 1294 4318; baseline -0.009 -15"><span class='ocrx_word' id='word_1_412' title='bbox 95 4257 151 4304; x_wconf 81' lang='lat' dir='ltr'>erit.</span> <span class='ocrx_word' id='word_1_413' title='bbox 169 4269 193 4318; x_wconf 94' lang='lat' dir='ltr'>p.</span> <span class='ocrx_word' id='word_1_414' title='bbox 205 4251 247 4302; x_wconf 84' lang='lat'>28.</span> <span class='ocrx_word' id='word_1_415' title='bbox 271 4251 322 4302; x_wconf 87' lang='lat' dir='ltr'>Sed</span> <span class='ocrx_word' id='word_1_416' title='bbox 344 4250 433 4315; x_wconf 82' lang='lat' dir='ltr'>rejecit</span> <span class='ocrx_word' id='word_1_417' title='bbox 443 4251 584 4316; x_wconf 88' lang='lat' dir='ltr'>juvenilem</span> <span class='ocrx_word' id='word_1_418' title='bbox 598 4252 764 4301; x_wconf 87' lang='lat' dir='ltr'>temeritatem</span> <span class='ocrx_word' id='word_1_419' title='bbox 780 4258 850 4300; x_wconf 88' lang='lat' dir='ltr'>aetas</span> <span class='ocrx_word' id='word_1_420' title='bbox 866 4249 1022 4315; x_wconf 88' lang='lat' dir='ltr'>provectior.</span> <span class='ocrx_word' id='word_1_421' title='bbox 1046 4245 1118 4296; x_wconf 89' lang='lat' dir='ltr'>Nune</span> <span class='ocrx_word' id='word_1_422' title='bbox 1133 4247 1233 4314; x_wconf 87' lang='lat' dir='ltr'>quidem</span> <span class='ocrx_word' id='word_1_423' title='bbox 1244 4243 1294 4293; x_wconf 76' lang='lat' dir='ltr'>tau</span> 
     </span>
     <span class='ocr_line' id='line_1_41' title="bbox 95 4328 1293 4418; baseline -0.006 -21"><span class='ocrx_word' id='word_1_424' title='bbox 95 4347 161 4397; x_wconf 87' lang='lat' dir='ltr'>verti</span> <span class='ocrx_word' id='word_1_425' title='bbox 182 4345 214 4395; x_wconf 90' lang='lat' dir='ltr'>de</span> <span class='ocrx_word' id='word_1_426' title='bbox 233 4343 374 4395; x_wconf 85' lang='lat' dir='ltr'>Heindorlii</span> <span class='ocrx_word' id='word_1_427' title='bbox 395 4342 558 4407; x_wconf 84' lang='lat' dir='ltr'>conjectura:</span> <span class='ocrx_word' id='word_1_428' title='bbox 577 4330 629 4395; x_wconf 73' lang='grc' dir='ltr'>ἒὰν</span> <span class='ocrx_word' id='word_1_429' title='bbox 650 4328 719 4395; x_wconf 70' lang='lat' dir='ltr'>(lade</span> <span class='ocrx_word' id='word_1_430' title='bbox 741 4328 825 4418; x_wconf 66' lang='grc' dir='ltr'><em>δόξῃ.</em></span> <span class='ocrx_word' id='word_1_431' title='bbox 849 4345 980 4410; x_wconf 81' lang='lat' dir='ltr'>(Fortasse</span> <span class='ocrx_word' id='word_1_432' title='bbox 996 4344 1146 4410; x_wconf 86' lang='lat' dir='ltr'>simpliciter</span> <span class='ocrx_word' id='word_1_433' title='bbox 1162 4337 1293 4413; x_wconf 64' lang='lat' dir='ltr'>legendum*</span> 
     </span>
    </p>
   </div>
   <div class='ocr_carea' id='block_1_6' title="bbox 96 4430 935 4521">
    <p class='ocr_par' dir='ltr' id='par_1_10' title="bbox 96 4430 935 4521">
     <span class='ocr_line' id='line_1_42' title="bbox 96 4430 935 4521; baseline -0.008 -19"><span class='ocrx_word' id='word_1_434' title='bbox 96 4436 147 4503; x_wconf 76' lang='lat' dir='ltr'>e&#39;riv</span> <span class='ocrx_word' id='word_1_435' title='bbox 172 4435 288 4518; x_wconf 66' lang='grc' dir='ltr'>ἔμειναν</span> <span class='ocrx_word' id='word_1_436' title='bbox 314 4430 391 4521; x_wconf 73' lang='grc' dir='ltr'>δόξῃ</span> <span class='ocrx_word' id='word_1_437' title='bbox 413 4430 591 4514; x_wconf 64' lang='lat' dir='ltr'>dardunaco,</span> <span class='ocrx_word' id='word_1_438' title='bbox 614 4431 816 4511; x_wconf 77' lang='grc' dir='ltr'><strong><em>οἷιιβλύνουσιν.</em></strong></span> <span class='ocrx_word' id='word_1_439' title='bbox 830 4485 860 4492; x_wconf 86' lang='grc'><strong>-</strong></span> <span class='ocrx_word' id='word_1_440' title='bbox 879 4454 916 4503; x_wconf 75' lang='lat' dir='ltr'>Ed</span> <span class='ocrx_word' id='word_1_441' title='bbox 928 4455 935 4517; x_wconf 68' lang='lat' dir='ltr'>J</span> 
     </span>
    </p>
   </div>
   <div class='ocr_carea' id='block_1_7' title="bbox 0 0 1392 5048">
    <p class='ocr_par' dir='ltr' id='par_1_11' title="bbox 0 0 1392 5048">
     <span class='ocr_line' id='line_1_43' title="bbox 0 0 1392 5048; baseline 0 1"><span class='ocrx_word' id='word_1_442' title='bbox 0 0 1392 5048; x_wconf 95' lang='lat' dir='ltr'> </span> 
     </span>
    </p>
   </div>
  </div>
 </body>
</html>
