2796 5048
645 270 703 330 tte

44 422 166 509 ἔρχεται
194 432 354 506 ιιιμεῖσθαι
382 423 398 489 o'
425 427 627 523 μιμούμενος,Ι
658 429 719 512 ἆρα
750 431 802 494 otiu
830 433 945 495 ἐπείπεσ
979 441 1136 516 συλλαβαῖς
1170 465 1200 501 τε
1236 439 1284 500 καὶ

44 527 215 614 νράμμααιν
236 556 256 612 y
286 531 413 613 ιῗιιμησις
442 529 580 615 τυγχάνει
604 531 680 597 οοσα
701 539 756 618 τῆς
785 534 900 612 οὐσίας,
929 528 1104 621 ὀρθότατόν
1136 541 1197 602 ἐστι
1224 540 1284 601 dn-

44 631 149 696 tinen
179 630 217 695 τά
245 640 380 715 στοιχεῖα
402 639 534 716 πρῶτον,Ι
561 631 660 722 ὥσπερ
681 636 710 700 οἱ
728 638 941 723 ἐπιχειροῦντες
957 647 1024 722 Ιτοῖς
1048 637 1202 722 ραθμοῖς,
1225 643 1285 704 risio

44 735 197 818 πτωχείαν
222 738 343 818 πρῶτον
369 733 423 812 τάς
458 734 605 818 δομάμεις
635 740 802 816 draitonam,
836 737 934 804 ἔπειτα
958 743 1020 804 τῶν
1041 744 1213 824 σολλαβοῖν·
1239 746 1287 807 καὶ

44 835 138 914 nitar
164 833 223 921 ἤδη
255 836 392 921 ἔρχονται
424 839 472 901 ἐπὶ
508 839 577 918 τούς
609 838 755 924 ρὐθμσάς
789 839 979 924 σκεψόμενοι,
1014 842 1160 927 πρότερον
1183 843 1211 908 δ’
1234 842 1284 908 oii-

44 953 114 1021 puis
130 964 198 1000 aero
215 951 256 1002 sit
274 947 467 1005 discretionis
487 947 614 1006 modas?
635 949 740 1006 Nonne
750 996 757 1022 ‚
780 950 1016 1026 quandoquidem
1037 953 1162 1027 syllabis
1178 953 1284 1007 stlite-

44 1050 246 1111 ”isesssntiaa
256 1044 301 1119 fit
319 1051 472 1116 imitatio,
490 1055 627 1122 primam
635 1057 777 1124 praestat
786 1048 931 1104 alernenta
942 1047 1156 1128 distinguere?
1178 1047 1285 1128 Quem·

44 1131 200 1201 trimodum
223 1148 275 1219 qai
296 1143 449 1219 rhythmis
473 1145 549 1201 daret
568 1167 706 1223 oporam,
736 1149 949 1204 elementorum
974 1155 1110 1222 priorum
1141 1155 1200 1204 uini
1226 1148 1285 1204 dis·

44 1249 192 1314 emant,
225 1249 290 1297 tuna
320 1242 526 1318 syllabarum:
558 1253 601 1302 sie
623 1246 743 1302 tondent
764 1255 842 1322 ipsos
861 1246 1089 1324 aggrediantur
1109 1244 1286 1322 rlrytltmos,

44 1354 99 1399 tan
125 1358 192 1396 asro
209 1340 331 1414 prius.''
358 1339 386 1415 l)

79 1438 149 1497 Non
171 1450 231 1509 est,
254 1436 333 1515 quod
354 1436 424 1495 haec
447 1455 659 1518 persequamur.
698 1438 856 1498 Dialectica
876 1440 1006 1500 Platonis
1024 1435 1209 1520 ratiosquae
1229 1458 1287 1500 cer-

44 1536 159 1612 tendo,
192 1548 225 1594 ut
260 1535 411 1608 vidimus,
446 1536 483 1596 ad
514 1537 726 1597 inveniendum
753 1537 902 1618 procedit,
930 1540 960 1598 in
982 1538 1035 1599 liac
1056 1537 1200 1601 Socratica
1220 1536 1288 1618 περὶ

44 1624 198 1713 ῗνομάτων
226 1626 398 1713 ὀρθότητος
419 1634 617 1715 disputatione
647 1635 742 1693 elucet
771 1637 906 1697 maxime.
948 1637 1006 1696 Sed
1026 1623 1164 1698 ¹diximus
1183 1640 1286 1715 modo,

44 1756 194 1814 perversae
212 1735 405 1815 sophistarum
424 1754 456 1790 ac
481 1732 717 1814 philosophorum
742 1733 931 1814 etymologiae
952 1756 1030 1794 suam
1050 1736 1197 1796 Platonem
1217 1739 1288 1818 phi*

45 1832 216 1914 osophandi
235 1834 378 1891 rationem
398 1834 519 1909 verique
539 1829 719 1905 doctrinam,
742 1852 827 1909 quam
847 1832 1072 1912 metaphysicam
1093 1834 1199 1893 dicunt
1219 1836 1288 1894 vul-

44 1952 94 2011 ςο,
127 1931 302 2011 opposuisse.
348 1931 384 1988 Id
413 1950 428 1985 c
453 1928 579 1987 Socratis
610 1930 663 1989 sub
694 1928 781 1987 finem
812 1926 921 2011 dialogi
952 1950 1081 1989 sermone
1100 1931 1286 2012 intelligitur.

44 1980 212 2089 iffecerat
205 2049 237 2086 m
259 2048 289 2086 ea
313 2048 350 2086 ex
371 2026 526 2088 verbosum
553 2026 783 2106 significatione,
811 2046 877 2087 vere
906 2026 1017 2108 pariter
1040 2029 1171 2087 statuisse
1192 2028 1287 2090 videri

44 2148 103 2187 um
131 2125 330 2204 quimorem,
355 2126 485 2204 tumqui
509 2139 584 2185 stare
611 2125 708 2183 omnia
739 2128 975 2187 contendissent:
1007 2125 1114 2205 quibus
1140 2126 1291 2207 subjungit

44 2224 202 2303 leinceps:
228 2220 503 2281 «tumultuantibus
526 2223 633 2301 igitur,
656 2223 771 2303 inquit,
794 2222 982 2296 nominihus,
1011 2237 1039 2281 et
1059 2220 1286 2283 asseverantibus

44 2314 128 2396 iliis,
150 2338 180 2379 se
200 2341 259 2379 esse
270 2365 279 2395 ,
300 2339 374 2398 qnae
393 2318 510 2379 veritati
530 2332 598 2379 sunt
617 2320 741 2395 similia,
764 2317 833 2381 aliis
851 2334 947 2382 autem
974 2341 1002 2380 se
1022 2340 1081 2380 esse
1107 2320 1286 2402 contenden-

44 2420 140 2494 ibus,
162 2420 244 2495 cujus
262 2416 301 2477 ad
322 2436 450 2477 nor-tuam
472 2418 551 2477 litem
582 2416 834 2498 dijudicabimus?
865 2420 913 2479 rel
940 2435 1065 2497 quonam
1093 2440 1145 2478 nos
1172 2419 1288 2480 tandem

44 2516 273 2581 mnvsrtemus'?
297 2538 355 2574 non
387 2519 465 2576 enim
486 2517 523 2576 ad
541 2515 601 2574 alia
619 2520 737 2578 nomina
756 2516 974 2598 confugiemus,
997 2518 1064 2594 quia
1084 2526 1196 2597 praeter
1214 2514 1283 2576 baec

44 2638 100 2679 ιοιι
125 2628 203 2676 sunt.
244 2607 342 2674 'Atti
371 2606 517 2695 δηλονότι·
537 2605 601 2674 oltt’
631 2607 706 2677 άττα
727 2611 859 2698 ζητητέα
880 2608 958 2694 niy'r
981 2605 1150 2692 ὀνομάτων,
1173 2611 1193 2674 ἃ
1213 2608 1287 2695 η’μῖν

44 2702 187 2795 ἐμφανιεῖ
214 2707 281 2776 ἄνευ
308 2711 477 2794 ὀνομάτων,
500 2708 631 2797 ὁπότερα
649 2712 763 2779 τούτων
788 2716 853 2780 ἐστὶ
871 2711 1009 2797 τάληθῆ,
1033 2712 1167 2786 δείξαντα
1194 2716 1285 2797 δῆλον

44 2810 84 2880 itt
119 2812 176 2896 τάν
205 2810 351 2898 α’λήθειαν
384 2820 444 2879 ταῖν
472 2810 577 2879 ὄντων·
609 2842 713 2880 ueram
742 2820 806 2881 alia
840 2816 985 2897 quasdam
1009 2827 1138 2897 praeter
1164 2825 1285 2876 nomina

44 2922 220 3009 'maerendo
241 2931 332 2995 stent,
352 2943 428 2998 qaas
448 2920 530 2980 nobis
548 2930 613 2979 sine
635 2923 805 2980 nominibus
821 2917 1034 2996 patefaciant,
1066 2927 1139 2973 utra
1156 2926 1285 2974 istorum

44 3040 117 3079 sera
137 3027 215 3092 sint,
247 3040 352 3078 reram
382 3021 521 3078 uidelicet
544 3027 706 3078 veritatem
731 3022 1028 3078 dentonstrontia.-
1048 3013 1091 3072 Ita
1113 3013 1185 3071 mihi
1205 3014 1286 3073 vide·

44 3139 157 3177 :ur.-.
175 3115 205 3175 si
236 3115 305 3175 haec
336 3118 376 3176 ita
405 3139 433 3176 se
462 3113 589 3192 habent,
619 3116 756 3196 Gratyle,
785 3129 925 3196 possunt,
957 3126 988 3171 ut
1005 3106 1142 3185 videtur,
1164 3134 1208 3170 res
1222 3114 1284 3171 sine

44 3210 215 3276 nominibus
232 3215 353 3296 percipi.
365 3239 399 3251 -
420 3218 601 3296 Apparet-
613 3216 674 3275 -Per
691 3211 765 3293 quid
787 3215 876 3292 igitur
896 3207 980 3271 aliud
1000 3231 1096 3290 speras
1124 3208 1194 3268 haec
1214 3231 1283 3291 per-

44 3312 163 3397 cipere,
185 3311 242 3370 nisi
261 3334 317 3391 qua
337 3312 450 3372 ratione
465 3315 577 3392 justum
597 3327 625 3372 et
645 3328 871 3373 consentaneum
889 3312 946 3386 sit,
970 3323 1001 3368 ut
1020 3329 1056 3367 ex
1074 3321 1172 3366 mutua
1187 3327 1284 3365 eorum

44 3408 237 3492 :agnatione‚
269 3410 414 3489 siquidem
449 3425 571 3492 cognata
601 3413 678 3486 sint,
710 3408 872 3483 discamus,
894 3423 955 3467 tum
975 3409 1060 3466 etiam
1081 3407 1142 3484 ipsa
1159 3424 1212 3483 per
1230 3406 1284 3462 se?

44 3508 120 3569 bam
150 3506 229 3587 quod
256 3506 292 3567 ab
324 3508 386 3567 illis
419 3504 567 3568 diversum
596 3521 680 3586 atque
704 3504 787 3565 aliud
805 3518 864 3579 est,
885 3505 967 3564 aliud
987 3524 1019 3562 ac
1039 3502 1204 3573 diversum,
1225 3521 1285 3558 non

44 3606 98 3669 Jla
120 3604 356 3685 significaret·
376 3604 453 3666 Vera
472 3606 551 3687 loqui
573 3601 736 3666 videris-
755 3605 809 3662 Dic
820 3648 828 3676 ,
849 3600 981 3674 obsecro,
1003 3620 1101 3658 nonne
1124 3596 1184 3675 jam
1203 3619 1286 3680 saepe

44 3703 261 3779 sucessimus,
283 3705 402 3764 nomina
413 3750 422 3780 ,
443 3724 517 3783 quac
535 3714 611 3762 recte
632 3702 724 3782 posita
745 3714 834 3773 sunt,
856 3698 962 3759 similia
981 3696 1098 3757 illorum
1118 3715 1194 3772 esse,
1212 3719 1286 3777 quo-

44 3823 110 3865 rum
127 3816 197 3862 sunt
216 3803 353 3879 nomina,
375 3823 527 3881 rerumque
545 3823 604 3861 esse
622 3800 762 3879 imagines
772 3801 823 3858 l-
833 3798 1078 3857 Concessimus.-
1096 3793 1134 3855 Et
1151 3786 1204 3857 οὖν
1223 3793 1285 3856 ἔστι
1376 3800 1381 3809 “

44 3897 101 3965 teir
124 3890 190 3960 ὅτι
215 3891 345 3976 μάλιστα
361 3895 400 3961 δι’
418 3888 575 3979 ὀνομάτων
599 3892 637 3959 τά
651 3891 814 3979 πράγματα
833 3887 1014 3973 μανθάνειν,
1030 3890 1092 3956 ἔστι
1109 3893 1145 3957 δὲ
1171 3897 1220 3957 καί
1249 3893 1287 3956 δι’

44 3996 164 4076 sisar,
184 3997 298 4081 nosipsi
323 3996 360 4062 ἂν
381 3998 426 4083 εἴη
443 3999 628 4063 ναλλίωνκαὶ
646 3993 816 4079 σαφεστέρα
841 3990 861 4079 η’
881 3990 1036 4077 μάθησις
1058 3995 1093 4058 ἔκ
1108 3997 1163 4078 τῆς
1176 3991 1285 4069 εἰκόνος

44 4096 212 4168 nantino
233 4097 328 4184 αιῖτῆν
349 4124 380 4164 τε
411 4098 520 4184 aristis,
542 4103 567 4163 εἰ
589 4100 687 4175 καλῶς
705 4097 850 4174 εἴκασται,
870 4099 919 4159 καί
939 4096 994 4180 τήν
1018 4093 1175 4178 ἀλήθειαν,
1196 4089 1284 4180 ἧςῆν

44 4324 306 4335 n-ae——n—-n-

79 4444 110 4498 1t
130 4445 190 4494 Eoi.
209 4443 267 4495 424.
288 4445 316 4495 B.
337 4445 365 4496 C.
