2796 5048
588 225 709 283 '22

77 408 173 446 omnes
192 373 340 460 dolentes,
370 386 420 445 sed
447 387 533 445 simul
562 380 775 467 εὐφημοῦντες,
797 388 907 465 tibique
924 385 997 445 hene
1017 389 1184 468 cupientes,
1207 411 1310 453 rever-

78 516 183 562 tentem
200 503 342 582 prosecuti
360 523 472 561 sumus:
495 524 547 562 nec
567 525 635 566 tero
653 525 697 564 me
712 503 794 562 decet
807 521 887 581 aegre
906 500 980 559 ten-e
990 547 998 575 ,
1019 502 1097 581 quod
1115 504 1170 562 tibi
1191 519 1220 563 et
1242 505 1308 565 lite·

77 617 116 675 ris
129 617 268 698 profuisse
283 617 343 701 ipse
356 616 441 676 modo
454 615 662 700 Heidelbergae
673 619 804 698 cognovi.
826 617 897 681 Nom
912 616 952 674 sic
967 630 994 676 te
1011 615 1110 676 florere
1127 619 1190 678 vidi
1206 620 1307 680 favore

77 731 203 790 omnium
223 731 362 805 etfama,
384 746 433 805 ut,
454 734 585 812 quamvis
608 735 663 793 mei
687 734 851 812 patriaeque
874 751 969 790 caussa
990 710 1135 807 dolerem,
1156 734 1211 792 tibi
1231 734 1309 794 hanc

78 846 229 905 exanimo
252 845 409 925 gratularer
433 846 608 927 singularem
634 847 709 907 vitae
733 845 909 910 felicitatem.
950 844 1007 904 Sed
1030 867 1116 927 pergo
1134 868 1251 907 narrare
1272 847 1309 907 de

77 960 303 1042 Wyttenbachio
322 975 437 1036 nostro,
458 962 552 1041 qualis
572 965 603 1022 in
621 963 693 1022 alios
710 962 797 1019 luerit
806 1006 815 1035 ,
837 961 869 1019 in
886 960 988 1040 primis
1006 962 1038 1025 in
1058 960 1217 1042 discipulos
1234 983 1308 1022 suos.

77 1077 202 1137 Tantum
223 1076 273 1135 ille
293 1076 391 1135 aberat
402 1122 410 1151 ,
433 1091 463 1135 ut
486 1075 542 1136 sibi
563 1078 674 1136 viveret
692 1076 764 1151 soli,
787 1090 818 1134 ut
837 1076 926 1156 magis
945 1076 1031 1135 etiam
1051 1090 1079 1135 et
1098 1077 1145 1136 his
1164 1091 1192 1136 et
1209 1078 1309 1136 amicis

78 1192 176 1251 vivere
194 1190 352 1250 videretur.
393 1192 482 1268 Cujus
503 1186 543 1250 tei
563 1207 590 1251 et
610 1212 661 1272 ego
680 1211 742 1251 sum
761 1191 840 1250 testis
859 1204 887 1248 et
906 1211 1004 1250 omnes
1022 1204 1107 1266 sunt,
1127 1191 1178 1270 qui
1197 1212 1309 1251 mecum

78 1327 114 1364 ex
134 1307 233 1388 optimi
253 1307 310 1364 viri
330 1305 501 1386 prodierunt
516 1305 691 1387 disciplina:
707 1306 786 1364 testis
805 1305 1014 1385 discipulorum
1034 1307 1204 1367 veterrimus
1213 1352 1222 1382 ,
1239 1307 1308 1365 We·

76 1421 164 1480 selius
183 1420 373 1496 Scholtenus,
399 1420 661 1499 jureconsultorum
689 1421 914 1496 literatissimus,
935 1422 985 1499 qui
1007 1420 1173 1481 adolescens
1190 1443 1258 1481 cum
1278 1443 1310 1482 eo

77 1538 109 1595 in
122 1535 363 1596 *Helvetiam'iter
380 1536 450 1594 fecit
472 1550 500 1594 et
525 1512 690 1595 etiamnunc
709 1557 825 1594 narrare
848 1557 927 1594 orsus
947 1535 983 1595 de
1004 1536 1060 1596 viri
1080 1536 1113 1594 in
1132 1537 1228 1616 ipsum
1248 1558 1309 1596 me

77 1652 141 1710 ritis
167 1672 232 1709 cum
261 1652 294 1711 in
322 1651 426 1711 itinere
454 1650 521 1727 illo,
550 1665 611 1711 tum
639 1653 670 1711 in
696 1649 802 1709 sobolis
819 1649 963 1742 =omnibus
992 1649 1127 1710 literariis
1154 1665 1183 1710 et
1210 1652 1311 1733 philo-

78 1765 222 1846 sophicis,
244 1785 296 1824 nec
314 1766 375 1846 ipse
393 1767 500 1847 reperit
518 1765 656 1825 narrandi
685 1766 772 1824 finem
800 1779 828 1824 et
857 1786 908 1824 nos
930 1778 1009 1824 tenet
1027 1780 1166 1846 perpetuo
1184 1767 1310 1846 quodam

78 1881 262 1940 suavissimae
281 1881 420 1940 orationis
438 1881 567 1941 flumine.

118 1996 261 2055 Rusticari
276 1995 355 2076 apud
370 1996 455 2055 illum
473 1995 635 2056 identidem
649 1994 757 2055 solebat
772 2017 847 2054 unus
864 1995 972 2069 alterve
986 1977 1195 2076 discipulorum
1206 2018 1312 2076 ,quem

78 2111 309 2190 magnifaceret:
333 2133 408 2178 ¹nam
427 2133 475 2169 rus
494 2111 626 2184 amabat,
648 2124 680 2167 ut
700 2107 883 2190 Xenophon,
905 2125 936 2170 ut
962 2111 1081 2186 Cicero,
1102 2125 1133 2171 ut
1154 2113 1312 2189 Horatius,

78 2238 109 2283 ut
136 2224 220 2284 multi
245 2227 437 2305 antiquorudlt
478 2223 584 2284 Crebro
613 2224 699 2302 hujus
728 2224 882 2305 usurpabat
908 2225 986 2284 illud
1005 2239 1033 2283 et
1052 2227 1083 2288 in
1104 2247 1132 2284 se
1149 2219 1313 2308 villamque

79 2360 157 2398 suam
177 2338 424 2399 accommodabat:

228 2455 290 2514 Hoc
310 2464 379 2512 erat
395 2462 429 2512 in
448 2462 542 2513 votis:
564 2456 666 2513 modus
684 2456 757 2536 qm
777 2478 833 2515 nora
855 2428 902 2514 ita
922 2477 1052 2536 coagnus
1062 2502 1070 2530 ,

230 2573 345 2631 Hortus
365 2572 416 2628 ubi
425 2615 433 2644 ,
454 2580 484 2626 et
503 2579 578 2628 tecto
595 2577 713 2629 vicinus
725 2579 817 2653 jugis
837 2593 932 2650 oquae
944 2575 1038 2648 fona,

151 2677 152 2680 Ἴ
228 2689 271 2747 Et
286 2688 427 2765 paullum
448 2688 548 2764 syleae
569 2707 658 2762 super
678 2689 727 2746 hie
737 2691 826 2763 foret
846 2719 877 2726 —

78 2806 155 2887 quod
169 2802 309 2883 jucundis
329 2800 454 2860 subinde
472 2800 650 2860 sermonibus
667 2823 763 2860 ansam
778 2803 942 2883 praebebat.
975 2803 1046 2862 Ruri
1056 2848 1065 2876 ,
1081 2801 1194 2879 inquit,
1214 2801 1313 2882 legere

78 2934 189 3003 oportet
208 2917 376 2990 Horatium,
398 2937 457 2974 non
482 2915 573 2974 solum
594 2916 625 2974 in
657 2918 735 2976 urbis
763 2932 791 2976 et
809 2917 1002 2976 bibliothecae
1021 2917 1159 2997 angustiis
1177 2931 1206 2975 et
1226 2930 1314 2976 tene-

78 3038 155 3096 bris:
187 3034 309 3093 maxime
336 3044 431 3089 autem
451 3044 560 3111 oportet
587 3032 619 3088 in
649 3032 711 3112 ipsa
740 3031 823 3091 Italia
851 3046 879 3090 et
903 3033 934 3090 in
956 3033 1045 3112 ipsius
1070 3031 1151 3092 villa.
1194 3031 1231 3090 Et
1253 3030 1314 3092 hoo
1345 3040 1352 3053 '

4 3212 6 3217 ,
79 3154 136 3214 fuit
157 3153 188 3210 in
207 3150 300 3222 votis,
322 3168 375 3206 uec
399 3161 494 3205 tamen
518 3147 683 3226 expletum,
705 3162 733 3206 et
752 3147 808 3204 alia
827 3147 955 3206 luerunt.
996 3146 1193 3205 Villoisonum
1213 3167 1313 3205 meum

78 3268 193 3327 beatum
211 3263 375 3346 praedicare
395 3260 539 3335 solebam,
559 3262 609 3340 qui
628 3263 660 3320 in
679 3263 774 3321 Attica
794 3261 906 3340 legisset
923 3260 1141 3320 Demosthenem
1166 3275 1194 3320 et
1211 3260 1313 3320 Plato-

79 3403 161 3457 nem5
185 3378 235 3438 sed
254 3378 299 3436 illi
317 3377 371 3435 hoc
392 3376 529 3455 contigit,
551 3397 611 3434 non
629 3376 720 3434 mihi:
743 3390 770 3434 et
789 3397 833 3434 me
853 3396 931 3434 nunc
952 3375 1067 3434 beatum
1086 3374 1238 3455 praedico,
1261 3379 1311 3435 cui

78 3497 166 3556 feriae
184 3494 355 3572 contingant
383 3506 410 3550 et
437 3491 494 3550 otia
522 3491 698 3571 gratissima,
719 3491 825 3570 quibus
848 3491 905 3549 huc
931 3512 975 3548 me
996 3491 1150 3570 recipiam,
1172 3491 1204 3550 in
1227 3490 1310 3551 hunc

79 3612 138 3692 agri
159 3608 274 3676 modum
285 3654 292 3681 ‚
312 3607 429 3666 nonita
449 3626 583 3685 magnum
593 3650 602 3679 ,
623 3622 682 3665 non
704 3607 900 3666 Tusculanum
922 3604 1041 3684 aliquod
1059 3618 1107 3663 aut
1126 3606 1311 3679 Cumanum,

74 3725 244 3787 ‘sed‘tamen
264 3715 363 3805 o'lrydr
384 3744 414 3782 ra
437 3714 524 3803 φιλόν
545 3744 588 3794 τε,

635 3888 639 3894 .
661 3850 890 3920 sustineatque

240 3957 284 4015 Dt
305 3959 413 4016 melius
424 3960 549 4033 secere:
571 3961 639 4017 hone
659 3970 720 4018 est:
743 3960 790 4015 nil
809 3960 939 4035 amplius
960 3979 1029 4027 oro,

82 4075 132 4132 ubi
151 4089 268 4134 naturae
289 4075 369 4132 fruar
388 4072 549 4153 integritate
568 4088 595 4133 et
614 4073 774 4134 serenitate.
816 4073 888 4146 Quis
908 4073 984 4129 enim
1005 4070 1136 4148 antiquos
1155 4067 1222 4126 illos
1241 4089 1311 4130 cum

80 4188 228 4270 voluptate
248 4189 341 4268 legat,
362 4189 411 4267 qui
431 4209 540 4268 sempor
563 4191 728 4264 conu'netur
748 4187 827 4246 urbis
847 4202 874 4246 et
893 4185 1030 4244 auditorii
1049 4184 1205 4243 claustris?
1236 4185 1313 4259 Quis

80 4307 159 4364 intus
176 4306 271 4363 animo
292 4319 409 4362 naturae
427 4304 568 4386 percipiat
587 4303 809 4386 descriptiones,
831 4302 928 4380 quales
946 4299 1024 4379 apud
1043 4299 1214 4373 Horatium,
1236 4299 1314 4358 Vir-

80 4419 199 4499 gilium,
221 4420 375 4477 Homerum
395 4434 567 4495 occurrunt,
579 4421 634 4478 nisi
654 4417 773 4501 prodeat
792 4415 915 4475 subinde
934 4429 961 4474 et
982 4429 1113 4474 excurrat
1132 4415 1164 4470 in
1183 4413 1314 4475 mediam
