2796 5048
631 200 685 276 101

58 377 101 437 ius
125 376 297 489 exciperent
310 389 338 436 et
351 391 598 458 prosequerentur.
617 375 646 459 1)
666 377 725 436 Nec
750 376 863 437 mirum.
905 376 976 438 liam
995 389 1025 437 et
1043 375 1212 443 excellentis
1231 390 1273 436 est

58 496 170 557 ngenn
131 442 305 555 ι-,Αςεῖὴο
325 488 354 534 et
372 475 489 556 ingenio
501 476 642 556 congruit
661 476 752 536 forma
771 473 874 534 deeora
884 520 893 550 ,
914 476 991 534 etin
1014 475 1077 556 ipso
1099 489 1141 534 est
1163 476 1273 554 juten-

58 574 113 633 utia
131 572 223 648 flore,
241 586 271 632 et
293 592 362 634 vero
381 573 552 653 pulcerrime
576 572 673 649 dixit,
694 584 727 631 ut
746 576 829 653 poeta
857 585 886 632 et
909 572 1116 632 aemulorum
1108 594 1140 631 rn
1166 572 1274 652 tragico

58 672 202 731 estamine
223 671 333 746 victor,
353 690 437 750 quam
457 671 607 731 victoriam
628 671 683 732 hoc
702 672 764 752 ipso
783 670 920 731 convitio
938 691 1003 729 cum
1023 670 1167 729 amiciret
1186 668 1274 728 lami-

58 768 168 828 iaribus
185 768 321 829 celebrat.
362 770 403 829 Ut
427 782 521 827 autem
545 789 642 829 omnes
669 768 850 828 admirantur
870 766 902 826 in
923 769 1036 849 poitico
1060 768 1188 828 encomio
1207 784 1273 825 cum

59 867 117 942 lia,
136 881 202 926 tum
215 866 367 927 verborum
386 866 570 946 elegantiam,
586 868 723 926 orationis
737 866 920 925 suavissimae
938 865 1136 939 flumen‚'tum
1150 864 1274 923 maxime

58 962 170 1045 ffigicm
188 965 311 1039 amoris,
331 985 417 1044 quam
435 963 619 1025 adumbravit
635 963 826 1045 pulcerrimus
844 962 964 1040 juvenis
983 963 1111 1021 omnium
1129 961 1274 1043 pulcerri-

58 1082 118 1122 aam
128 1108 138 1138 ,
159 1063 202 1122 ita
220 1082 287 1122 mox
300 1061 442 1136 Socrates,
463 1060 690 1142 Eryximachum
707 1060 871 1142 adspiciens
896 1057 1057 1119 «videorne
1077 1059 1147 1134 tibi,
1161 1059 1272 1139 inquit,

58 1158 188 1220 lcumeni
205 1159 279 1235 lili,
299 1173 403 1219 temere
418 1162 478 1238 jam
508 1158 619 1219 dudum
642 1159 794 1233 metuisse,
815 1176 869 1216 nec
888 1157 963 1217 vatis
992 1157 1084 1216 instar
1102 1177 1169 1217 vere
1188 1174 1274 1237 prae-

58 1258 176 1332 lixisse,
196 1257 374 1337 Agathonem
393 1256 565 1316 mirabiliter
585 1256 731 1316 dicturum
761 1278 819 1316 esse
829 1302 837 1330 ,
858 1276 903 1314 me
923 1276 991 1315 vero
1001 1301 1009 1330 ,
1033 1255 1111 1334 quod
1130 1253 1274 1329 dicerem,

58 1376 106 1416 ron
128 1354 325 1415 habiturum?
349 1344 405 1414 Ille
431 1376 518 1429 vero,
541 1354 672 1413 Alterum
694 1353 830 1435 quidem,
858 1375 874 1415 o
897 1352 1043 1427 Socrates,
1068 1352 1182 1431 inquit,
1206 1372 1275 1414 vere

58 1454 224 1515 'aticinatus
241 1474 289 1530 es,
308 1452 550 1513 benedicturum
567 1446 763 1533 Agathondm,
784 1452 906 1512 alterum
926 1472 1013 1525 vero,
1033 1450 1087 1510 tibi
1111 1448 1274 1509 defuturam

58 1572 103 1611 sse
126 1553 304 1627 orationem,
329 1572 389 1610 non
412 1553 488 1615 item.
531 1552 643 1626 Quidni
667 1572 754 1626 vero,
779 1550 893 1631 reponit
917 1548 1064 1623 Socrates,
1086 1568 1136 1629 ego
1160 1566 1273 1628 quoque

58 1668 179 1709 aeream
206 1663 234 1708 et
261 1650 426 1729 quicunque
459 1650 616 1710 orationem
639 1648 765 1709 dicendo
790 1661 960 1728 excepturus
989 1660 1031 1706 est
1058 1659 1115 1704 tam
1141 1646 1271 1728 pulcram

58 1760 70 1806 t
89 1738 206 1809 variam
215 1792 224 1821 ,
245 1761 303 1806 tam
321 1747 485 1807 illustribus
505 1761 633 1806 ornatam
648 1747 758 1821 verbis,
772 1759 830 1804 tam
846 1744 1045 1826 splendidam!
1065 1741 1187 1824 Gorgiae
1201 1743 1274 1802 mihi

58 1866 74 1904 n
105 1856 234 1904 mentem
258 1845 395 1906 veniebat
413 1844 590 1923 verebarque
606 1843 712 1926 plane,
734 1864 771 1903 ne
789 1841 902 1922 Gorgias
923 1842 974 1901 ille
992 1843 1064 1901 mihi
1090 1855 1177 1923 caput
1202 1841 1275 1920 obji-

58 1941 146 2017 iens,
164 1955 276 2000 mutum
293 1961 338 2001 me
357 1941 483 2002 efficeret
501 1944 575 2001 etin
592 1940 719 2021 lapidem
739 1952 927 2002 converteret.
969 1941 1044 1999 Tum
1064 1960 1132 2001 vero
1147 1941 1275 2020 agnovi,

58 2060 133 2118 [uam
158 2041 275 2119 egissem
288 2039 440 2115 ridicule,
459 2041 509 2119 qui
529 2041 589 2120 ipse
613 2040 780 2119 recepissem
798 2038 896 2113 robis,
917 2051 949 2097 ut
975 2039 1039 2099 vice
1064 2058 1125 2111 mea
1152 2057 1274 2109 amorem

58 2137 215 2214 sudarem,
235 2139 351 2217 ignarus
370 2138 474 2217 plane,
487 2159 543 2217 qua
561 2137 674 2216 aliquid
686 2138 802 2199 ratione
821 2136 1001 2196 laudandum
1011 2148 1091 2194 esset.
1113 2134 1184 2193 Nam
1195 2135 1272 2214 equi·

58 2234 115 2316 lem
130 2235 312 2310 arbitrabar,
330 2256 398 2317 prae
416 2236 574 2297 stoliditate
593 2235 704 2294 scilicet
722 2256 802 2310 mea,
821 2255 888 2296 vera
902 2234 1026 2316 proferri
1041 2234 1272 2313 oportere,quae

58 2334 134 2411 quis,
153 2332 269 2398 deleam
288 2332 406 2409 habito,
433 2335 465 2392 in
490 2355 568 2407 rem,
594 2352 667 2412 quac
696 2332 881 2407 laudaretur,
901 2333 1056 2392 conferret.
1097 2331 1181 2390 Nunc
1205 2351 1274 2392 vero

58 2433 188 2511 tegnovi,
207 2433 331 2490 maxima
346 2433 442 2490 omnia
460 2434 502 2490 rei
522 2430 684 2502 laudandae
702 2445 731 2489 et
748 2431 924 2512 pulcerrima
939 2429 1098 2490 tribuenda
1118 2450 1177 2488 esse
1187 2475 1195 2503 ‚
1213 2431 1275 2489 sive

59 2527 83 2585 si
97 2531 212 2611 propria
229 2531 307 2604 sint,
327 2530 388 2590 sive
406 2551 467 2589 non
484 2531 561 2589 sint:
579 2548 651 2587 nam
678 2529 787 2607 requiri
811 2530 917 2603 unice,
938 2540 970 2586 ut
988 2526 1152 2586 laudavisse
1176 2527 1272 2589 ridea-

63 2640 133 2703 ntur,
148 2648 208 2686 non
218 2641 250 2686 ut
260 2626 418 2686 laudemus.
426 2652 441 2683 »
466 2626 578 2700 Quibus
596 2626 723 2700 ironice,
743 2640 774 2684 ut
792 2626 920 2700 solebat,
940 2625 1040 2698 dictis,
1055 2624 1130 2683 hanc
1147 2623 1275 2684 Socrates

64 2723 214 2785 thaedro
232 2727 347 2786 veniam
366 2725 457 2806 petit,
475 2738 508 2782 ut
527 2745 577 2783 sua
595 2723 652 2783 sibi
670 2723 879 2783 consuetudine
899 2722 936 2782 de
953 2742 1048 2781 amore
1066 2721 1152 2780 liceat
1167 2722 1273 2781 dicere.

62 2812 142 2887 Qum
167 2822 254 2882 facile
280 2823 420 2904 adeptus,
448 2821 588 2902 ejusmodi
607 2822 733 2881 instituit
752 2843 817 2881 cum
843 2822 991 2902 Agathone
1018 2820 1278 2900 disceptationem,

59 2924 89 2969 ut
100 2917 305 3000 interrogando
323 2919 448 2996 efficiat,
468 2941 521 2979 nec
539 2919 672 3011 pulcrum
691 2940 751 2978 esse
771 2940 912 2993 amorem,
935 2940 988 2978 nec
1007 2919 1138 2992 bonum,
1156 2917 1276 2977 destitu

58 3012 112 3071 iim
131 3019 250 3078 omnino
268 3018 385 3078 dotibus
403 3018 464 3078 illis
482 2996 617 3100 omnibns
626 3063 635 3092 ,
655 3017 762 3098 quibus
780 3040 797 3077 a
816 3017 947 3077 Phaedro
965 3017 1133 3096 aliisque,
1124 3039 1158 3075 111
1176 3016 1278 3098 primis

58 3099 167 3196 bipso
184 3116 351 3196 Agathone,
370 3117 472 3175 suerat
483 3096 652 3176 celebimatus
694 3117 765 3175 Nam
787 3113 871 3175 fateri
896 3115 944 3174 hic
964 3115 1093 3194 cogitur,
1115 3114 1192 3193 quod
1212 3115 1277 3194 quis

58 3215 178 3288 eperir,
198 3213 253 3273 hoc
268 3235 332 3273 eum
347 3235 407 3273 non
424 3213 548 3287 hahere,
568 3234 691 3273 amorem
712 3228 806 3274 autem
824 3226 977 3295 appetere,
998 3232 1069 3290 quae
1088 3211 1189 3292 pulcra
1207 3224 1277 3271 sunt

58 3306 64 3351 ἵ
86 3301 192 3371 bona:
213 3311 397 3391 quamobrem
414 3333 467 3372 nec
484 3312 590 3371 habere
609 3311 679 3386 illa,
700 3332 754 3371 nec
773 3312 908 3392 pulcrum
932 3330 990 3369 esse
1014 3312 1125 3390 ipsum,
1152 3329 1205 3368 nec
1228 3309 1276 3367 bo·

58 3412 130 3470 illu.
173 3411 236 3484 Qua
259 3409 454 3490 disputatione
474 3400 512 3470 ad
530 3411 674 3489 angustias
700 3408 844 3472 adductus
866 3409 976 3488 Agatho
1007 3427 1185 3488 «repugnare
1204 3405 1277 3480 tibi,

58 3509 165 3582 lquit,
185 3528 247 3567 non
263 3528 395 3588 possum,
415 3507 484 3582 sed,
505 3521 537 3566 ut
555 3506 675 3581 dixisti,
697 3508 736 3565 ita
755 3527 784 3565 se
804 3526 848 3564 res
867 3505 980 3565 babeat.
1010 3507 1084 3564 Tum
1102 3501 1170 3580 ille,
1188 3503 1276 3582 Atqui

58 3601 188 3682 ³¹·itati,
202 3626 225 3672 ,ο
242 3605 427 3665 dilectissime
445 3604 569 3686 Agatho,
586 3603 669 3675 nullo
687 3617 770 3683 paeto
787 3617 867 3684 potes
883 3624 1060 3683 repugnare,
1079 3600 1189 3662 Socrati
1209 3623 1279 3666 vero

58 3688 202 3765 citime.
243 3704 301 3765 Sed
318 3718 345 3763 tc
364 3705 496 3784 equidem
510 3707 570 3782 jam
588 3704 706 3763 mittam.
745 3701 873 3760 Narrabo
892 3714 987 3759 autem
1005 3701 1088 3761 vobis
1105 3720 1277 3779 smmonem,

58 3806 134 3892 lem
154 3802 260 3863 habuit
276 3824 386 3863 mecum
412 3802 570 3881 aliquando
592 3802 734 3875 Diotime,
755 3800 839 3860 docta
858 3796 980 3872 mulier,
1007 3820 1079 3880 quae
1107 3801 1209 3859 amoris
1233 3819 1279 3856 me

58 3902 242 3983 ¹⁸eiplinam
261 3900 368 3962 docuit
389 3902 480 3976 Nam,
501 3915 532 3959 ut
549 3899 632 3959 modo
650 3900 817 3980 Agatho,
796 3919 836 3959 src
857 3916 907 3978 ego
925 3896 962 3956 de
981 3901 1084 3959 Amore
1105 3912 1275 3968 statueram,

58 4003 189 4074 li*gnum
206 4019 265 4058 esse
279 3999 370 4058 Deum
389 4014 416 4058 et
434 4001 604 4058 formosum:
624 3999 787 4078 pariterque
805 3997 857 4056 illa
876 3998 1021 4071 effecerat,
1043 4016 1094 4054 nec
1123 3996 1276 4053 formosum

58 4075 136 4157 llun
156 4118 216 4157 csse
234 4118 287 4156 nec
305 4097 426 4158 bonum
469 4096 525 4156 ch
549 4117 618 4176 ego,
644 4099 710 4156 Ain'
739 4094 874 4171 tandem,
892 4094 1077 4155 0Diotime?
1106 4105 1216 4152 teterne
1234 4104 1276 4148 est

58 4195 130 4256 flor
148 4209 178 4256 et
200 4194 317 4254 malus?
338 4195 393 4255 llla
417 4216 503 4270 vero,
531 4194 612 4254 Bona
633 4195 738 4269 verba,
758 4214 875 4273 quaeso·
897 4194 967 4251 tune
991 4213 1061 4251 reio
1078 4204 1178 4271 potas,
1199 4187 1276 4268 quod

58 4330 87 4345 N

70 4409 111 4482 Ι)
129 4424 214 4492 sm.
230 4418 288 4473 198.
307 4422 338 4474 A.
385 4456 393 4471 ,
