2796 5048
93 116 236 183 tauquam
258 110 479 161 iustitutionem
504 103 641 161 hamio.
682 101 793 162 Retulit
814 122 876 176 em
899 104 1039 195 continuo
1057 103 1095 163 ud
1115 105 1192 166 vitae
1211 125 1312 178 usum,

95 214 130 261 ut
151 200 266 261 artibus
284 213 313 261 et
328 200 495 282 disciplinis
512 199 690 259 excoleretur
706 200 809 274 homo,
839 212 868 261 ct
884 202 1007 261 musicae
1022 201 1119 263 studio
1134 201 1172 263 ad
1190 204 1313 265 musicae

89 298 174 378 quasi
199 298 377 359 hermeniam
403 312 635 378 componeretur:
663 297 741 357 unde
769 299 858 378 ipsam
885 296 1095 379 philosophiam
1122 289 1188 382 τήν
1213 297 1312 381 μεγί-

89 417 180 477 στην
201 397 362 479 appellavit
381 385 566 477 μουσικήν.
590 395 619 476 l)
653 395 823 475 Disciplinis
842 410 935 455 autem
952 396 1072 458 eandem
1090 402 1207 479 tribuit,
1226 423 1311 483 quam

87 495 310 581 philosophiae,
330 497 390 557 viru
410 511 438 557 et
455 496 628 568 efficaciam,
649 508 680 553 ut
696 494 800 554 mentis
823 494 937 554 oculum
959 495 1122 575 aperirent,
1142 521 1158 559 e
1179 501 1306 561 tenebris

88 617 142 655 nos
160 595 197 655 in
214 594 308 653 lucem
326 594 498 669 educerent,
518 608 609 655 totum
625 604 831 652 commutarent
848 590 1002 651 hominem.
1032 591 1065 673 2)
1089 596 1191 658 Finem
1208 599 1304 659 omni

87 715 127 752 no
157 689 358 774 philosophiae
381 694 560 773 praescripsit
589 682 655 770 τήν
681 679 856 766 ὁμοίωσιν
881 687 930 773 τῷ
953 687 1041 773 3th
1070 694 1120 754 sed
1141 717 1174 756 eo
1202 717 1306 778 perre-

86 789 234 850 niendum
257 788 391 848 censebat
420 789 638 872 disciplinarum
666 792 698 851 in
727 790 828 872 primis
855 804 883 849 et
909 791 970 850 veri
996 792 1109 852 studio:
1138 814 1210 871 quae
1234 794 1307 855 ratio

84 888 227 948 abhorret
253 884 340 966 plane
366 908 382 945 a
408 889 592 968 mysticorum
618 890 782 949 bominum
795 889 921 949 somniis.
952 891 1024 969 Apte
1050 889 1119 949 haec
1147 891 1310 950 illustrabat

83 983 290 1065 mysteriorum
304 983 436 1044 adhibito
456 986 596 1067 exemplo.
615 987 672 1060 Qui
687 985 795 1046 initiati
813 999 893 1044 erant
903 987 1060 1066 antiquitus
1069 988 1211 1067 mysteriis
1224 988 1309 1047 Eleu·

14 1144 19 1152 ,
82 1083 191 1156 siniis,
212 1080 355 1161 praeclare
375 1081 411 1141 de
431 1085 467 1145 iis
486 1085 705 1146 existimabant.
737 1085 835 1144 Cicero
852 1083 893 1144 sic
913 1083 950 1143 de
969 1085 1005 1143 iis
1023 1105 1087 1143 cum
1105 1086 1200 1145 Attico
1218 1084 1308 1165 loqui·

81 1197 153 1242 tur:
189 1179 288 1241 ultam
316 1180 389 1239 mihi
416 1202 482 1242 cum
499 1183 590 1243 multa
617 1184 721 1243 eximia
749 1182 907 1261 divinaque
935 1181 1072 1243 videntur
1094 1183 1222 1243 Athenae
1244 1196 1309 1243 tuae

10 1266 12 1273 ¹
79 1279 252 1361 peperisse,
274 1291 336 1339 tum
353 1277 430 1338 nihil
449 1279 552 1339 melius
573 1280 634 1341 illis
657 1281 816 1361 mysteriis,
831 1279 937 1359 quibus
957 1300 993 1338 ex
1011 1281 1112 1360 agresti
1132 1281 1305 1360 immanique

10 1370 12 1427 ἶ
80 1379 146 1438 vira
168 1368 281 1434 exculti
299 1374 336 1435 ad
354 1374 560 1437 humanitatem
578 1392 606 1437 et
624 1378 744 1457 mitigati
765 1390 877 1437 sumus:
898 1377 1039 1456 initiaque
1060 1391 1092 1437 ut
1109 1377 1308 1458 appellantur,
1358 1373 1361 1377 ’

77 1477 120 1535 ita
135 1493 171 1532 re
188 1492 257 1532 vera
275 1473 419 1553 principia
439 1475 516 1535 vitae
535 1475 737 1553 cognovimus:
762 1495 855 1553 neque
873 1473 964 1534 solum
979 1495 1043 1533 cum
1059 1474 1167 1536 laetitia
1186 1474 1308 1536 vivendi

10 1598 12 1609 ·
75 1573 230 1633 rationem
243 1571 417 1651 accepimus,
438 1571 488 1633 sed
504 1573 588 1632 etiam
603 1593 667 1631 cum
683 1594 731 1653 spe
746 1571 863 1631 meliore
876 1571 1045 1631 moriendi.»
1069 1569 1100 1652 3)
1122 1572 1201 1632 Idem
1220 1573 1307 1653 plane

12 1714 17 1731 .
70 1658 138 1731 fuit
159 1665 361 1750 philosophiae
376 1669 538 1728 Platonicae
552 1673 726 1752 propositum
735 1695 744 1747 3
766 1669 876 1729 cultum
891 1669 1035 1750 spectabat
1057 1683 1085 1728 et
1103 1670 1307 1751 perfectionem

70 1766 215 1829 hominis
222 1809 232 1839 ,
253 1779 284 1824 ut
293 1766 347 1825 rite
356 1766 485 1825 eruditus
495 1767 605 1827 artibus
613 1781 641 1827 et
649 1767 833 1849 disciplinis,
846 1767 937 1846 iisque
946 1766 1036 1827 veluti
1047 1781 1182 1848 purgatus
1192 1781 1219 1825 et
1227 1786 1306 1847 prae·

26 1920 31 1929 ,
62 1877 219 1950 paratus,
234 1864 425 1944 spectaculum
439 1865 522 1926 homo
537 1879 674 1947 spectaret
688 1868 815 1925 omnium
829 1863 1066 1937 illustrissimum,
1076 1868 1237 1946 pulcrum,
1258 1866 1306 1923 bo-

62 1985 176 2037 num,
186 1968 327 2038 justum,
348 1975 500 2038 sunctum,
519 1986 578 2022 non
597 1964 629 2023 in
647 1963 807 2023 simulacris
824 1961 995 2043 quibusdam
1001 2007 1009 2036 ,
1033 1962 1084 2043 sed
1103 1964 1208 2044 ipsum,
1230 1956 1323 2025 odeis

58 2053 156 2127 καθ’
177 2050 254 2119 cord
262 2103 273 2133 ,
294 2080 399 2139 purum
415 2076 443 2122 et
461 2063 611 2142 integrum.
636 2061 720 2136 Quod
738 2061 788 2141 qui
805 2074 961 2142 spectaret,
980 2082 1064 2140 quam
1080 2062 1210 2141 proxime
1225 2063 1305 2129 hunc

58 2160 223 2225 accedere
245 2159 438 2220 contendebat
457 2159 494 2219 ad
516 2159 634 2219 divinae
657 2173 774 2219 naturae
797 2157 1000 2218 sublimitatem
1017 2173 1045 2218 et
1062 2159 1236 2223 felicitatem.
1274 2170 1277 2175 '

149 2356 180 2415 V
176 2365 294 2417 starum
305 2355 546 2433 pbilosophorum
565 2355 600 2412 da
613 2355 816 2431 philosophica
834 2361 864 2411 oi
879 2356 908 2411 el
921 2355 1057 2412 ubertate
1071 2322 1244 2416 ecaterinae.

129 2534 184 2595 Nec
207 2555 276 2594 vero
295 2555 369 2593 unus
388 2534 444 2593 suit
466 2532 543 2614 apud
566 2532 696 2610 antiquos
724 2530 803 2590 Plato
813 2576 822 2606 ,
842 2532 892 2610 qui
912 2531 952 2590 sic
976 2532 1149 2593 existimaret
1165 2532 1201 2593 de
1221 2535 1251 2594 vi
1276 2547 1304 2593 et

61 2635 231 2715 proposito
258 2631 465 2715 philosophiae.
514 2631 647 2711 Magnam
674 2644 783 2710 partem
806 2629 860 2688 hoc
889 2628 990 2690 debuit
1014 2651 1078 2688 cum
1102 2629 1209 2690 Socrati
1242 2646 1304 2691 tum

65 2727 289 2815 Pythagoreis,
310 2729 537 2809 eumque-secuti
562 2742 628 2787 sunt
646 2742 783 2806 quotquot
807 2726 914 2787 deinde
933 2726 1144 2808 philosophiam
1163 2750 1301 2788 commen-

68 2822 204 2892 darunt.
246 2831 283 2890 Et
305 2828 337 2887 hi
364 2826 499 2908 quidem,
520 2847 590 2905 quae
615 2839 657 2884 est
685 2824 795 2904 ingenii
821 2820 940 2883 humani
967 2826 1143 2905 progressio,
1164 2827 1224 2885 vim
1243 2828 1303 2903 ejus

72 2928 225 2988 moralem
253 2927 386 2987 disertius
414 2928 498 2984 etiam
526 2939 553 2983 et
577 2924 693 3006 plenius
711 2922 930 3004 explicuerunt.
970 2922 1058 2981 Juvat
1083 2922 1132 2981 hic
1160 2944 1302 3004 apponere

77 3028 245 3087 sententias
267 3023 403 3103 quasdam
428 3016 572 3096 veterum,
593 3044 648 3101 quo
673 3022 756 3081 nobis
775 3023 861 3102 magis
882 3034 976 3101 pateat
986 3066 994 3094 ,
1015 3042 1086 3099 quae
1106 3020 1302 3102 philosophiae

81 3112 178 3183 fuerit
195 3123 354 3201 antiquitus
373 3121 486 3180 ubertas
506 3135 533 3179 et
551 3120 719 3200 amplitudo.

133 3214 341 3302 Philosophiam
361 3220 493 3277 universe
512 3232 620 3278 veteres
639 3217 740 3275 ducem
760 3215 904 3273 habebant
923 3215 1008 3273 vitae.
1039 3215 1101 3273 Diis
1120 3212 1300 3285 tribuebant,

96 3318 168 3388 quod
190 3321 342 3392 viverent,
363 3317 413 3377 sed
437 3315 652 3397 philosophiae,
678 3313 755 3392 quod
779 3313 852 3371 bene
875 3313 1016 3372 viverent.
1059 3311 1130 3385 Quis
1156 3311 1302 3384 dubitare,

103 3411 136 3472 ait
152 3416 271 3490 Seneca,
292 3429 401 3496 potest,
422 3415 493 3492 quin
508 3416 630 3473 Deorum
649 3411 972 3470 immortaliummunus
991 3410 1044 3484 sit,
1065 3409 1142 3489 quod
1162 3410 1300 3469 vivimus:

107 3509 306 3597 philosophiae,
335 3511 413 3591 quod
431 3511 505 3570 bene
523 3512 670 3572 vivimus?
701 3505 731 3589 l)
758 3509 912 3588 Eleganter
934 3506 1077 3566 Maximus
1096 3509 1218 3588 Tyrius:
1249 3527 1301 3564 κα-

105 3613 256 3672 τωεεσοῦσα
286 3604 341 3692 yrip
368 3635 387 3691 η
414 3601 502 3690 ψυχή
529 3607 569 3681 εἰς
598 3604 711 3667 τουτονὶ
737 3599 790 3665 cdv
816 3596 968 3686 θόρυβον,
993 3603 1042 3664 καὶ
1072 3605 1166 3665 δοῦσα
1196 3599 1303 3686 ἑαυτήν
1383 3684 1387 3691 Ι

101 3707 137 3771 ἐπ’
164 3706 320 3796 ἀμηχάνου
352 3714 511 3794 φορεῖσθαι
537 3704 682 3789 κύματος,
712 3700 831 3789 νήχεται
861 3700 1064 3768 δυσέκνωστον
1094 3701 1228 3787 πέλαγος·
1262 3700 1303 3775 ἶς’

125 3890 149 3959 l)
166 3894 259 3944 ΡΜ.
274 3891 315 3944 61.
332 3891 362 3943 Α.

97 3977 147 4042 ·2)
164 3979 203 4030 Dc
218 3979 278 4046 llcp.
296 3977 348 4028 vll.

118 4062 147 4129 3)
164 4064 203 4117 u·
214 4063 286 4131 lm.
304 4063 334 4123 ll.
351 4061 391 4114 tt.

119 4148 147 4211 t)
166 4150 215 4218 1³4.
229 4147 271 4200 90.
286 4149 340 4198 init.
355 4146 395 4198 Cf·
410 4146 475 4199 Plut
491 4147 546 4196 udo.
565 4143 637 4193 Colat.
658 4141 730 4192 1108.
750 4139 777 4190 0.
