2796 5048
680 238 718 297 76

76 400 279 459 bacchantium
299 401 407 473 instar,
427 419 463 456 ex
481 398 586 457 Bacchi
605 400 684 459 lente
702 401 868 475 hauserint,
888 398 915 479 1)
933 422 965 460 eo
989 403 1110 481 irrigant
1129 404 1233 462 amasii
1257 406 1312 463 ani·

77 519 172 571 mum,
193 497 427 577 simillimumque
447 518 510 555 eum
530 495 662 557 efficiunt
676 500 735 558 Deo
754 520 814 558 suo.
836 497 868 580 2)
886 498 932 558 sic
952 521 1049 558 amans
1068 514 1195 561 amatum
1206 547 1215 576 ,
1238 504 1311 580 quasi

77 596 125 654 hic
141 596 217 654 Deus
234 597 271 654 sit
291 597 364 676 ipsi,
382 610 518 673 tanquam
536 610 657 660 statuam
677 598 813 657 informat
842 613 869 657 et
896 613 1033 674 exornat,
1055 613 1155 679 utpote
1183 600 1312 678 culturus

79 715 144 753 eum
164 695 298 772 festisque
317 693 521 753 celebraturus.
544 691 576 772 3)

118 793 177 851 Nec
195 807 291 851 tamen
309 792 349 851 ita
373 793 511 851 continuo
531 813 581 849 suo
601 792 720 872 quisque
740 796 844 854 amasio
871 795 995 875 prodest.
1037 797 1108 854 Nam
1133 809 1166 854 ut
1185 796 1307 876 primum

80 892 144 969 quis
167 890 298 970 adspexit
315 889 451 950 divinum
470 888 556 947 illum
583 889 714 965 vultum,
735 893 785 969 qui
814 894 903 972 spirat
925 914 1046 952 amorem
1057 939 1065 966 ‚
1086 893 1311 972 germinantibus

80 988 151 1062 alis,
169 988 264 1046 furore
284 988 439 1068 corripitur
458 986 707 1046 vehementissimo
717 1033 726 1062 ,
748 1009 800 1046 nec
819 990 863 1047 sui
884 1003 925 1049 est
939 1010 1060 1071 compos.
1082 990 1218 1070 Optimus
1233 992 1310 1051 etiam

82 1086 202 1165 quisque
234 1084 402 1157 libidinem,
428 1097 564 1162 tanquam
593 1105 696 1164 equum
724 1086 927 1162 ferocientem,
957 1109 1037 1168 aegre
1065 1087 1181 1162 domat,
1208 1103 1238 1147 et
1261 1089 1309 1149 nisi

82 1184 268 1264 temperantia
288 1196 316 1240 et
334 1181 491 1254 fortitudo,
510 1205 567 1242 una
586 1204 651 1242 eum
669 1182 825 1265 prudentia
837 1231 844 1258 ,
865 1186 955 1266 ipsius
981 1186 1011 1244 in
1040 1187 1137 1245 animo
1168 1188 1308 1266 vigerent,

83 1285 164 1341 freno
183 1287 311 1341 10111111
330 1294 440 1340 tantam
463 1280 618 1340 libidinem
638 1281 824 1342 nullomodo
844 1297 947 1364 posset.
970 1282 1026 1343 Sed
1047 1285 1143 1345 vincit
1161 1285 1307 1365 prudentia

83 1402 148 1439 cum
175 1378 271 1438 studio
293 1378 407 1437 honesti
436 1381 609 1456 conjuncta,
631 1401 742 1459 quoquc
768 1382 828 1462 ipse
853 1383 976 1461 agitatur
999 1402 1092 1440 amore
1103 1429 1112 1456 ‚
1133 1381 1237 1442 eodem
1257 1385 1306 1461 jam

83 1479 189 1539 imbuit
204 1477 349 1536 amasium.
391 1477 461 1536 Nam
483 1491 513 1535 ut
537 1497 573 1535 ex
596 1476 650 1536 hoc
677 1480 803 1561 suscepit
820 1501 871 1561 per
888 1480 986 1539 oculos
1009 1480 1221 1561 pulcritudinis
1240 1480 1306 1539 efflu-

85 1579 183 1651 vium,
204 1596 260 1655 quo
279 1573 402 1633 incaluit
420 1589 550 1654 totusque
570 1588 611 1634 est
629 1590 835 1652 commutatus,
856 1579 916 1651 sic,
936 1579 1017 1646 uenti
1038 1579 1129 1637 instar
1147 1592 1199 1637 aut
1212 1577 1303 1651 echis,

84 1675 162 1735 redit
178 1674 260 1733 hicce
280 1668 382 1754 ἵμερος
399 1673 435 1731 ab
454 1688 566 1732 amante
585 1675 618 1732 in
638 1675 737 1734 amasii
756 1678 903 1751 animum,
918 1697 1038 1754 eumque
1058 1675 1160 1756 implet
1180 1697 1271 1736 amore
1285 1688 1303 1733 11

85 1774 166 1853 quasi
195 1775 295 1854 irrig'at
322 1772 507 1852 emollitque,
538 1785 570 1831 ut
596 1773 704 1853 pariter
729 1773 858 1832 oriantur
888 1773 960 1833 alae.
1002 1773 1101 1853 Itaque
1129 1773 1179 1833 hie
1208 1792 1304 1855 quoque

86 1884 178 1946 amat,
199 1871 250 1931 sed
277 1870 350 1951 quid
379 1885 452 1930 amet
477 1869 588 1944 nescit,
610 1891 663 1928 nec
693 1884 793 1950 potest·
811 1871 977 1946 declarare,
997 1871 1069 1951 quid
1098 1872 1153 1952 ipsi
1181 1856 1311 1941 evenerii.

84 1969 131 2028 Fit
150 1982 245 2030 autem
263 1984 361 2029 mutuo
379 1970 433 2028 hoc
451 1988 544 2026 amore
554 2012 563 2042 ‚
586 1981 617 2026 ut
635 1981 772 2046 tanquam
791 1969 823 2027 in
843 1969 978 2050 speculo,
1000 1971 1032 2028 in
1053 1984 1167 2029 amante
1185 1970 1318 2049 semetip-

80 2090 145 2129 sum
158 2066 311 2149 adspiciat:
329 2059 426 2148 ὥσπερ
441 2063 475 2126 δὲ
491 2063 523 2125 ἐν
538 2058 694 2149 κατόπςρῳ
711 2063 743 2124 ἐν
756 2064 801 2149 τῷ
816 2063 919 2147 ἐρῶντι
936 2061 1043 2128 invado
1058 2057 1140 2148 δρῶν
1155 2060 1339 2150 11113143

82 2168 195 2227 Absens
223 2169 312 2248 igitur
341 2169 484 2229 desiderat
504 2189 588 2240 eum,
609 2182 640 2227 ut
657 2167 693 2226 ab
719 2189 753 2226 1ο
779 2168 959 2228 desideratur
981 2171 1125 2245 vicissim,
1154 2192 1208 2230 nee
1237 2161 1344 2250 qui&

82 2286 168 2344 quam
186 2267 268 2346 cupit
288 2267 504 2340 vehementius,
525 2288 609 2344 quam
628 2280 659 2325 ut
678 2286 788 2345 semper
807 2287 872 2325 cum
893 2289 925 2327 eo
944 2269 986 2327 'sit
1015 2290 1082 2327 una.
1124 2268 1162 2328 Et
1188 2269 1230 2328 sic
1252 2264 1344 2347 qui‘

83 2362 150 2422 dem
166 2363 249 2422 ambo
267 2364 379 2423 beatam
403 2377 487 2442 atque
508 2363 678 2423 concordem
698 2379 874 2444 praesentem
900 2380 990 2445 agunt
1010 2366 1099 2427 vitam
1110 2412 1118 2440 ‚
1148 2366 1268 2425 modesti
1287 2370 1344 2421 β’

82 2461 269 2542 sibimetipsis
289 2461 475 2542 imperantes,
491 2461 634 2536 subactis,
656 2460 791 2540 equibus
809 2464 900 2537 vitia,
919 2464 951 2523 in
967 2463 1128 2523 libertatem
1148 2462 1333 2524 vindicatiffi

84 2559 225 2639 equibus
246 2561 367 2620 virtutes
386 2560 536 2636 oriuntur3
557 2562 661 2619 mortui
685 2557 752 2620 vero
762 2563 965 2642 ‚recuperatis
993 2561 1065 2635 alis,
1088 2577 1237 2642 praepetes
1255 2576 1344 2649 erq

84 2657 164 2728 lant,
195 2679 259 2738 curn
287 2659 375 2717 trium
403 2659 590 2728 certaminum
618 2681 684 2721 vere
714 2657 938 2739 Olympicorum·
955 2681 1044 2719 unum
1064 2662 1260 2740 pervicerint:
1280 2648 1344 2717 ol⁴

82 2754 185 2835 μεῖζον
211 2749 329 2836 ἀγαθόν
351 2747 416 2815 oiim
439 2751 616 2839 σωφροσύνη
640 2753 815 2841 ἀνθρωπίνη
839 2753 905 2819 οὔτε
927 2755 998 2819 θεία
1018 2756 1110 2836 μανία
1132 2753 1245 2840 dovora*
1263 2780 1344 2819 νιν

86 2857 164 2942 ρίσαι
186 2852 351 2942 α’νθρῶπῳ·
379 2880 434 2936 quo
462 2881 532 2918 aona
558 2862 775 2940 praestabilius
796 2863 901 2920 bonum
920 2883 973 2919 nec
996 2863 1130 2919 humone
1148 2873 1344 2940 temperer

88 2970 152 3036 tio,
174 2984 226 3019 nec
247 2963 369 3019 divinus
380 2963 480 3035 furor
495 2961 608 3017 homini
627 2959 743 3037 offerre
762 2961 859 3017 ullum
874 2971 980 3037 potest.
1003 2958 1035 3039 5)

126 3060 173 3119 Sic
197 3067 352 3119 amaria
374 3073 415 3118 est
435 3056 513 3138 apud
533 3055 680 3117 Platonem
700 3057 856 3116 arctissima
875 3080 939 3117 cum
954 3061 1051 3136 phil
1058 3059 1233 3135 asaphio
1251 3074 1344 3115 εον·

81 3159 205 3237 junctio.
236 3159 391 3218 Commune
410 3157 557 3235 utriusque
577 3171 666 3215 estet
686 3177 826 3215 summurn
845 3159 1038 3237 propositum,
1058 3171 1090 3216 ut
1114 3155 1152 3215 ad
1172 3157 1344 3217 1111111111

86 3279 118 3317 ac
137 3257 307 3338 sapientiam
324 3253 452 3314 adducat'
466 3254 631 3329 hominem,
660 3255 718 3312 imo
737 3253 839 3313 reddat
858 3256 989 3329 homini,
1008 3276 1094 3334 quam
1113 3255 1227 3328 amisit,
1254 3249 1344 3311 tatia

85 3355 210 3415 citatem.
252 3355 324 3414 Nam
345 3367 376 3412 ut
394 3353 519 3412 restituit
538 3373 602 3411 eum
622 3352 807 3433 philosophia
827 3353 859 3411 in
879 3353 1075 3412 conditionem
1094 3353 1262 3433 pristinam,
1277 3349 1344 3407 113

88 3453 147 3514 alas
166 3455 192 3513 ei
213 3453 331 3534 adaptat
350 3473 443 3524 amor,
462 3449 567 3528 quibus
591 3449 720 3510 sublatus
748 3450 780 3508 in
806 3449 920 3509 beatum
946 3451 999 3509 Dei
1023 3453 1067 3510 sui
1096 3451 1177 3530 quasi
1205 3450 1344 3510 chorum]

93 3643 216 3653 ...ψ-...ρ-
230 3643 344 3652 ----ιι

124 3746 148 3813 1)
167 3766 192 3815 p.
215 3747 272 3801 253.
296 3749 328 3801 Α,
351 3748 461 3801 Prorsus
484 3740 675 3802 hinc'atienun
699 3758 739 3802 111
755 3749 828 3801 lovis
852 3764 962 3810 uomen;
989 3763 1046 3798 nam
1070 3746 1103 3797 do
1128 3762 1161 3797 1ο
1185 3747 1259 3812 ipso,
1273 3740 1344 3805 t⁴¹¹

91 3836 163 3887 lovis
179 3849 265 3886 eomes
283 3837 381 3899 luerat,
401 3853 486 3888 sermo
506 3845 560 3900 est,
581 3844 608 3886 ut
625 3853 684 3888 mox
704 3835 736 3887 de
754 3834 862 3886 lunonis
882 3835 990 3896 eomite;
1009 3834 1066 3900 ipsa
1085 3825 1344 3899 ρ11111111111111ἰ

92 3927 195 3978 charum
217 3929 312 3979 mentio
331 3927 452 3978 abhorret
477 3945 492 3979 a
514 3928 587 3979 lovis
611 3928 741 3979 mentione
765 3926 840 3976 lacta.
877 3925 961 3985 Quare
985 3925 1023 3974 sic
1041 3923 1195 3992 legendum:
1218 3901 1344 3999 111111ἰ

91 4009 233 4079 Διονύσου
259 4006 423 4100 (ρ11Διδς)
450 4011 610 4098 derisorem,
639 4014 736 4100 ὥσπερ
759 4013 789 4078 ui
810 4011 933 4098 βάκχαι,
956 4013 1004 4076 ἐπὶ
1024 4009 1079 4097 τήν
1101 4016 1155 4076 τοῦ
1176 4005 1344 4099 ἒρωμὲνίῑυ

92 4113 196 4201 ψυχήν
218 4116 422 4191 ἐπαντλοῦντες
437 4156 476 4164 -

126 4220 277 4286 2111111111.
296 4219 355 4272 252.
376 4220 395 4273 C
415 4253 446 4262 —
464 4222 522 4274 253.

128 4304 154 4371 3)
173 4308 233 4358 Eod.
252 4304 360 4356 2511.

128 4391 155 4457 4)
173 4394 233 4444 Eod.
253 4390 310 4442 255.
329 4391 360 4441 D.

124 4478 150 4546 5)
168 4480 229 4531 Eod.
248 4475 305 4528 256.
323 4477 354 4528 Α.
373 4476 401 4526 B.
