2796 5048
688 231 749 295 478

92 421 196 484 genere
214 399 469 482 philosophorum,
484 399 534 477 qui
554 399 635 478 paria
653 420 714 459 esse
732 403 835 460 natura
852 403 1005 464 hominum
1022 406 1142 486 ingenia
1159 422 1314 487 statuerent,

92 501 292 562 diversitatem
319 510 413 556 autem
441 516 476 555 ex
496 494 612 556 diversa
629 498 824 560 institutionis
843 502 954 561 ratione
974 503 1135 567 ducerent·
1171 509 1241 567 Rem
1255 508 1313 569 adeo

91 599 237 658 Socratem
267 611 364 656 vetere
387 595 510 674 quadam
534 594 691 655 traditione
710 597 906 658 illustrantem
925 601 1005 662 fecit.
1047 603 1223 667 Persuadere
1240 627 1287 667 eus

91 696 179 756 dibus
208 695 304 770 illud,
336 696 395 769 ait,
425 695 581 769 debemus,
612 695 691 773 quod
722 718 738 755 a
766 696 960 757 Phoenicibus
990 702 1178 781 accepimus,¹
1207 717 1283 765 nostr

91 795 305 854 institutionem
331 793 419 852 nihili
444 816 520 868 esse,
550 796 626 874 ipsos
656 814 723 852 vero
753 815 852 875 reapse
880 795 1040 876 aliquando
1067 772 1227 861 suffiterra
1246 803 1320 863 luisse

90 893 278 967 informatos,
316 891 442 971 indeque
471 890 580 951 deinde
609 889 728 950 dotibus
754 914 881 972 quosque
909 896 968 956 suis
997 896 1031 955 in
1058 895 1157 957 lucem
1182 899 1321 980 prodiisse.

94 1013 108 1044 ο
120 992 197 1050 Estis
217 992 323 1072 igitur,
344 993 385 1050 sic
405 1012 453 1052 eos
471 1012 569 1051 sumus
588 990 763 1066 allocuturi,
783 1012 881 1052 omnes
891 995 1022 1067 fratres
1038 994 1118 1055 inter
1137 1017 1210 1073 vos,
1228 999 1320 1079 quippe

89 1104 194 1149 terram
223 1110 402 1148 communem
428 1089 568 1148 hahentes
588 1102 727 1163 matrem,
748 1110 835 1167 quam
854 1092 1057 1151 communibus
1076 1092 1187 1155 studiis
1210 1095 1320 1157 viribus

89 1207 145 1266 que
175 1187 356 1263 defendetis3
389 1187 440 1247 sed
467 1189 561 1262 Deus,
591 1187 642 1265 qui
674 1208 725 1247 vos
754 1188 864 1263 linxit,
893 1203 1033 1269 quotquot
1063 1205 1196 1253 vestrum
1216 1193 1255 1255 ad
1279 1195 1321 1253 im·

87 1285 250 1365 perandum
280 1288 340 1366 apti
368 1300 463 1346 essent
492 1288 605 1360 futuri,
633 1306 736 1345 aurum
764 1287 796 1345 in
826 1307 924 1347 eorum
951 1290 1139 1367 generatione
1158 1269 1320 1353 admiscuit:

88 1399 263 1465 quapropter
290 1383 504 1446 honoratissimi
534 1398 618 1444 sunt:
651 1382 712 1443 illis
740 1398 855 1461 autem,
884 1386 935 1464 qui
956 1385 994 1446 ad
1012 1386 1224 1467 opitulandum
1243 1403 1320 1451 custo

86 1482 305 1563 diendumque,
327 1497 493 1563 argentum:
516 1484 625 1542 ferrum
642 1481 769 1561 denique
790 1496 874 1562 atque
892 1505 940 1542 aes
959 1484 1093 1564 agricolis
1113 1500 1143 1545 et
1166 1486 1319 1568 opificibus

86 1581 146 1639 Vos
171 1581 274 1661 igitur,
303 1583 412 1662 quippe
442 1582 556 1661 cognati
585 1601 700 1654 omnes,
729 1581 862 1661 plerique
884 1581 1075 1661 generabitis,
1097 1584 1150 1662 qui
1170 1585 1256 1645 vobis
1273 1586 1320 1644 sint

85 1679 213 1757 similes3
241 1680 357 1740 eveniet
384 1693 482 1738 autem
508 1679 682 1757 quandoque
693 1722 702 1752 ,
730 1693 761 1737 ut
789 1699 826 1737 ex
856 1700 942 1739 aureo
970 1694 1106 1739 nascatur
1132 1697 1320 1762 argenteuset

84 1801 122 1840 ex
139 1793 274 1859 argenteo
293 1775 426 1837 similiter
446 1798 550 1837 aureus
560 1822 568 1851 ,
587 1790 754 1854 caeteraque
768 1779 879 1857 pariter
898 1778 930 1838 in
951 1778 1030 1837 hunc
1049 1779 1182 1841 mortum.
1227 1783 1318 1857 Quan-

84 1878 183 1938 ohrem
214 1875 400 1959 principibus
426 1888 456 1934 et
483 1876 609 1956 primum
640 1888 669 1934 et
697 1874 822 1934 maxime
852 1877 930 1936 Deus
958 1877 1121 1959 praecipit,
1156 1892 1189 1939 ut
1221 1879 1319 1940 nullius

84 1976 125 2036 rei
155 1977 292 2054 majorem
318 1995 416 2035 euram
442 1972 658 2052 custodiamque
679 1973 859 2053 suscipiant,
879 1995 966 2053 qnam
984 1987 1140 2052 natorum,
1163 1990 1198 2036 ut
1217 1977 1319 2059 dignos

83 2089 170 2152 cant,
198 2073 272 2154 quid
300 2095 337 2133 ex
362 2088 485 2154 quatuor
513 2071 559 2133 his
586 2072 704 2131 illorum
730 2072 835 2131 animis
853 2073 891 2133 sit
906 2073 1091 2133 immixtum:
1114 2089 1145 2136 et
1164 2076 1190 2134 si
1210 2077 1276 2157 quis
1291 2094 1319 2135 ex

83 2176 154 2255 ipsis
183 2188 318 2236 nascatur
346 2165 515 2251 ὑπόχαλκος
536 2168 585 2233 vel
606 2162 805 2252 ὑποσίδηρος,
828 2170 912 2231 nullo
939 2185 1023 2253 pacto
1043 2173 1261 2251 misereantur,
1278 2171 1318 2233 sed

82 2294 165 2333 suum
192 2276 297 2352 cuique
325 2273 505 2346 tribuentes,
527 2271 566 2332 ad
586 2271 703 2351 opifices
730 2272 778 2333 vel
798 2269 938 2352 agricolas
957 2269 1128 2331 dimittant:
1151 2291 1302 2352 rursusque
1309 2315 1317 2344 ,

80 2372 106 2430 si
134 2391 171 2429 ex
200 2369 280 2429 hisce
311 2382 445 2430 nascatur
469 2370 575 2451 aliquis
601 2361 774 2452 ὑπόχρυσος
801 2371 850 2433 vel
876 2361 1061 2450 ὑπάργυρος,
1094 2370 1248 2433 extollant
1265 2389 1317 2428 eun

81 2468 211 2544 honore,
232 2468 312 2530 hune
339 2468 377 2528 ad
405 2468 592 2544 auxiliarios,
613 2471 700 2532 illum
726 2473 764 2533 ad
782 2471 917 2533 custodes
935 2484 963 2530 et
983 2470 1133 2553 principes
1150 2469 1316 2541 referentes,

79 2568 162 2646 quasi
192 2581 276 2638 vetus
304 2568 343 2627 sit
365 2567 535 2644 oraculum,
561 2560 629 2630 τότε
650 2565 706 2652 τήν
727 2564 819 2633 πόλιν
838 2568 1064 2651 διαφθαρῆναι,
1094 2560 1172 2629 ὅταν
1195 2554 1316 2647 aulai

81 2664 206 2748 σίδηρος
226 2660 249 2749 ἢ
270 2659 287 2727 ὑ
308 2660 421 2747 χαλκὺς
441 2661 569 2754 φυλάξῃ
592 2683 658 2731 tum
687 2662 903 2754 rempublicam
919 2680 1118 2751 periturum,
1138 2692 1212 2730 eum
1229 2677 1315 2747 ipsum

81 2772 128 2827 uel
147 2792 198 2830 ses
217 2772 264 2828 uel
274 2773 405 2846 serrum
420 2773 613 2857 gubernabit.
625 2796 640 2829 n
668 2770 698 2851 l)

123 2889 139 2921 «
150 2869 265 2949 Eligere
283 2869 372 2949 igitur
392 2889 407 2926 e
426 2869 595 2930 custodibus
625 2891 658 2930 ac
685 2870 803 2931 summis
821 2889 924 2930 ornare
942 2869 976 2927 in
992 2865 1146 2948 republica
1165 2862 1313 2927 honoribus

77 2964 183 3040 decet,
213 2968 264 3045 qui
292 2967 398 3026 natura
424 2966 534 3028 habent
551 2982 628 3028 recte
646 2971 708 3047 ejus
728 2967 874 3047 regundae
892 2966 1076 3026 facultatem:
1096 2964 1132 3025 hi
1150 2977 1249 3025 autem
1266 2981 1312 3041 qno

79 3064 172 3142 magis
200 3064 299 3122 indole
326 3065 500 3145 ingenioque
519 3079 682 3147 praestant,
703 3087 735 3125 eo
755 3066 844 3145 magis
861 3078 890 3124 et
905 3064 1013 3123 musica
1030 3062 1188 3125 excolendi
1210 3075 1238 3121 et
1255 3078 1311 3121 vero

78 3162 263 3242 gravioribus
289 3162 456 3242 disciplinis
485 3163 641 3223 erudiendi
669 3177 748 3224 sunt.
789 3164 861 3223 Nam
878 3161 1034 3222 mediocria
1052 3156 1174 3240 ingenia
1194 3179 1249 3221 nec
1266 3155 1310 3216 oh-

77 3274 149 3319 sunt
180 3280 349 3340 magnopere
378 3280 431 3318 nec
459 3274 580 3340 prosunt
598 3251 786 3323 civitatibus:
808 3282 910 3342 magna
926 3259 1019 3320 solum
1037 3272 1096 3318 tam
1113 3258 1238 3339 perdere
1255 3275 1309 3327 eas,

78 3380 168 3438 quam
193 3379 307 3419 servare
328 3371 356 3416 et
375 3357 522 3429 illustrare
539 3358 644 3418 solent.
686 3360 721 3419 Id
751 3375 846 3425 autem
875 3359 1033 3439 negligitur
1057 3357 1119 3417 fere
1139 3358 1174 3417 in
1194 3351 1308 3417 civitati·

79 3456 134 3516 bus
163 3459 287 3532 nostris,
317 3457 444 3536 indeque
476 3456 650 3537 repetendae
677 3458 856 3539 potissimum
884 3470 952 3516 sunt
979 3455 1183 3536 gravissimae,
1214 3450 1308 3532 quihus

79 3555 243 3629 laborant,
261 3555 446 3615 calamitates.
498 3555 589 3635 Finge
618 3557 759 3637 populum
784 3557 818 3615 in
847 3553 1017 3615 civitatibus
1044 3553 1154 3633 nostris
1178 3551 1306 3632 guberna·

78 3654 148 3711 toris
179 3655 290 3727 instar,
321 3654 371 3732 qui
403 3654 441 3712 sit
470 3653 673 3733 magnitudine
702 3667 730 3713 et
748 3652 850 3713 robore
867 3653 995 3732 corporis
1013 3671 1082 3733 prae
1101 3650 1226 3709 caeteris
1244 3645 1308 3707 emi·

78 3774 169 3825 nens,
199 3751 358 3811 subsurdus
381 3773 450 3812 uero
476 3765 503 3810 et
533 3753 625 3811 oculis
653 3751 791 3811 hebetior.
812 3771 865 3810 nec
888 3763 983 3809 mente
1002 3747 1040 3808 ad
1059 3769 1104 3807 res
1123 3748 1255 3807 nauticas
1270 3765 1308 3804 oo·

78 3849 256 3931 gnoscendas
279 3839 412 3913 meliors*
434 3864 537 3908 nautas
564 3863 659 3910 autem
687 3849 770 3909 inter.
793 3870 821 3908 se
850 3847 887 3907 de
916 3846 1128 3926 gubernatione
1157 3858 1308 3914 certantes,

78 3970 199 4028 quorum
237 3936 433 4026 unusquisque
466 3961 565 4028 putet,
583 3960 625 4006 ‘s'e
654 3947 776 4027 dignum
805 3947 927 4026 imperio
953 3966 1029 4019 esse,
1060 3963 1238 4023 quamquam
1255 3959 1307 4029 ,nec

78 4061 167 4106 artem
190 4032 328 4105 didicerit
350 4066 478 4124 unquam
497 4067 549 4104 nec
578 4058 790 4126 praeceptorem
820 4041 969 4103 ostendere
997 4043 1105 4122 possit,
1128 4062 1184 4101 nec
1205 4055 1307 4120 tempus

77 4166 135 4223 quo
160 4143 316 4218 didicerit,
338 4142 417 4202 dicat
444 4141 533 4216 adeo,
556 4142 629 4202 disci
656 4155 747 4202 artem
766 4163 826 4201 non
843 4162 941 4223 posse,
962 4141 1073 4220 quique.
1088 4138 1148 4199 huc
1165 4138 1305 4210 statuerit,

79 4333 324 4345 ——u———o-——n

114 4457 144 4520 1)
164 4458 201 4507 ne
218 4459 279 4524 nep.
298 4456 340 4507 nu.
359 4455 417 4506 nu.
434 4455 458 4507 n
475 4481 510 4492 -
528 4452 558 4502 ο.
