2796 5048
674 240 733 299 405

10 398 34 457 Ε.
61 412 113 460 'tes
135 420 207 459 vero
226 396 304 468 illud
319 414 372 476 per
389 397 512 456 ironiam
532 397 665 473 dixerat,
686 399 822 479 sophistis
842 399 1002 477 adhibens,
1023 405 1073 482 qui
1092 406 1187 464 omnia
1199 402 1314 466 rescire·

12 498 38 533 ⁴
70 496 305 578 profitebantur:
324 514 381 571 quo
401 494 513 553 scilicet
531 495 648 555 facilius
667 498 829 576 certiusque
849 496 919 557 illuc
939 521 985 559 eos
995 501 1200 581 interrogando
1219 504 1309 563 addu-

10 596 38 679 :-
65 609 149 654 oeret
159 609 221 669 ,rut
239 593 315 673 ipsi,
336 612 365 649 se
381 590 459 649 nihil
479 592 552 649 scire
562 636 571 665 ‚
592 593 809 653 confiterentur.
833 591 862 674 l)
882 597 1032 655 Caeterum
1047 600 1241 660 conveniebat
1256 623 1311 682 ap-

13 686 37 755 !
64 692 166 774 prime
184 691 239 750 hoc
258 690 370 750 dictum
390 688 514 748 Socratis
534 710 599 748 cum
617 691 709 772 ipsius
730 706 791 751 tum
811 693 939 752 Platonis
953 696 986 753 in
1003 695 1173 757 disserendo
1191 700 1307 760 rationi.
1349 721 1353 727 ⁴

15 794 35 833 Ε
46 794 50 799 “
61 788 258 871 syllogistica
268 787 341 845 ratio
361 785 454 844 theses
473 788 577 866 ponit,
598 809 669 866 quas
688 789 838 848 confirmet
853 804 963 869 atquea
984 791 1217 853 dissentientium
1229 817 1311 875 argu·-

10 873 40 931 ἶ·
63 883 301 947 tentationibus
317 881 475 957 defendat,
504 884 554 942 sed
576 879 719 967 ἐπαγωγή
741 886 883 961 Socratis,
910 889 1075 967 pariterque
1095 880 1224 950 Platonis
1242 911 1309 952 ana-

10 982 253 1065 Ι.,1]ρίε,ᾳιιαο
273 1002 339 1040 eum
357 976 502 1066 ἐπαγωγῇ
522 1006 607 1063 quam
627 987 777 1067 proxime,
798 999 830 1044 ut
845 986 978 1046 uidimus
988 1032 996 1062 ,
1017 989 1172 1065 conjuncta
1191 1003 1251 1063 est,
1273 991 1310 1085 ad

10 1094 40 1131 Ι*
62 1078 271 1161 quaerendum
301 1081 571 1161 inveniendumque
596 1097 655 1143 tota
682 1086 818 1165 pertinet.
849 1086 1047 1143 Consentanea
1068 1085 1157 1164 igitur
1179 1095 1310 1145 nescien-

25 1190 32 1225 Ι
61 1182 151 1239 tibus
161 1223 170 1251 ,
189 1198 249 1236 non
270 1183 434 1238 scientibus
452 1195 530 1258 erat:
551 1183 648 1260 ecquis
669 1183 748 1239 enim
773 1181 886 1259 quaerit
915 1182 1068 1242 invenitve
1088 1181 1167 1259 quod
1186 1184 1241 1241 seit
1260 1184 1308 1243 vel

22 1262 31 1327 l
63 1276 144 1335 scire
163 1295 193 1333 se
213 1275 277 1334 ait?
314 1275 372 1336 Sed
391 1275 471 1336 illud
488 1291 634 1358 praeterea
645 1279 682 1337 de
701 1292 821 1356 utroque
831 1277 1005 1358 philosopho
1024 1277 1193 1338 tenendum.
1211 1280 1308 1353 Quum

61 1384 242 1452 quaererent
261 1371 298 1433 de
317 1394 369 1448 eo,
389 1373 467 1453 quod
487 1396 588 1434 verum
605 1378 773 1454 justumque
794 1388 885 1448 esset,
904 1389 1042 1454 tanquam
1054 1376 1214 1435 nescientes
1224 1390 1309 1456 pror-

20 1490 29 1529 r
60 1490 137 1543 ens,
157 1468 230 1547 quid
249 1468 327 1528 illud
345 1485 435 1546 esset,
456 1492 517 1530 non
537 1472 713 1532 dubitabant
730 1471 766 1530 de
787 1493 837 1546 eo,
856 1493 926 1530 num
947 1487 1036 1531 esset:
1058 1473 1081 1530 si
1104 1461 1306 1546 dubitassent,

10 1574 129 1635 u'non
147 1566 374 1644 quaesivissent:
395 1568 453 1626 imo
471 1588 540 1627 vero
551 1569 605 1628 hoc
624 1570 686 1648 ipso
696 1615 705 1644 ,
725 1568 804 1647 quod
822 1568 1019 1649 quaerebant,
1039 1569 1136 1649 palam
1155 1571 1303 1630 faciebant

10 1690 28 1731 ι
59 1648 225 1738 oiirnibus,
248 1685 277 1722 se
296 1684 355 1722 esse
376 1663 454 1722 illud
469 1686 522 1745 pro
540 1679 617 1724 certo
637 1665 761 1741 habere3
791 1665 924 1745 scepticis
943 1687 1011 1725 vero
1022 1711 1031 1740 ,
1050 1668 1150 1745 quales
1167 1669 1308 1730 Arcesilas

17 1770 38 1827 t:
59 1762 188 1839 eiusque
207 1759 347 1841 discipuli
368 1762 509 1836 fuerunt,
529 1762 562 1820 id
571 1763 722 1844 proprium
742 1764 798 1821 fuit
818 1777 869 1836 ut,
889 1762 967 1840 quod
988 1764 1089 1822 Cicero
1109 1778 1228 1823 testatur
1239 1775 1309 1839 ,ni-

10 1886 25 1929 ¹
60 1860 115 1921 hil,
134 1880 196 1917 ease
206 1866 285 1916 certi
295 1902 305 1934 ,
322 1861 399 1936 qued
408 1870 465 1917 aret
483 1863 617 1919 rensibus
634 1870 691 1918 aut
708 1868 808 1919 animo
826 1868 945 1937 percipi
958 1869 1070 1936 posset,
1091 1875 1258 1922 statuerent.
1271 1861 1303 1942 2)

10 1970 27 2035 ιζ
60 1956 119 2017 Uti
138 1976 210 2017 vero
229 1956 311 2015 Plato
331 1978 389 2015 una
410 1965 476 2015 cum
496 1960 630 2037 magistro
647 1958 738 2038 probe
758 1979 773 2016 a
792 1959 926 2038 scepticis
946 1956 1172 2037 distinguendus
1189 1973 1249 2035 est,
1263 1961 1304 2020 ita

10 2086 25 2127 ι
58 2052 359 2128 cavendum‘etiam,
379 2075 416 2112 ne
442 2075 507 2112 eum
526 2076 591 2112 cum
615 2054 784 2136 dogmaticis
812 2054 1042 2114 confundamus:
1064 2076 1121 2134 quo
1141 2056 1233 2136 ipsius
1254 2079 1306 2115 nos

17 2151 156 2223 ..tacite
174 2149 319 2208 adducere
337 2150 522 2232 philosophia
550 2154 657 2232 possit,
676 2154 784 2233 quippe
801 2150 936 2211 adillud
945 2197 954 2225 ,
975 2152 1053 2229 quod
1071 2166 1181 2211 certum
1201 2166 1230 2211 et
1248 2154 1304 2211 im·
1383 2150 1387 2155 ’

10 2282 23 2323 t
60 2247 210 2309 mutabile
227 2262 286 2322 est,
314 2262 372 2307 tota
398 2263 540 2329 spectans.
582 2250 737 2324 Fatemur,
765 2251 797 2309 id
817 2249 942 2308 subinde
961 2250 1111 2309 Platonem
1131 2250 1163 2308 in
1184 2252 1299 2331 scriptis

10 2382 23 2421 Ι
60 2351 127 2411 suis
147 2348 339 2423 commisisse,
357 2347 435 2427 quod
452 2332 682 2428 'dogmaticorum
708 2351 858 2430 proprium
886 2363 1023 2429 putatur,
1044 2363 1076 2407 ut
1095 2348 1179 2407 nobis
1196 2349 1302 2428 placita

10 2480 24 2521 t
61 2462 135 2519 sua,
156 2445 293 2505 adductis
313 2446 444 2524 undique
464 2447 658 2525 argumentis,
678 2447 799 2527 probare
820 2467 852 2504 ac
873 2445 1045 2525 persuadere
1065 2459 1233 2520 conaretur,
1254 2446 1324 2518 sed¹

60 2545 137 2603 fecit
156 2543 206 2617 id,
226 2557 257 2602 ut
275 2564 327 2603 suo
353 2543 417 2602 loco
446 2542 725 2617 demonstravimus,
746 2541 929 2621 quaerendo,
943 2589 946 2594 .
960 2542 1184 2622 interrogando,
1205 2544 1304 2602 Socra·

20 2694 29 2705 ,
61 2640 123 2701 rial
144 2653 172 2698 et
192 2640 339 2721 analyticl
368 2641 499 2714 ratione,
524 2662 599 2714 nou,
632 2655 663 2699 ut
690 2639 865 2718 dogmatici,
885 2638 1038 2697 statuendo
1059 2661 1092 2699 ac
1111 2654 1248 2717 tanquam
1268 2660 1304 2697 ex

60 2738 182 2818 tripode
211 2737 444 2818 pronunciando.
486 2737 571 2812 Quod
602 2759 670 2799 vero
690 2738 726 2796 de
747 2739 808 2818 ipsa
828 2737 885 2798 viri
913 2736 1098 2817 philosophia
1118 2737 1245 2806 dicitur,
1266 2738 1304 2796 ad

61 2834 146 2895 illud
166 2855 227 2893 eam
245 2849 373 2915 spectare
394 2835 489 2909 unice,
501 2836 579 2914 quod
598 2849 750 2910 constans,
771 2849 881 2894 certum
891 2879 899 2907 ,
910 2834 1089 2892 immutabile
1110 2849 1152 2893 est
1162 2880 1170 2909 ,
1192 2834 1223 2892 id
1234 2855 1301 2892 vero

62 2954 121 2992 noc
142 2931 416 3014 reprehendendum
437 2954 489 2991 nos
500 2977 509 3007 ‚
537 2954 591 2992 nec
612 2933 680 2992 solis
699 2954 758 2992 esse
781 2932 950 3011 dogmaticis
969 2932 1195 2990 adscribendum
1214 2931 1304 2990 horni-

45 3031 157 3091 ·nibus
176 3031 381 3111 existimamus.
424 3031 496 3104 Quis
524 3031 601 3088 enirn
621 3030 814 3111 reprehendat
825 3075 833 3103 ‚
855 3029 906 3088 ubi
920 3028 1136 3110 philosophus,
1157 3044 1189 3087 ut
1210 3048 1301 3089 unus-

60 3129 189 3208 quisque
203 3112 308 3206 integri
328 3128 419 3207 animi
435 3127 599 3206 judiciique
618 3127 720 3202 homo,
739 3127 776 3186 de
791 3129 914 3208 pulcro,
934 3126 970 3186 de
990 3127 1067 3186 bono
1076 3173 1084 3201 ,
1103 3126 1139 3185 de
1153 3129 1250 3204 justo,
1261 3129 1299 3187 de

62 3227 191 3286 veritate
209 3245 350 3302 quaerens
359 3269 369 3299 ,
388 3224 459 3283 haec
481 3246 538 3284 esse
560 3225 753 3286 immutabilia
772 3226 947 3286 contendit?
976 3225 1058 3285 Plato
1076 3240 1189 3299 autem,
1210 3224 1306 3282 iubis

58 3323 236 3405 praesertim
254 3322 430 3402 indagandis
448 3310 711 3405 explorandisque,
732 3327 856 3406 optimi,
876 3347 961 3405 quarn
980 3324 1129 3396 diximus,
1150 3323 1304 3392 methodo,

60 3408 241 3480 inductione
259 3433 287 3479 et
304 3420 418 3500 analysi
439 3443 507 3480 usus
526 3437 577 3481 est.

263 3617 542 3699 Dogmatiece
572 3631 785 3696 rationis,
808 3643 933 3701 quam
965 3620 1106 3679 Stoici

226 3728 525 3794 usurparunt,
556 3729 595 3776 et
621 3720 881 3779 Platonicae
909 3721 1153 3777 discrimen.

105 3917 167 3976 Nec
186 3909 318 3996 scepticis
338 3917 427 3996 igitur
446 3917 627 4000 philosophis
646 3919 745 3994 Plato,
766 3941 819 3978 nec
838 3917 1214 3998 dogmaticisaccensendus
1226 3915 1301 3976 vide·

59 4031 125 4078 tur.
169 4013 227 4103 Sed
247 4015 368 4076 fuerunt
388 4016 421 4074 in
440 4015 606 4096 dogmaticis
626 4018 734 4094 Stoici,
752 4038 873 4098 quorum
884 4015 920 4076 de
938 4016 1070 4077 sensibus
1088 4032 1172 4095 atque
1188 4015 1233 4093 opi
1239 4014 1306 4071 nio·

99 4240 128 4302 1)
150 4240 192 4291 stc
211 4237 304 4291 cicero
324 4240 425 4306 accepit
442 4241 521 4293 antro
535 4260 557 4294 ο.
575 4243 617 4294 aa.
637 4245 718 4296 Acar.
738 4245 757 4296 r.
775 4247 800 4295 a.
819 4244 849 4295 u.
869 4245 892 4303 a.
913 4240 954 4295 aa.
974 4245 1003 4294 a
1021 4244 1067 4308 op
1087 4242 1104 4292 r.
1124 4239 1165 4292 ao.
1184 4242 1213 4291 a
1231 4203 1310 4290 orer(

73 4330 96 4378 r.
119 4325 163 4377 or.
1005 4332 1007 4337 =
1181 4352 1185 4358 .

56 4330 71 4381 Ι
101 4409 130 4473 2)
151 4412 206 4464 Cic.
224 4415 253 4464 dc
270 4415 341 4465 Orat.
360 4413 401 4465 lll.
423 4412 463 4464 18.
