2796 5048
670 241 731 303 462

85 399 211 461 aderunt
230 399 288 479 ipsi
311 400 435 461 honores
453 414 482 463 et
499 404 643 483 praemia:
666 404 809 465 incertum
829 403 919 484 igitur
936 403 1013 476 erit,
1029 405 1144 481 justine
1163 425 1203 465 an
1228 403 1308 465 liono-
1327 462 1330 467 .

86 524 151 561 rum
171 521 381 580 munerumque
398 500 489 581 gratie
507 501 576 561 talis
594 502 642 562 ait.
683 499 848 563 Privandus
865 501 955 581 igitur
973 500 1062 563 rebus
1082 501 1222 565 omnibus
1237 522 1310 583 prae-

87 615 218 680 terquam
232 600 348 677 justitia
359 645 367 673 ,
388 614 473 677 atque
491 599 532 658 ita
551 598 725 681 ponendus,
751 613 784 659 ut
807 600 950 681 superiori
968 600 1137 661 contrarius
1163 600 1220 674 sit,
1246 620 1310 659 cim·

86 720 143 778 que
164 698 243 757 nihil
262 711 326 777 agat
343 697 468 776 injuste,
490 697 696 775 injustissimus
714 718 775 757 esse
791 697 946 774 credatur;
969 710 1003 756 ut
1020 697 1106 776 quasi
1116 695 1244 774 quodam
1259 717 1311 756 exa·

86 798 167 855 mine
183 795 379 874 adjustitiam
398 796 436 855 sit
450 794 609 876 probatus,
630 816 666 855 ex
686 817 719 855 eo
738 794 818 874 quod
844 815 899 856 nec
918 794 1041 855 infamia
1070 815 1127 855 nec
1147 794 1197 855 his
1221 793 1313 868 rebus,

88 915 162 974 quae
182 915 242 953 eam
262 906 442 970 sequuntur,
474 914 491 952 a
510 894 656 974 proposito
676 914 727 953 suo
746 893 949 967 dimoveatur,
967 891 1019 953 sed
1037 912 1131 971 usque
1150 891 1193 951 ad
1208 905 1313 953 mortem

87 992 245 1052 immobilis
270 1004 454 1074 perseveret,
484 991 556 1052 dum
585 1012 638 1073 per
664 1011 778 1051 omnem
802 992 893 1053 uitam
913 991 1041 1068 injustus
1061 989 1312 1066 existimetur,sit

86 1103 181 1150 tamen
197 1092 312 1169 justus:
334 1104 367 1149 ut
382 1109 449 1148 cum
467 1089 551 1149 ambo
570 1088 608 1148 ad
626 1104 788 1151 extremum
805 1089 1014 1170 pervenerint,
1043 1087 1095 1149 hie
1123 1088 1247 1167 quidem
1265 1089 1313 1167 jus

85 1189 167 1248 titiae
178 1235 186 1264 ,
208 1188 261 1249 illc
281 1202 376 1247 autern
396 1189 579 1265 injustitiae,
595 1186 765 1266 judicetur,
785 1201 849 1248 uter
867 1207 966 1247 eorum
984 1186 1024 1245 sit
1040 1185 1188 1247 beatior.»
1215 1185 1245 1267 l)

126 1284 207 1347 Haec
226 1300 377 1368 postquam
395 1269 509 1346 Glaucd
526 1298 585 1345 tam
604 1285 711 1346 diserte
730 1299 816 1366 atque
835 1284 1003 1345 admirabili
1020 1305 1093 1347 sane
1114 1285 1257 1345 orationis
1269 1283 1313 1343 iu·

86 1398 155 1467 petu
175 1399 203 1445 et
235 1384 356 1444 flumine
384 1382 517 1459 dixerat,
548 1383 678 1445 Socrates
699 1383 802 1445 «vahl
833 1383 950 1463 inquit,
968 1402 1056 1461 quam
1078 1382 1313 1455 vehementem

90 1485 257 1542 suavissime
274 1482 406 1557 Glauco,
428 1484 713 1562 utrumquessvirum,
732 1482 814 1562 quasi
835 1494 958 1543 statuam
982 1479 1154 1561 quandam,
1186 1480 1221 1541 in
1242 1478 1314 1559 juti-

87 1580 165 1640 cium
184 1578 320 1642 inducis!
343 1580 399 1639 Ille
419 1601 506 1656 vero,
527 1581 584 1640 feci
595 1626 604 1656 ,
624 1581 742 1659 inquit,
762 1599 848 1660 quam
863 1580 972 1661 optime
984 1592 1129 1663 poteram.
1174 1580 1249 1641 cau
1261 1597 1314 1657 eigo

86 1678 158 1738 tales
175 1679 255 1752 sint,
275 1678 354 1739 nihil
367 1679 429 1756 jam
438 1723 448 1754 ,
470 1691 503 1738 ut
520 1678 665 1754 a1·bitror,
686 1676 811 1738 difficile
830 1691 949 1739 narratu
964 1689 1023 1752 est,
1054 1677 1157 1756 qualis
1175 1690 1312 1754 unumque

86 1778 306 1841 vita.rnaneat:
337 1775 498 1836 dicendum
526 1777 634 1857 igitur:
665 1777 769 1856 quodsi
799 1795 869 1837 vero
886 1777 1016 1856 asperius
1032 1774 1111 1854 quid
1131 1773 1268 1849 dicatur,
1285 1792 1313 1833 nc

86 1876 236 1949 existima,
257 1896 304 1934 me
314 1920 322 1950 ,
343 1874 493 1951 Socrates,
510 1875 581 1934 haec
600 1874 700 1934 dicere
710 1919 719 1950 ,
737 1873 790 1934 sed
806 1896 872 1950 eoa,
891 1875 943 1952 qui
963 1892 1032 1955 prae
1056 1873 1180 1951 justitia
1211 1873 1313 1952 injusti-

85 1975 154 2032 tiam
184 1973 317 2033 laudant.
358 1973 465 2036 Dicent
492 1974 571 2034 enim
600 1972 801 2053 hujuscemodi
830 1972 990 2055 quaedam:
1020 1972 1061 2035 sic
1082 1993 1154 2033 cum
1172 1993 1206 2033 so
1225 1970 1312 2033 hahet

82 2073 196 2150 justus,
214 2072 352 2132 caedetur
368 2071 485 2153 flagris,
505 2072 704 2152 torquebitur,
715 2071 845 2135 uinculis
862 2071 1098 2151 constringetur,
1118 2083 1262 2132 eruentur.
1276 2066 1311 2127 illi

86 2170 183 2246 oculi,
217 2171 392 2250 tandemque
420 2172 542 2252 pessima
571 2191 700 2250 quaeque
728 2191 881 2251 perpessus
908 2171 941 2230 in
971 2188 1087 2231 crucem
1117 2168 1262 2242 tolletur,
1287 2184 1311 2225 at

84 2281 146 2327 tum
174 2267 290 2329 demum
319 2281 488 2349 cognoscet,
508 2288 577 2328 mon
605 2288 665 2328 esse
692 2267 745 2329 sed
773 2268 870 2330 videri
893 2269 1024 2347 justum,
1050 2263 1311 2348 concupiscendum

84 2386 171 2426 esse.»
194 2365 226 2446 2)

124 2460 265 2522 sufficere
284 2463 355 2523 haec
376 2462 536 2524 Glauconis
555 2462 692 2527 videatur
707 2478 767 2524 tam
786 2463 914 2544 diligens
933 2483 967 2525 ac
986 2462 1104 2544 eopiosa
1122 2463 1157 2525 in
1182 2462 1312 2547 justitian

82 2564 194 2637 oratio,
226 2574 258 2624 ut
286 2561 356 2621 huic
384 2561 588 2644 anteponenda
617 2562 655 2622 ad
674 2564 752 2624 vitae
770 2563 939 2623 felicitatem
964 2561 1113 2640 injustitia
1133 2562 1310 2623 existimetur.

84 2660 195 2731 Socrati
214 2673 291 2721 certe
311 2660 434 2720 arduum
452 2660 486 2720 fit
496 2707 505 2737 ,
522 2661 601 2742 quod
621 2661 708 2722 semel
726 2661 870 2741 suscepit,
890 2660 1056 2740 negotium,
1069 2659 1211 2737 justitiae
1227 2671 1309 2740 patro

82 2758 206 2819 ciuium.
247 2757 306 2818 Sed
333 2758 423 2819 habet
451 2757 644 2835 Adimantus,
670 2758 831 2819 Glauconis
862 2759 970 2832 frater,
997 2777 1070 2837 quae
1101 2756 1151 2817 his
1179 2757 1309 2836 subjiciat

87 2857 244 2933 «Satisne,
272 2859 405 2935 quaerit,
433 2878 450 2917 o
477 2857 625 2933 Socrates,
654 2859 708 2917 hac
736 2856 773 2917 de
800 2877 831 2916 re
861 2856 974 2916 dictum
991 2857 1149 2935 puteal·-
1166 2855 1249 2931 Quid
1261 2869 1309 2914 tau·

83 2953 219 3015 dem?-
246 2953 329 3015 Illud
359 2956 471 3037 ipsum,
499 2956 614 3036 inquit,
642 2954 722 3036 quod
749 2953 908 3014 dicendum
936 2953 1061 3015 maxime
1084 2967 1171 3029 erat,
1192 2952 1307 3019 nondun

81 3066 126 3112 est
145 3037 309 3114 dictum-
327 3054 423 3134 Ergo,
441 3056 557 3135 reponit
573 3053 720 3130 Socrates,
747 3051 827 3133 quod
851 3053 961 3112 dicitur
980 3051 1089 3132 vulgo,
1119 3053 1214 3117 frater
1240 3050 1307 3113 irati

83 3148 199 3209 adesto:
218 3170 306 3229 quare
322 3165 375 3226 tu,
397 3153 421 3212 si
441 3151 513 3233 quid
535 3153 585 3213 lric
604 3151 815 3234 praetermisit,
834 3150 964 3229 adjuva:
981 3170 1158 3228 quamquem
1174 3172 1223 3215 me
1232 3166 1308 3230 ,quat

82 3246 162 3307 dicta
181 3249 304 3308 suntab
323 3249 396 3325 illo,
415 3251 534 3311 vincere
553 3264 675 3331 possunt
691 3262 776 3328 atque
795 3247 927 3323 efficere,
951 3261 982 3307 ut
999 3247 1164 3308 defendere
1178 3247 1307 3326 justitian

82 3368 234 3426 nequeam.
277 3348 352 3406 Tum
384 3346 576 3407 Adimantus:
601 3348 680 3409 nihil
707 3347 799 3424 dicis;
829 3346 882 3407 sed
910 3360 939 3406 et
964 3345 1035 3405 haec
1063 3345 1138 3407 audi
1163 3360 1307 3428 praeterea

81 3447 171 3526 Decet
197 3447 276 3506 enim
306 3447 465 3506 conuarios
495 3465 639 3506 sermones
658 3444 798 3505 inducere
817 3465 935 3521 eorum,
952 3462 1024 3524 quos
1040 3442 1091 3505 hie
1111 3445 1237 3521 attulit,
1251 3442 1307 3523 qui-

80 3541 136 3603 bus
166 3543 302 3604 laudatur
327 3546 461 3624 justitia,
488 3545 634 3623 injustitia
661 3545 860 3625 vituperatur:
889 3546 949 3622 quo
977 3542 1164 3603 manifestius
1192 3543 1245 3605 fiet
1266 3539 1306 3611 id,

81 3640 159 3719 quod
179 3641 291 3702 Glauco
310 3643 430 3704 videtur
450 3643 538 3704 velle.
580 3643 768 3722 Praecipiunt
796 3641 908 3701 scilicet
935 3653 1031 3721 patres
1060 3638 1135 3701 liliis
1164 3656 1306 3718 omnesque

80 3740 131 3817 qui
158 3760 257 3799 curam
284 3741 407 3800 aliorum
435 3742 562 3815 habent,
591 3754 722 3821 oportere
750 3741 860 3819 justum
880 3759 959 3814 esse,
986 3759 1046 3798 non
1064 3738 1162 3818 ipsam
1177 3739 1305 3818 justitiam

79 3835 252 3911 laudantes,
270 3837 321 3897 sed
342 3860 481 3916 summos,
497 3841 549 3919 qui
570 3838 641 3898 inde
658 3839 812 3913 oriuntur,
835 3837 968 3897 honores.
1010 3836 1145 3916 Fiugunt
1164 3839 1235 3899 item
1251 3840 1303 3916 poe'·

78 3946 123 3992 tae
142 3955 208 3993 cum
227 3956 346 3995 aureum
368 3940 512 4015 justorum
536 3937 701 4012 saeculum,
728 3949 790 3995 tum
810 3933 986 4016 praeclaram
1011 3954 1113 3995 eorum
1140 3937 1175 3999 in
1199 3934 1302 3997 sedibus

78 4028 233 4112 beatorum
245 4047 309 4114 post
328 4036 418 4095 uitam
438 4036 618 4096 felicitatem.
658 4035 737 4094 Haec
754 4033 840 4111 justis
859 4032 1014 4106 tribuunt,
1041 4032 1162 4110 injustis
1181 4053 1249 4095 vero
1261 4029 1301 4089 de·

79 4221 330 4234 m·—

112 4342 142 4409 ι)
160 4346 199 4397 m
215 4346 277 4416 nep.
296 4345 328 4398 u.
345 4342 406 4398 ms.
424 4345 456 4398 u.
469 4345 573 4399 -aon
593 4345 624 4397 u.

110 4426 223 4493 mma.
245 4430 305 4483 aar.
327 4429 534 4484 o.-sea.l.
