2796 5048
687 199 704 256 3
754 166 759 180 .

81 359 162 433 bam,
181 357 502 439 W-ytt'enbachium.
524 344 610 416 Hunc
620 359 708 438 igitur
718 371 749 417 ut
757 358 818 419 adii
826 357 956 439 (vespera
964 373 1036 419 erat:
1052 375 1163 441 tempus
1172 372 1200 418 et
1209 360 1302 419 locum

81 472 213 554 memini)
222 493 355 552 quaerere
367 472 420 532 ille
438 472 575 532 contiuuo
589 472 626 531 de
644 472 748 545 studiis
765 473 835 533 meis
850 487 878 532 et
891 473 1101 553 progressibus:
1123 496 1174 555 ego
1193 473 1229 534 de
1248 476 1303 534 No·

80 587 174 648 dellio
188 580 303 647 rimare
317 601 344 647 et
359 588 395 647 de
409 586 595 667 scriptoribus
610 609 684 665 ame
699 588 842 663 tractatis,
862 588 983 647 maxime
996 570 1106 669 pis‘otis:
1127 588 1178 649 ille
1195 588 1304 648 librum

80 702 154 762 mibi
174 703 207 762 iu
225 724 326 772 manus
349 701 417 762 dare
436 702 486 781 qui
512 715 624 782 praesto
647 716 725 776 erat,
746 717 774 760 et
790 701 884 761 locum
910 717 1063 762 monstrare
1080 677 1165 784 quem
1182 702 1303 783 legerem

79 831 109 877 et
128 817 346 898 interpretarer:
368 830 450 875 erant
467 817 558 897 ipsius
578 817 694 875 Solacto
707 817 929 894 [distortuosum
946 817 1029 877 modo
1044 818 1138 893 edita,
1159 819 1238 877 locus
1256 840 1303 877 au·

79 945 140 991 tem
159 930 341 1011 Thucydidis
365 931 401 990 de
428 944 506 1012 peste
532 930 727 990 Athenarum:
748 952 799 1012 ego
827 931 981 992 subtimide
1009 930 1119 1011 legere,
1140 953 1192 991 nec
1213 931 1304 1013 probe

81 1045 273 1126 interpretari.
304 1047 378 1104 Tum
387 1091 397 1121 ,
422 1045 518 1104 nescio
537 1067 593 1125 qua
612 1046 843 1127 opportunitate,
863 1046 913 1105 sed
932 1045 1018 1107 fiebat
1044 1045 1171 1106 Platonis
1188 1048 1304 1133 mentis

82 1159 142 1221 Hto
160 1159 232 1234 ille,
251 1173 302 1235 tu,
321 1161 434 1240 inquit,
455 1139 747 1241 Platonem'legisti?
768 1161 832 1220 Non
850 1161 925 1240 legi,
945 1161 1080 1240 inquam,
1101 1160 1152 1221 sed
1169 1136 1304 1245 incho'
1354 1170 1356 1177 ⁴

80 1274 250 1356 Apdogiam
268 1289 296 1333 et
313 1275 510 1334 Phaedonem:
531 1289 778 1356 cuperemautem
796 1273 887 1355 legere
900 1288 928 1334 et
943 1274 1124 1355 intelligere,
1144 1289 1172 1333 et
1189 1274 1242 1334 hac
1256 1295 1305 1356 spe

78 1389 322 1474 Amstelodamum
349 1391 436 1464 veui,
463 1403 494 1449 ut
521 1389 578 1448 tuis
605 1402 699 1448 uterer
727 1388 917 1463 lectionibus,
938 1403 984 1464 et,
1005 1389 1030 1447 si
1053 1388 1169 1463 liceret,
1190 1389 1306 1448 monitis

79 1508 151 1565 item
168 1506 226 1564 tuis
243 1525 277 1563 ac
293 1503 479 1564 sermonibus.
508 1503 641 1563 Placebat
655 1525 819 1584 responsum
836 1504 898 1563 viro
917 1524 1040 1564 summo:
1061 1518 1137 1563 certe
1156 1503 1300 1583 extemplo

78 1621 186 1680 mutari
206 1597 358 1681 videbatur
376 1631 461 1678 totus.
491 1619 563 1678 Nam
581 1617 779 1700 explicabatur
795 1620 876 1679 frons
892 1631 1056 1695 contracta,
1077 1619 1176 1681 aberat
1193 1618 1305 1679 severi-

78 1750 124 1795 tus
140 1735 193 1795 illa
210 1735 243 1794 in
259 1735 381 1793 tironem
399 1732 508 1792 scilicet
526 1747 654 1814 suscepta
670 1732 743 1792 male
760 1732 899 1814 legentem
917 1747 945 1792 et
962 1732 1035 1792 male
1054 1734 1302 1814 interpretantem:

77 1849 181 1910 aderat
199 1849 232 1908 in
255 1848 339 1928 vultu
356 1849 428 1907 mira
447 1848 564 1906 comitas
580 1860 608 1905 et
625 1846 1035 1928 benivolentiaesignifica'tio.
1070 1849 1183 1924 Macte,
1203 1848 1302 1920 sodes,

76 1965 324 2044 inquit,<·virtute
342 1977 408 2023 tua:
430 1982 497 2020 uam
521 1959 557 2020 de
580 1980 613 2019 eo
635 1982 695 2020 non
719 1960 946 2042 desperandum,
967 1961 1015 2020 cui
1040 1962 1126 2021 semel
1144 1962 1225 2022 Plato
1244 1960 1303 2043 pla·

76 2099 145 2138 cere
159 2075 266 2158 coepit,
282 2091 313 2136 ut
328 2077 364 2136 de
379 2077 516 2136 Cicerone
528 2076 570 2134 ait
584 2075 792 2151 Quintilianus.
813 2077 923 2136 Nostin’
941 2048 1151 2136 hosauctores?
1171 2078 1244 2136 Tum
1254 2076 1306 2135 ille

76 2193 219 2253 continuo
238 2193 340 2252 vinum
359 2190 501 2272 postulare
523 2204 551 2248 et
569 2190 688 2270 poeula:
710 2212 762 2251 uos
780 2204 875 2251 autem
891 2212 1004 2251 mensae
1024 2190 1165 2265 assidere,
1184 2205 1212 2250 et
1229 2192 1306 2251 iuter

76 2307 224 2368 Socratica
242 2306 365 2391 pocula,
384 2306 425 2364 sic
445 2304 584 2379 vocabat,
605 2305 786 2364 confabulari
802 2305 1021 2384 jucundissime.

121 2423 239 2498 Quoties
255 2404 304 2502 ego
314 2466 323 2496 ‚
343 2419 527 2495 dilectissime
546 2421 700 2494 Creuzere,
717 2420 750 2479 in
771 2441 903 2502 vesperae
922 2420 1003 2480 illius
1020 2421 1184 2481 memoriam
1202 2408 1306 2494 redeo,

76 2537 169 2598 redeo
184 2551 279 2596 autem
306 2535 485 2616 saepissime,
505 2535 588 2594 toties
607 2533 737 2594 ,admiror
765 2534 913 2614 ingenium
941 2535 998 2596 viri
1015 2535 1102 2615 plane
1120 2535 1304 2595 Socraticum.

76 2652 231 2713 Sermones
248 2663 330 2710 erant
348 2649 385 2710 de
401 2648 584 2724 Quintiliano
603 2663 630 2708 et
648 2650 784 2709 Cicerone
801 2649 942 2729 primum,
962 2669 1028 2707 mox
1046 2649 1082 2708 de
1100 2649 1220 2728 Platone'
1228 2650 1306 2729 ‚apti

77 2767 128 2827 illi
148 2764 267 2825 mirifice
285 2765 322 2824 ad
339 2762 570 2846 proliciendum,
590 2762 706 2843 siquid
724 2763 813 2822 menti
832 2782 909 2822 meae
929 2764 1048 2822 inesset:
1075 2737 1153 2842 quod
1172 2763 1305 2822 intellexi

76 2896 187 2964 postea.
219 2882 297 2940 ‘Tum
316 2881 392 2939 euim
409 2876 574 2959 suspicabar
591 2876 686 2937 nihil:
713 2878 781 2937 satis
798 2877 956 2953 habebam,
986 2878 1010 2937 si
1030 2878 1190 2937 satisfacere
1208 2899 1305 2957 quaes·

76 2978 212 3058 tionibus
229 3015 348 3077 possem.
386 2995 444 3054 Nec
463 3013 533 3069 vero
548 2992 602 3052 hoc
620 2993 743 3051 multum
759 2992 883 3051 habehat
900 2990 1089 3052 difficultatis
1124 2992 1305 3053 Imomirum

78 3113 115 3171 in
133 3109 250 3170 modum
268 3079 392 3194 (latebor
409 3105 498 3186 enim)
515 3107 586 3166 mihi
605 3108 665 3194 ipse
683 3107 849 3188 placebam,
870 3108 920 3187 qui
938 3121 1018 3167 tanto
1036 3128 1101 3167 cum
1128 3108 1190 3169 vitu
1204 3109 1307 3193 collo-

78 3245 186 3306 querer
198 3222 296 3283 eadem
314 3223 469 3297 facilitate,
490 3224 594 3300 majore
610 3202 718 3297 ''etiam‚
738 3214 821 3302 quam
836 3243 901 3281 cum
919 3222 1087 3302 aequalibus
1106 3180 1214 3299 ηιξ-ἑῇσι.
1235 3225 1307 3282 Nam

78 3361 156 3421 quae
174 3340 270 3398 animo
288 3358 429 3398 senseram
448 3337 485 3396 de
504 3337 646 3411 Homero,
666 3336 702 3396 de
717 3335 927 3418 Xenophonte,
948 3338 980 3395 iu
998 3338 1098 3418 primis
1117 3324 1306 3412 dii-'‘Platone‚

78 3455 204 3515 obscura
230 3453 325 3512 adhuc
349 3466 377 3511 et
394 3453 530 3526 confusa,
551 3472 631 3510 nunc
653 3449 731 3511 clara
748 3465 830 3517 erant
848 3466 876 3511 et
902 3450 1077 3512 videbantur
1095 3452 1169 3511 mihi·
1186 3453 1306 3533 egregia.

78 3569 205 3631 Discessi
220 3568 337 3644 taudem
355 3590 372 3626 a
389 3568 452 3627 viro
470 3567 580 3647 optimo
593 3538 773 3646 lriumphans
782 3611 791 3641 ,
807 3579 835 3625 et
852 3548 1036 3739 nmphdiquid
1054 3568 1150 3646 magni
1167 3582 1196 3626 et
1213 3542 1306 3627 excel·

79 3687 106 3745 si
123 3684 220 3742 animo
240 3682 360 3743 volvens
385 3696 413 3740 et
429 3671 478 3763 spe
496 3671 683 3773 praecipient.
712 3679 770 3738 Sed
788 3664 937 3739 domum-r
951 3648 1015 3745 :ux
1034 3694 1062 3739 et
1081 3683 1177 3742 animo
1197 3704 1305 3764 reprae-

78 3812 217 3873 sentans,
233 3817 309 3876 quae
334 3795 479 3869 videram,
502 3816 574 3873 quae
599 3794 784 3869 audiveram,
811 3816 883 3874 quae
907 3795 1036 3855 dixeram
1059 3797 1174 3870 omnia,
1192 3811 1306 3879 stupore

79 3912 223 3995 paulatim
240 3910 352 3970 defixus
370 3931 440 3970 sum.
458 3909 567 3970 hDolor
585 3909 719 3996 successit
745 3883 899 3969 exsultanti
919 3909 1032 3989 gaudio.
1071 3911 1142 3969 Nam
1160 3914 1307 3992 cogitans,

79 4027 178 4108 qualis
191 4030 370 4105 quantusque
384 4025 435 4083 ille
450 4038 540 4098 esset,
560 4038 644 4102 quem
658 4022 843 4105 adspexerant
856 4038 883 4084 et
895 4024 1041 4105 adspicere
1056 4025 1220 4100 etiamnunc
1234 4027 1306 4085 mihi

82 4141 224 4224 videbar,
248 4153 275 4199 et
293 4160 337 4200 me
354 4139 526 4220 respiciens,
546 4138 596 4216 qui
615 4137 667 4198 vix
682 4112 839 4218 quidquam
856 4136 974 4213 scirem,
995 4139 1027 4197 in
1046 4138 1166 4217 legendo
1185 4139 1258 4201 adeo
1280 4155 1308 4200 et

80 4255 301 4336 interpretando
318 4255 484 4313 haesissem:
506 4253 576 4311 haec
596 4254 694 4334 animo
713 4253 851 4328 volvens,
870 4274 985 4333 prorsus
1001 4252 1186 4335 mihimetipsi
1205 4255 1306 4337 displi-

79 4373 191 4456 cebam.
222 4370 280 4429 Sed
296 4369 377 4428 dolor
394 4368 465 4443 ille,
486 4369 615 4450 quamvis
634 4369 727 4445 gravis
743 4368 794 4428 illa
813 4382 896 4428 nocte
915 4382 943 4426 et
961 4367 1107 4442 molestus,
1129 4370 1205 4430 iderti
1225 4371 1305 4431 dein·

1022 4483 1053 4539 μ
