2796 5048
675 203 735 264 373

121 368 199 429 Nam
219 363 525 426 hominesnobislieet
543 363 581 423 ad
599 363 729 424 idearum
750 365 874 445 speciem
892 367 1034 446 perfectos
1051 367 1326 451 lingere-perfec·

82 468 123 527 tio
142 467 258 527 scilicet
276 464 330 526 illa
340 510 349 540 ,
369 485 441 543 quae
460 462 573 542 ingenii
602 463 750 542 animique
780 461 863 521 cultu
882 465 1030 540 cernitur,
1051 466 1186 526 omnibus
1205 468 1276 528 locis
1296 480 1326 530 et

82 564 263 646 temporibus
278 564 459 633 convenit-
470 561 521 621 sed
536 582 600 634 res,
618 560 668 620 sed
688 561 763 641 leges
774 606 782 635 ,
794 560 844 621 sed
854 561 1007 623 civitatum
1026 565 1152 639 formae,
1173 565 1225 624 sed
1243 567 1321 646 ipsae

30 724 39 749 ἦ
81 664 219 722 civitates
238 683 299 720 non
318 659 454 721 omnibus
473 660 545 719 locis
563 659 799 738 temporibusque
827 658 963 735 eaedem,
983 661 1033 720 sed
1050 662 1116 723 aliis
1135 662 1210 723 aliae
1229 665 1325 724 maxi·

30 750 40 761 “
80 780 186 839 meque
206 759 338 819 diversae
359 760 550 820 conveniunt.
596 758 676 831 Quae
694 755 924 817 Atheniensibus
938 771 1022 817 erant
1042 774 1142 841 aptae,
1162 782 1222 820 non
1242 761 1326 822 adhi-

77 856 197 917 bendae
207 855 368 917 Corinthiis
378 901 387 931 ,
398 855 643 929 Lacedaemoniis,
654 854 803 914 Thebanis
813 877 821 930 3
840 875 912 932 quae
933 854 1109 916 Graecorum
1125 859 1325 939 congruebant

78 954 180 1015 indoli
190 999 198 1029 ‚
210 976 270 1014 non
280 954 437 1028 Romanis,
456 974 515 1012 non
526 953 708 1012 Germanicis
726 951 862 1030 gentibus
883 951 1067 1012 adhibendae
1085 956 1325 1037 adaptandaeque

78 1065 175 1112 erant.
194 1052 396 1128 Quamobrem,
416 1066 446 1111 ut
456 1051 593 1126 bominis,
604 1051 643 1110 ita
654 1050 834 1130 reipublicae
842 1043 1030 1128 παράδειγμα
1045 1055 1205 1135 perfectum
1216 1054 1263 1114 vel
1273 1056 1325 1114 in-

78 1150 169 1230 genio
186 1149 337 1229 concipere
354 1149 402 1209 vel
417 1148 572 1209 scribendo
590 1149 771 1228 exprimere,
790 1152 882 1227 majus
901 1153 1047 1231 negotium
1066 1165 1124 1226 est,
1140 1173 1226 1230 quam
1245 1152 1325 1231 quod

76 1246 168 1307 homo
196 1247 337 1327 perficiat.
379 1247 506 1308 Eatenus
524 1246 643 1320 fortasse
670 1246 702 1303 in
720 1267 752 1304 eo
780 1249 922 1308 tentando
951 1264 1027 1308 recte
1045 1250 1150 1328 aliquis
1170 1248 1325 1330 procedat,

77 1358 134 1420 ut,
154 1365 227 1425 qnae
247 1344 382 1404 omnibus
401 1345 521 1404 omnino
530 1332 700 1404 civitatibus
716 1365 775 1403 esse
793 1347 910 1426 propria
928 1346 1056 1422 debent,
1087 1369 1116 1409 v.
1138 1369 1163 1408 c.
1184 1346 1255 1406 boni
1274 1349 1322 1426 ju·

69 1444 175 1527 *stique
184 1440 280 1503 studia
291 1443 384 1521 iisque
394 1441 530 1522 adaptata
540 1462 696 1522 puerorum
707 1442 854 1503 institutio
870 1465 903 1504 ac
914 1445 975 1504 vita
985 1445 1114 1520 civium,
1135 1444 1206 1504 haec
1227 1445 1318 1525 igitur

77 1539 212 1599 indicet:
235 1555 263 1601 et
282 1561 350 1601 sane
378 1541 514 1621 pervenit
544 1553 663 1600 eatenus
683 1539 775 1600 Plato.
797 1540 874 1616 Sed,
904 1541 984 1618 quod
1013 1541 1091 1602 idem
1118 1543 1262 1617 tentavit,
1284 1555 1317 1601 ut

76 1638 230 1698 civitatem
251 1638 370 1718 ingenio
390 1638 477 1697 talem
499 1636 639 1718 fingeret,
660 1637 775 1716 qualem
796 1659 894 1698 omnes
925 1640 1033 1699 imitari
1054 1641 1188 1701 civitates
1207 1638 1323 1698 deceret

77 1736 189 1811 unice,
210 1735 243 1796 id
262 1756 316 1795 nee
337 1736 461 1817 perfecit
481 1756 536 1795 nee
557 1735 670 1795 bomini
691 1734 903 1816 perficiendum
925 1738 1002 1796 Deus
1023 1738 1173 1797 concessit.
1205 1735 1324 1796 Accidit

77 1833 257 1908 autentim,
278 1848 311 1909 ut
340 1834 463 1914 politicis
492 1832 602 1893 fabulis
622 1831 708 1891 multi
739 1832 948 1912 rempublicam
970 1833 1051 1894 illam
1072 1834 1201 1894 Platonis
1221 1853 1323 1893 accen·

77 1930 511 2010 serent‚indequeconjecturh
531 1929 636 2004 ducti,
657 1943 746 1989 totam
766 1929 896 1989 Platonis
917 1931 954 1991 de
975 1930 1051 1990 ideis
1071 1929 1234 1991 doctrinam
1254 1951 1324 1990 con·

75 2042 245 2089 temnerent
264 2049 390 2110 prorsus.
422 2028 513 2088 Nobis
534 2049 621 2102 vero,
653 2029 677 2086 si
704 2039 780 2086 recte
810 2027 996 2108 interpretari
1027 2027 1190 2092 doctrinam
1213 2028 1321 2102 illam,

76 2126 154 2187 inde
175 2140 270 2185 autern
292 2127 330 2187 ad
352 2147 436 2187 usum
457 2126 514 2206 ipsi
545 2138 675 2185 nostrum
696 2124 835 2204 proficere
867 2124 1009 2200 velimus,
1030 2146 1047 2183 a
1067 2124 1184 2205 placitis
1203 2125 1323 2204 quibus·

74 2224 150 2285 dam
171 2245 203 2282 ac
224 2225 378 2285 conatibus
398 2222 568 2304 philosophi
589 2223 652 2303 ipsa
673 2225 735 2303 ejus
754 2221 941 2303 philosophia
962 2222 1119 2302 diligenter
1139 2221 1321 2302 distinguen-

76 2322 119 2383 da
138 2336 198 2382 est:
219 2320 312 2402 quod,
333 2343 403 2402 age,
424 2322 457 2381 in
479 2321 538 2380 fine
568 2320 656 2399 hujus
681 2319 718 2379 de
749 2319 823 2379 ideis
854 2318 1069 2398 disquisitionis
1096 2319 1205 2379 illustri
1226 2341 1321 2381 exem·

75 2420 130 2501 plo
152 2419 341 2481 declaremus.
612 2412 617 2424 ’

105 2612 210 2676 Deus
230 2618 369 2675 homini
390 2624 463 2697 art,
484 2615 682 2673 secundnm
702 2613 929 2671 Platonicae
947 2615 1064 2690 hujus
1083 2615 1286 2673 doctrinae

268 2721 466 2789 rationem,
487 2719 611 2790 ipsine
632 2718 819 2770 veritatis
847 2703 1130 2790 παράδειγμα.

120 2912 276 2991 Aggressus
296 2908 450 2969 scribendo
479 2909 560 2969 Plato
581 2920 642 2983 est,
673 2927 746 2986 quae
776 2907 906 2966 bominis
936 2908 1104 2969 facultatem
1124 2907 1320 2991 superabant:

75 3029 138 3089 qua
157 3009 191 3067 in
206 3027 236 3066 re
254 3005 351 3083 idem,
380 3007 459 3087 quod
478 3019 543 3088 post
574 3026 640 3065 eum
669 3004 856 3080 Aristoteles,
884 3005 950 3084 egit.
973 3006 1083 3065 Verum
1100 3006 1269 3067 Aristoteles
1287 3026 1320 3067 eo

76 3104 282 3189 philosophiae
302 3107 364 3186 ipse
385 3127 452 3165 suae
483 3105 594 3167 ratione
626 3103 806 3182 ducebatur,
840 3102 970 3162 Platonis
998 3118 1094 3164 autem
1114 3104 1325 3186 philosophia,

75 3204 190 3285 quippe
210 3223 283 3283 quae
313 3225 373 3263 non
394 3205 555 3285 sapientia,
585 3201 739 3279 ut-illius,
766 3204 817 3264 sed
847 3198 1008 3283 φιλοσοφία
1028 3203 1048 3264 i.
1070 3224 1095 3262 e.
1116 3205 1252 3263 studium
1272 3223 1317 3261 aa·

69 3310 215 3382 pientiae
226 3315 269 3362 est
276 3347 285 3376 ,
306 3303 439 3381 quamvis
460 3301 615 3377 sublimis,
637 3302 850 3363 accommodata
871 3318 968 3363 tamen
989 3304 1088 3384 captui
1108 3314 1205 3361 nostro
1226 3312 1318 3378 estet

75 3396 271 3486 {aeulmtibus
290 3400 435 3461 humanis.
458 3401 523 3483 Ipsa
544 3400 615 3459 haec
637 3400 769 3459 idearum
790 3399 943 3476 doctrina,
970 3402 994 3460 si
1015 3414 1092 3460 reete
1112 3419 1129 3456 a
1149 3397 1318 3456 commentis

74 3497 248 3583 philosophi
277 3497 471 3574 discernitur,
501 3512 615 3559 tantum
643 3497 742 3572 abest,
773 3513 805 3556 ut
833 3519 910 3559 vana
940 3512 969 3557 et
996 3498 1097 3556 inania
1117 3495 1264 3574 proferat,
1286 3507 1319 3553 ut

75 3610 182 3659 contra
200 3617 253 3655 nos
269 3597 300 3657 in
321 3597 470 3657 nullarum
490 3618 550 3657 non
568 3615 679 3670 rerum,
701 3594 734 3654 in
763 3594 935 3655 divinarum
954 3594 1044 3667 adeo,
1074 3593 1107 3651 in
1125 3590 1217 3670 ipsius
1237 3588 1314 3652 divi·

75 3716 135 3757 nae
153 3707 275 3755 naturae
293 3694 547 3774 disquisitionibus
566 3691 604 3751 ad
626 3692 776 3753 veritatem
805 3691 941 3751 adducat.
984 3692 1058 3749 Nam
1076 3688 1169 3770 ipsius
1187 3688 1317 3749 veritatis

75 3794 158 3855 inea
173 3783 275 3869 τύποι,
298 3805 331 3851 ut
350 3793 503 3872 aliquoties
524 3791 706 3866 monuimus,
727 3789 809 3849 ideae
835 3803 913 3849 sunt.
954 3787 1067 3847 Jubens
1087 3807 1139 3846 nos
1157 3786 1246 3866 igitur
1265 3784 1319 3843 illa

75 3892 162 3953 ideas
182 3894 267 3955 unice
296 3895 329 3953 in
359 3890 470 3972 agendo
500 3873 686 3968 vivendoque
717 3889 847 3963 intueri,
874 3887 982 3946 referre
1010 3905 1063 3945 nos
1084 3883 1201 3956 eadem,
1222 3880 1322 3941 factis·

74 4009 136 4070 que
154 4004 183 4049 et
199 3991 330 4051 moribus
348 3988 490 4071 prodere,
508 3996 669 4047 vamtatem
684 3986 780 4067 jubet.
802 3988 881 4045 Deus
900 3985 933 4044 in
954 4004 986 4043 ea
1012 3982 1134 4063 fingitur
1153 3978 1192 4040 ad
1209 3970 1319 4050 τόπους

75 4086 150 4146 illos
168 4089 299 4149 veritatis
318 4107 413 4146 rerum
432 4085 651 4145 universitatem
671 4084 800 4165 fingens:
822 4083 901 4162 quod
921 4095 1060 4162 reputans
1079 4081 1144 4157 quis
1164 4091 1205 4137 est
1214 4123 1223 4153 ‚
1244 4080 1317 4156 quin

76 4192 223 4244 veritatis
242 4185 371 4245 studium
399 4184 432 4241 in
453 4183 513 4242 Deo
532 4203 598 4241 cum
618 4195 752 4260 agnoscat
780 4181 924 4254 maxime,
945 4192 1006 4236 turn
1025 4177 1064 4237 ad
1083 4179 1174 4258 ipsam
1194 4175 1247 4235 Dei
1267 4196 1316 4233 na·

78 4296 175 4341 turam
197 4284 328 4342 referat?
350 4280 408 4340 Sed
426 4280 480 4339 boe
501 4278 766 4341 animadvertamus
793 4278 982 4359 potissimum.
1024 4275 1066 4332 De
1094 4275 1154 4331 Deo
1174 4271 1315 4350 rebusque

79 4380 196 4441 divinis
217 4402 276 4440 non
307 4380 376 4440 licet
398 4375 512 4439 mortali
532 4375 645 4436 bomini
665 4376 722 4435 nisi
750 4396 801 4455 per
832 4372 1013 4452 metaphoras
1033 4382 1060 4428 et
1080 4370 1218 4447 imagines
1235 4368 1315 4447 loqui
