2774 5048
661 245 717 303 112
765 283 767 291 ,

73 406 175 468 ιιιιιιιιιι
193 402 328 464 scolion
320 423 353 462 ιιι
370 402 540 499 Ami-⁸·
602 405 639 463 tis
657 405 876 481 instauratores,
901 405 948 477 hic
976 405 1126 485 utriusque
1147 404 1292 467 celebrem

189 503 194 514 ’
255 503 259 513 ’
461 480 493 517 '⁵
598 500 610 583 )
638 502 690 562 ille
716 504 841 587 Achillis
865 503 1032 586 praedicans
1051 524 1123 593 aum
1149 504 1292 587 presulari

29 670 36 685 s
74 604 221 676 facinora,
239 615 300 660 tum
321 590 441 675 munus,
468 610 527 679 quo'
553 620 618 659 cum
646 601 695 660 Dii
722 580 862 662 bearunt·
856 601 917 682 ,2)
939 602 990 681 'sed
1009 583 1169 683 utriusqus
1195 603 1292 663 amuis

73 701 241 773 distinctio,
259 711 389 758 accurata
407 698 459 757 illa
477 712 505 758 et
520 718 587 760 vere
598 699 786 781 philosopha,
801 651 948 779 qualisest
957 702 1131 775 Pausaniae,
1123 694 1292 763 ‘Platamos

73 815 116 861 est
134 801 195 860 sire
214 797 364 857 Socratica.
406 797 466 856 lmo
486 797 611 856 verusio
629 796 732 857 dicunt
751 818 848 858 ornnes
857 844 866 873 ,
890 813 936 874 ut,
964 800 996 858 in
1013 795 1177 861 sermonum
1197 798 1292 861 ordint

75 911 103 958 et
121 896 317 969 successione,
339 880 488 954 succedere
519 894 633 955 sibimet
658 895 786 956 invicem
815 895 970 957 videantur
989 899 1149 958 sententiae
1171 898 1292 963 Platorii·

75 1015 124 1055 cae
134 1040 142 1069 ,
163 993 363 1075 aptissimeque
381 992 421 1051 ita
440 1005 498 1051 tota
517 1007 679 1074 exponatur
696 990 862 1075 philosophi
882 993 918 1054 de
937 1016 1030 1055 amore
1050 995 1194 1057 doctrina.
1233 996 1292 1071 Qvo

77 1093 163 1172 magis
181 1104 307 1166 constat,
329 1088 405 1169 quod
419 1089 538 1150 aliunde
557 1092 624 1149 item
644 1089 793 1172 probabile
809 1105 864 1166 est,
884 1091 935 1150 diu
951 1108 1014 1174 post
1028 1092 1290 1169 Phaod1·um,huno

75 1213 91 1250 a
111 1190 228 1250 Platone
250 1188 395 1268 dialogum
414 1188 552 1268 scriptum
571 1207 639 1248 esse.
686 1187 764 1247 Ordo
789 1208 858 1247 sane
882 1189 932 1249 ille
951 1189 1154 1272 disputationis
1179 1206 1208 1251 et
1225 1213 1288 1251 con·

76 1303 153 1349 stans
182 1288 234 1347 illa
258 1301 342 1366 atque
371 1285 528 1365 aequabilis
550 1287 726 1367 progressio,
748 1308 820 1365 quae
844 1286 892 1346 hic
919 1286 1044 1366 occurrit
1067 1303 1095 1348 et
1119 1290 1152 1348 in
1171 1286 1288 1348 Phaedro

77 1387 251 1467 requiritur,
270 1383 417 1493 ingenium
435 1383 540 1478 prodit
549 1383 703 1443 scribendo
721 1385 925 1460 exercitatam
943 1399 972 1444 et
991 1407 1077 1462 vcro,
1092 1385 1243 1465 quod

79 1507 135 1567 que
158 1484 294 1544 dramatis
316 1483 376 1543 vim
402 1496 430 1542 et
456 1483 595 1542 rationem
622 1483 743 1558 attinet,
762 1483 794 1542 in
818 1430 963 1543 Phaedio
969 1493 1059 1561 poe'ta
1078 1504 1181 1545 ooourr

77 1583 315 1667 philosophatur,
339 1582 371 1639 in
386 1579 534 1691 Symposio
554 1583 608 1658 phi
609 1582 759 1658 Iosephus,
782 1582 833 1661 qui
856 1581 1068 1663 philosophiam
1085 1548 1176 1665 poe'sr

78 1697 106 1742 et
124 1681 276 1741 e'xhilmmat

118 1778 175 1838 Sed
199 1776 275 1857 quod
298 1776 404 1837 dicitur
428 1776 464 1836 de
487 1777 602 1857 tragicis
625 1777 734 1858 poc'tis,
752 1775 830 1836 dicta
849 1777 910 1836 illis
934 1778 1046 1838 omnia
1051 1730 1199 1865 ιιιιιιιιιε,
1226 1795 1289 1858 quae

78 1878 134 1958 ipsi
161 1876 317 1936 tribuerint
334 1875 418 1951 aliis,
440 1896 565 1934 summae
584 1896 641 1934 esse
665 1876 876 1956 perversitatis,
897 1876 981 1935 nobis
1002 1858 1057 1939 hirc
1083 1876 1154 1965 ιιφ
1181 1891 1209 1936 et
1230 1896 1291 1958 per-

79 1996 193 2037 versum
213 1973 377 2035 videturoct
397 1996 464 2034 vero
482 1974 616 2050 stultum,
637 1973 706 2048 sed,
727 1987 758 2032 ut
776 1987 884 2033 taceam
902 1975 1074 2037 recentiores
1089 1958 1228 2054 tragicos,
1245 1972 1291 2053 qai

76 2073 290 2157 philosophiam
296 2084 384 2133 'suam
401 2073 434 2131 in
448 2094 561 2133 scenam
580 2071 790 2147 traduxerunt,
803 2070 836 2130 id
852 2066 920 2131 sa‘ne
937 2072 1015 2154 apud
1034 2073 1157 2135 Graecos
1170 2075 1292 2133 feceriut

19 2230 45 2258 ·.
81 2171 269 2253 Epicharmus
294 2185 322 2230 et
349 2169 513 2251 Euripides.
555 2172 682 2245 Quorum
708 2170 756 2230 hic
783 2169 900 2249 quidem
926 2173 967 2232 sic
995 2173 1129 2254 esposuit
1157 2173 1191 2232 in
1216 2188 1292 2253 soem

76 2273 263 2348 Anaxagorae
292 2289 425 2346 suamque
452 2266 633 2343 doctrinam,
654 2283 686 2327 ut
712 2282 777 2349 apte
802 2289 927 2337 eamr-ex
954 2273 1015 2347 ejus
1042 2271 1152 2331 fabulis
1180 2266 1292 2331 effecerit

77 2367 297 2427 Valckenarius.
320 2367 488 2447 Opportune
508 2380 601 2425 autem
620 2367 691 2425 mihi
706 2366 806 2426 videor
821 2367 969 2449 Euripidis
983 2370 1112 2429 attulisse
1122 2369 1289 2452 exemplum,

78 2466 185 2545 quippe
202 2466 252 2544 qui
281 2485 348 2544 prae
377 2465 494 2523 caeteris
521 2465 581 2525 vim
605 2467 708 2524 amoris
735 2467 803 2546 puri
829 2466 856 2525 dt
885 2467 1014 2533 coelestis
1037 2466 1214 2526 carminibus
1240 2462 1288 2524 suis

78 2564 236 2643 expressit,
258 2563 360 2641 cuique
380 2562 480 2636 Plato,
502 2577 533 2622 ut
550 2565 660 2644 saepius
678 2563 836 2622 identidem
852 2564 1081 2640 observavimus,
1103 2587 1188 2646 quam
1206 2562 1286 2646 pluri·

78 2683 156 2721 mum
177 2659 286 2721 debuit.
316 2662 387 2719 Nam
407 2661 447 2718 sic
467 2659 503 2719 de
522 2683 614 2720 amore
632 2662 814 2737 existimare,
835 2677 866 2722 ut
883 2662 1010 2723 Socrates
1029 2664 1222 2742 existimavit,
1238 2679 1284 2735 nor

76 2759 186 2828 Socrati
207 2761 290 2818 unice
309 2759 456 2840 proprium
472 2770 546 2834 erat,
560 2759 610 2819 sed
628 2761 683 2840 ipsi
701 2758 786 2834 adeo,
800 2781 856 2838 qua
870 2762 965 2836 vixit,
980 2763 1083 2822 aetati:
1099 2784 1156 2841 quo
1176 2763 1281 2829 factum,

77 2874 108 2919 ut
129 2858 240 2917 mediae
258 2878 406 2934 novaeque
425 2857 586 2917 comoediae
606 2859 755 2939 scriptores
774 2859 881 2938 pariter
898 2859 934 2920 de
954 2881 1047 2919 amore
1065 2860 1114 2940 ph'
1146 2859 1280 2940 ¹sopharer·

26 2939 29 2946 Ι
76 2973 143 3031 ιιι,
164 2956 325 3016 Menander
346 2954 408 3014 cair
428 2955 565 3034 κωμικῶν
586 2948 803 3038 ἐριυτικιότατος
823 2958 917 3019 dictus
937 2959 982 3018 sit.
1005 2957 1036 3039 3)
1060 2959 1085 3032 Q
1164 2953 1280 3038 igiturir

78 3056 186 3114 fabulis
205 3056 335 3114 fecerunt
355 3063 454 3136 poetae
465 3105 473 3133 ,
494 3055 689 3117 dubitabimus
708 3080 777 3116 num
798 3056 1064 3136 idemiirdialogis
1083 3057 1184 3116 fecerit
1202 3051 1279 3115 Platol

76 3155 112 3212 ln
131 3152 270 3232 dialogis,
290 3155 407 3233 iuquam
418 3201 426 3230 ,
447 3157 514 3235 qui,
535 3156 665 3236 quamvis
683 3154 859 3215 dramatibus
878 3144 1002 3229 similes,
1021 3156 1078 3214 imo
1097 3155 1153 3237 ipsi
1177 3152 1279 3214 danao

77 3251 221 3327 vocandi,
241 3253 371 3333 proxime
391 3268 486 3313 tamen
506 3252 543 3312 ad
571 3253 785 3335 philosophicas
812 3252 966 3313 referendi.
984 3268 1051 3313 sunt
1077 3251 1279 3333 disquisitiones

79 3424 333 3475 r*-

111 3536 135 3602 1)
153 3538 234 3606 Symp.
255 3536 313 3588 182.
334 3538 362 3591 O.
382 3521 457 3615 ἔργῳ
480 3526 515 3590 δὲ
535 3526 623 3590 τοῦτο
650 3522 767 3608 ἔμαθον
786 3527 835 3618 καὶ
856 3525 884 3590 οἱ
906 3522 1015 3591 ἐνθάδε
1037 3524 1182 3609 τύραννοι·
1205 3518 1280 3609 ιιμιρ

76 3621 316 3708 Ἀριστογείτονος
338 3623 413 3711 ἔρως
439 3630 487 3691 καὶ
512 3624 534 3711 η’
559 3623 718 3713 Ἁρμοδίου
745 3628 827 3712 φιλία
850 3624 967 3710 βέβαιος
991 3628 1130 3715 γινομένη
1153 3626 1283 3694 κατέλυσα

76 3724 175 3791 aditor
196 3725 252 3810 τήν
274 3726 379 3812 α’ὴήν.
1195 3762 1198 3769 ·

110 3848 136 3914 2)
154 3852 237 3917 Spmp.
259 3847 316 3907 179,
328 3848 358 3898 E.
374 3848 430 3899 180.
448 3848 476 3900 Β.
496 3828 592 3918 ιιιόπιρ
614 3830 747 3916 Ἀχιλλέα
768 3830 820 3895 triv
840 3835 896 3916 τῆς
917 3832 1039 3910 Θέτιδος
1059 3833 1126 3898 υιόν
1148 3835 1284 3921 sesbasar,

74 3935 127 3996 ,καὶ
148 3936 187 4008 sig
208 3924 358 4021 paraiphr.
372 3932 478 4018 νήσους
499 3933 681 4016 andraeam.
698 3975 736 3984 —
759 3931 812 3997 τόν
833 3933 965 4016 Ἀχιλλέα
987 3938 1026 4013 rig
1042 3934 1186 4023 μακάρων
1199 3933 1286 4022 νήσοις

77 4034 314 4117 ἀποπέμψαντες.
338 4049 442 4099 Scolion
461 4056 544 4098 autern
564 4049 627 4099 haec
647 4047 738 4099 habet:

359 4133 481 4219 φίλταθ’
500 4132 642 4218 Ἁρμόδι’,
664 4135 750 4200 οὔτί
769 4164 824 4201 που
845 4138 1013 4224 triballeae„
1066 4148 1068 4153 '

359 4235 458 4322 νήσοις
479 4235 507 4301 d'
527 4239 559 4301 ἐν
579 4235 720 4321 μακάρων
741 4237 776 4302 oe'
796 4265 883 4322 φασιν
904 4237 1008 4319 eiras,

436 4339 485 4405 ἵνα
507 4365 559 4422 περ
581 4336 718 4424 ποδώκης
738 4338 866 4424 bagnasca
881 4381 925 4394 ·-

111 4444 138 4509 3)
156 4449 211 4500 vid.
230 4463 310 4516 supra
330 4463 351 4514 p
370 4445 406 4498 63
433 4445 471 4498 (ll.
492 4445 566 4497 Febr.
585 4446 647 4497 sot.
666 4447 709 4501 Gr.
732 4448 764 4499 ΙΙ.
784 4446 817 4496 22
