2774 5048
657 226 713 284 184

73 388 182 467 Operae
202 389 324 468 pretium
344 386 476 461 videtur,
496 387 533 447 ad
552 401 682 445 naturam
708 383 938 464 investigandam
952 383 1093 443 Platonici
1111 383 1235 464 dialogi,
1250 383 1289 445 de

73 483 120 543 his
139 484 239 565 paullo
257 485 417 543 accuratius
435 504 523 564 agere.
566 483 787 565 Explicabimus
805 486 844 542 ita
870 482 955 542 simul
979 481 1031 556 id,
1051 477 1130 562 q'uod
1150 481 1231 543 modo
1251 482 1289 543 de

74 581 276 663 Xenophontis
295 582 442 663 Symposio
461 583 549 641 verbo
568 583 801 663 significavimus.

115 681 159 739 Ex
187 702 243 760 quo
273 682 351 739 fonte
379 680 460 739 Plato
486 679 643 760 plurimum
673 680 785 753 hausit,
816 699 852 736 ex
879 677 977 737 eodem
1005 677 1102 738 hausit
1128 678 1280 738 Lucienus.-

77 780 223 858 utriusque
248 778 356 858 dialogi
379 778 476 836 miultis
497 777 567 836 locis
587 779 758 837 comicorum
783 779 929 850 referunt,
953 777 985 835 in
1004 778 1106 857 primis
1125 776 1279 858 Aristopha-

75 878 138 951 nis,
166 877 287 936 fabulas.
329 877 523 934 Veruntamen
554 875 635 933 Plato
655 895 720 934 cum
751 874 898 955 leporibus
925 874 1089 953 salibusque
1108 875 1212 935 Atticis
1232 895 1278 935 eam

75 973 144 1032 inde
169 989 346 1035 venustatem
375 975 548 1054 gratiamque
577 973 742 1047 delibavit,
772 994 844 1051 quae
872 974 942 1030 mire
970 973 1090 1031 decebat
1122 973 1276 1033 Socraticam

75 1073 305 1156 philosophiam,
336 1073 494 1131 Lueiauum
519 1071 685 1130 veredicus
712 1072 801 1152 ipsius
826 1070 1024 1150 Aristophanis
1051 1070 1184 1129 habitum
1202 1092 1277 1152 persa

77 1193 197 1251 namque
223 1172 361 1231 induisse.
413 1172 543 1230 Comicus
571 1170 619 1229 hie
648 1191 705 1229 esse
732 1169 815 1228 simul
847 1183 874 1227 et
900 1168 1091 1249 philosophus
1119 1168 1212 1229 voluit
1225 1183 1276 1245 ,a

75 1267 197 1329 Stoicam
217 1292 356 1351 usurpans
381 1270 413 1328 in
432 1290 476 1328 res
494 1270 633 1328 humanas
657 1266 894 1348 despicientiam,
915 1267 1017 1325 festive
1046 1266 1113 1326 illas
1144 1281 1172 1327 et
1189 1268 1274 1349 dritta

76 1369 189 1449 pheneo
209 1389 284 1428 more
303 1367 467 1446 exagitavit.
498 1368 582 1442 Quod
602 1368 662 1446 ipse
683 1367 714 1425 in
734 1365 898 1424 Prometheo
923 1365 1048 1444 ingenue
1067 1367 1214 1425 confessus
1231 1379 1275 1441 est,

77 1455 133 1544 quo
151 1465 213 1525 loco
231 1465 338 1546 dialogi
359 1480 386 1525 et
407 1465 567 1526 comoediae
586 1464 741 1523 discrimen
760 1464 880 1523 notavit.
926 1464 1048 1541 «Neque
1067 1464 1146 1522 enim
1163 1465 1275 1537 omniuo,

77 1565 135 1637 ait,
156 1578 289 1624 consueta
318 1565 393 1623 inter
411 1585 439 1623 se
458 1578 543 1641 atque
561 1560 660 1621 affinia
680 1561 822 1620 abluitio
841 1562 980 1640 dialogus
1009 1575 1037 1620 et
1064 1552 1210 1623 comoedia
1227 1563 1275 1621 lac·

77 1676 161 1721 runt·
155 1661 326 1740 ,siquidem
346 1662 397 1722 ille
417 1661 493 1720 domi
513 1675 541 1719 et
560 1681 702 1730 seorsum,
723 1658 908 1732 mehercle,
901 1681 935 1723 in
952 1660 1126 1721 ambulacris
1144 1683 1209 1721 eum
1224 1681 1274 1743 pau·

76 1761 117 1818 eis
136 1709 308 1838 qiribusdam
326 1731 535 1840 disputationes
561 1780 625 1818 suas
651 1757 792 1816 habebat:
825 1756 893 1815 haec
915 1778 982 1816 vero
1011 1779 1040 1816 se
1068 1759 1181 1820 Baccho
1208 1774 1274 1820 teau

77 1857 240 1931 tradens,
232 1880 263 1916 m
291 1857 410 1917 theatris
438 1857 603 1916 versabatur
613 1855 782 1933 ‚simulque
799 1854 947 1928 ludebat,
972 1870 1000 1914 et
1027 1858 1117 1917 risum
1145 1858 1274 1929 movebat,

76 1954 272 2035 gaudebatque
290 1956 398 2015 salibus
418 1969 445 2015 et
465 1955 631 2028 dicacitate,
653 1951 736 2012 etad
759 1974 891 2012 numeros
909 1954 998 2014 tibiae
1018 1955 1186 2016 incedebat:
1207 1955 1274 2015 iuter

77 2054 146 2118 dum
164 2055 248 2115 etiam
267 2054 455 2136 anapaesticis
476 2052 605 2112 versibus
622 2073 736 2133 prorsus
757 2065 835 2111 vecta
846 2097 855 2125 ,
874 2051 981 2130 dialogi
1002 2066 1153 2114 sectatores
1173 2069 1204 2113 ut
1228 2053 1273 2135 pla·

78 2161 181 2217 rimum
206 2154 418 2225 subsannabat,
439 2145 615 2232 φροντιστελς
635 2151 683 2211 καὶ
701 2144 939 2229 μετεωρολέσχας
961 2165 989 2209 ct
1008 2151 1040 2210 id
1058 2172 1148 2231 genus
1167 2153 1222 2212 alia
1237 2172 1275 2212 va·

78 2255 213 2315 citando:
244 2256 325 2332 eique
353 2252 385 2312 id
409 2252 489 2312 cordi
518 2266 595 2329 erat,
626 2267 656 2311 ut
687 2273 733 2311 eos
762 2251 910 2330 sugillaret
936 2264 963 2309 et
985 2251 1189 2330 Dionysiacam
1212 2252 1275 2310 istam

80 2354 240 2412 libertatem
266 2354 298 2410 in
321 2374 367 2412 eos
392 2351 567 2426 effunderet,
594 2375 672 2411 nuuc
695 2344 924 2430 αἐροβατοῦντας
942 2346 990 2408 καὶ
1009 2343 1142 2428 νεφέλαις
1160 2342 1277 2420 ξυνόντας

81 2452 148 2511 illos
166 2451 325 2525 exhibens,
347 2474 425 2511 urrne
445 2451 566 2525 ψυλλῶν
584 2445 749 2531 πηδήματα
768 2451 1008 2528 διαμετροῦντας,
1033 2466 1065 2511 ut
1083 2453 1133 2529 qui
1153 2451 1189 2511 de
1207 2448 1287 2510 airola·

81 2564 108 2609 ct
128 2550 299 2610 sublimibus
318 2552 379 2611 istis
396 2552 481 2612 rebus
500 2554 586 2612 nimis
602 2553 716 2614 exiliter
734 2568 942 2633 argutareutur.
973 2552 1125 2632 Dialogus
1151 2571 1218 2611 vero
1232 2567 1275 2628 gra·

82 2650 210 2710 vissimas
234 2649 442 2733 disputationes
466 2652 607 2728 habebat,
634 2651 669 2710 de
697 2667 797 2711 natura
819 2672 914 2709 rerum
931 2651 1022 2732 deque
1041 2652 1149 2712 virtute
1167 2648 1277 2730 philoso-

80 2749 173 2829 phans
182 2795 191 2823 ,
212 2750 252 2808 ita
270 2762 301 2807 ut
319 2751 488 2808 musicorum
504 2751 594 2826 illud,
615 2752 661 2810 bis
677 2772 728 2831 per
748 2772 844 2809 omnes
863 2749 999 2824 chordas,
1020 2749 1056 2809 ab
1077 2738 1276 2808 acutissimoad

80 2847 277 2926 gravissimum
302 2868 409 2927 usque,
432 2849 508 2907 inter
532 2871 579 2909 eos
602 2862 682 2909 esset.
724 2847 788 2908 Kal
807 2841 890 2926 ὅμως
910 2842 1113 2929 ἐτολμήσαμεν
1134 2871 1153 2928 η
1160 2848 1234 2925 μεΐς
1250 2831 1276 2903 al

81 2937 175 3017 οὕτως
198 2937 304 3024 ἔχοντα
331 2940 404 3026 προς
426 2938 537 3027 ἄλληλα
561 2947 729 3029 ξυναγαγεῖν
747 2950 795 3011 καὶ
816 2945 1009 3030 συναρμόσαι,
1037 2945 1074 3010 ου’
1093 2943 1170 3009 πάνυ
1191 2936 1277 3008 uriti-

81 3070 154 3125 μενα
178 3042 247 3107 οὐδὲ
279 3042 413 3128 εὐμαρῶς
443 3042 604 3127 α’νεχόμενα
629 3047 684 3132 τήν
706 3050 862 3113 κοινωνίαν·
898 3067 927 3114 ot
957 3067 1056 3112 tamen
1084 3061 1155 3112 ausi
1173 3055 1278 3128 fuimus

82 3173 169 3223 aaa,
198 3153 269 3208 leaeo
296 3158 343 3207 iia
369 3173 428 3209 scae
454 3154 594 3210 babentia
619 3162 702 3213 inter
725 3179 754 3214 se
778 3164 958 3236 conjungere
991 3164 1019 3211 et
1054 3161 1210 3228 coaptare,
1236 3167 1278 3206 aaa

82 3249 236 3306 admodum
265 3250 450 3326 obsequentia
477 3274 569 3328 aeque
590 3256 690 3328 facila
720 3263 887 3313 societatem
912 3259 1123 3313 sustinentia.»
1154 3247 1183 3330 l)
1222 3248 1280 3309 Gra·

83 3347 215 3406 vissimus
243 3368 310 3405 sane
333 3346 379 3405 hic
404 3347 483 3407 loeus
511 3349 631 3409 Luciani
660 3366 718 3425 est,
750 3351 787 3411 ad
811 3373 899 3431 genus
926 3351 1122 3429 dialogorum,
1151 3369 1209 3428 quo
1231 3362 1281 3405 usui

82 3461 141 3519 est,
162 3445 338 3519 notandum,
359 3460 420 3504 tum
439 3449 542 3520 etiam,
564 3464 612 3522 ut,
633 3449 704 3529 quid
724 3452 754 3509 iu
779 3472 811 3510 eo
831 3451 899 3509 novi
918 3447 1084 3530 protulerit,
1106 3449 1280 3526 exquiramus

83 3545 182 3603 Vereri
203 3566 231 3603 se
242 3591 250 3618 ,
271 3546 311 3603 ait
330 3545 485 3626 deinceps,
507 3568 560 3620 ue,
580 3549 621 3606 uti
640 3549 836 3608 Prometheum
853 3549 924 3607 sacti
949 3546 1111 3627 poenituit,
1132 3542 1217 3623 quod
1233 3542 1282 3601 loc·

83 3644 189 3700 minam
208 3664 272 3701 cum
291 3645 361 3702 mari
381 3646 594 3720 coniunxisset,
616 3649 655 3705 sic
676 3648 753 3727 ipse,
775 3646 940 3727 disparibus
962 3644 1123 3705 commixtis
1151 3635 1281 3702 scribendi

82 3736 250 3821 generibus,
271 3746 376 3821 poenas
394 3741 494 3802 lueret.
537 3745 600 3803 Nou
621 3766 687 3804 vero
706 3758 765 3804 erat
786 3744 864 3824 quod
893 3757 1046 3804 vereretur.
1090 3745 1162 3801 Nam
1187 3761 1221 3798 ex
1239 3739 1279 3797 hat

81 3839 241 3900 comoediae
268 3862 332 3899 cunr
361 3840 474 3921 dialogo
501 3845 703 3920 conjunctione
731 3856 811 3923 parta
838 3843 932 3923 proles
959 3856 1017 3913 est,
1039 3863 1111 3920 quae
1139 3833 1280 3922 perplacuit

83 3939 306 4013 recentioribus,
328 3960 434 3998 novum
463 3940 608 4000 scribendi
636 3963 742 4020 genus,
763 3944 877 4022 dialogi
905 3952 1099 4000 mortuorum.
1151 3941 1226 4013 Quos
1248 3929 1278 3990 ull

83 4039 198 4118 ingenio
217 4037 352 4096 debemus
372 4040 511 4112 auctoris,
533 4041 572 4097 ita
590 4039 667 4098 haud
685 4040 771 4098 facile
789 4041 813 4098 is
833 4039 884 4098 tali
903 4039 1066 4120 protulisset
1077 4086 1085 4114 ,
1106 4037 1185 4118 quali
1212 4041 1277 4098 suala

82 4137 172 4195 forma
191 4151 219 4195 et
243 4138 371 4210 ratione,
392 4138 449 4196 nisi
468 4151 496 4196 et
514 4139 546 4195 eh
566 4139 685 4198 vixisset
708 4152 813 4211 aetate,
834 4159 888 4216 qua
917 4137 1009 4196 Stoica
1037 4135 1217 4218 philosophia
1231 4144 1279 4189 ter·

82 4255 178 4294 rarum
200 4235 296 4294 orbem
320 4248 525 4316 occupaverat,
552 4250 579 4294 et
597 4258 665 4297 vcro
684 4236 903 4318 Aristophanem
923 4238 1128 4316 inprimisque
1152 4236 1210 4312 ejus
1226 4228 1276 4289 ΒΨ

117 4435 142 4502 1)
161 4437 262 4489 lucian.
285 4437 402 4489 Promoti.
421 4440 439 4488 l.
458 4437 499 4490 25.
519 4437 575 4505 Bip.
