2796 5048
683 234 739 294 122

100 416 156 475 qua
175 395 252 455 nihil
271 407 313 454 est
331 395 364 453 in
382 415 411 453 re
430 393 548 476 publica
569 397 701 475 gravius,
721 395 926 456 conferendam
945 395 1204 478 adhibendamque
1225 400 1323 462 existi·

100 507 187 555 ment.
212 492 241 575 1)
260 492 427 553 Ducendam
451 513 509 552 esse
537 491 681 553 affirmant
703 491 921 553 multitudinem
939 495 1000 554 veri
1029 480 1144 571 opacie,
1165 516 1256 575 qnam
1279 499 1322 579 qni

100 593 230 653 ostendat
245 593 369 651 maxime
386 590 583 672 probabilem,
604 590 683 651 hunc
707 605 845 651 oratorem
865 591 1023 671 optimum,
1043 593 1094 669 qui
1114 593 1278 655 informare
1291 593 1322 654 ud

98 712 239 751 summum
256 690 382 752 civitatis
401 689 622 749 emolumentum
648 690 756 770 possit,
778 690 916 769 optimum
941 688 1092 769 appellant
1118 691 1164 749 rei
1187 689 1321 772 ‘publicae
1387 729 1388 736 1

24 858 26 863 ¹
98 803 243 849 rectorem.
280 788 406 849 Juvenes
424 801 518 846 autern
538 808 686 866 generosos
706 800 817 846 tantum
837 787 934 860 abest,
954 800 986 845 ut
1005 787 1059 845 rite
1077 787 1221 848 excolant
1237 802 1319 870 aptos·

98 908 154 967 que
173 887 313 961 reddant,
334 887 383 965 qui
400 906 527 967 praeesse
551 884 727 963 aliquando,
748 898 823 943 certe
839 884 972 965 prodesse
999 884 1110 966 possint
1138 887 1276 962 civitati,
1293 900 1319 945 nt
1383 847 1398 916 Ι

97 1007 143 1046 eos
161 999 345 1066 corrumpant
360 984 457 1066 plane.
499 984 571 1042 Nam
588 1003 653 1041 cum
677 983 799 1041 liberare
822 1002 920 1041 eorum
943 983 1052 1042 animos
1074 998 1222 1064 oporteret
1246 985 1317 1047 vanis
1377 1019 1378 1038 r

96 1083 355 1166 praejudicatisque
373 1081 578 1164 opinionibus,
598 1102 654 1160 quo
674 1101 773 1141 verum
788 1095 1003 1158 assequerentur
1015 1082 1152 1160 facilius,
1174 1103 1238 1141 non
1256 1081 1316 1141 libe

95 1180 239 1258 rant,sed
258 1183 317 1241 suis
333 1182 451 1262 insuper
469 1180 657 1260 opinionibus
674 1178 803 1260 opplent.
826 1181 896 1238 Cum
915 1179 1041 1237 excitare
1056 1181 1088 1239 in
1107 1181 1145 1239 iis
1164 1178 1313 1253 deberent,

95 1281 145 1361 qui
165 1282 246 1339 intus
263 1279 368 1337 natura
385 1278 482 1353 adest,
503 1280 634 1356 quamvis
650 1277 737 1336 lateat
754 1277 838 1351 istos,
864 1297 986 1335 amorem
1014 1278 1095 1353 veri,
1125 1298 1220 1357 eoque
1247 1277 1312 1337 exci-

94 1377 183 1439 tando
201 1376 442 1456 incendendoquo
461 1375 592 1451 efficere,
613 1390 645 1435 ut
662 1376 718 1457 ipsi
736 1396 789 1456 per
806 1396 835 1434 se
850 1389 951 1456 sponte
966 1396 1016 1434 sua
1035 1375 1072 1435 ad
1091 1377 1154 1436 veri
1173 1376 1311 1435 scientiam
1333 1392 1337 1403 '

94 1476 320 1551 contenderent3
341 1476 523 1556 restinguunt
535 1473 614 1533 hunc
634 1456 756 1533 aniorem
776 1474 944 1548 inanimis,
965 1473 1128 1555 impediunt
1145 1472 1189 1532 sal
1256 1493 1310 1549 ,11

95 1575 298 1633 inflammetur.
328 1573 399 1632 Nam
420 1593 471 1631 cur
489 1594 548 1631 non
569 1572 747 1652 impediant,
768 1572 878 1650 quoties
902 1571 996 1652 longis
1017 1570 1202 1651 infinitisque
1238 1572 1306 1631 aben·

95 1671 141 1732 dis
158 1670 337 1732 orationibus
355 1672 476 1752 speciem
496 1671 557 1729 illis
574 1690 668 1729 rerum
688 1669 862 1744 ostendunt,
882 1689 927 1727 res
945 1668 1108 1744 occultant,
1126 1671 1252 1750 speciem
1268 1688 1307 1727 an·
1377 1713 1379 1734 ί

94 1783 152 1837 tem
171 1771 211 1829 sic
229 1768 448 1844 commendant,
469 1770 509 1828 sic
528 1768 644 1830 veritati
664 1767 779 1848 lingunt
794 1766 930 1843 similem,
947 1782 978 1826 ut
997 1766 1042 1826 illi
1061 1787 1114 1848 per
1133 1781 1223 1828 totam
1240 1769 1305 1828 dein·

64 1905 68 1911 ·
95 1867 240 1929 desvimm
270 1867 377 1927 umbris
405 1867 541 1947 falsisque
568 1866 746 1941 simulacris,
767 1869 953 1942 opinionibus
982 1866 1100 1924 omnino
1120 1864 1308 1940 delectentur,
1383 1900 1398 1918 *r

94 1966 242 2026 veritatem
260 1986 328 2026 vero
348 1988 408 2024 non
425 1978 537 2024 tantum
557 1987 616 2024 non
639 1979 752 2038 ament,
783 1964 832 2023 sed
861 1985 919 2023 esse
947 1964 1036 2039 adeo,
1058 1977 1181 2045 excepta
1208 1966 1314 2048 specie,

94 2078 208 2144 negent.
250 2063 329 2138 Quid
347 2063 485 2122 faciamus
504 2063 670 2122 hominibus
686 2063 773 2122 istis?
795 2062 865 2121 Nam
885 2061 965 2121 haud
982 2082 1050 2122 sane
1076 2062 1246 2143 negligendi
1271 2062 1331 2125 ti·-

94 2161 201 2222 dentur
219 2183 294 2237 esse,
315 2176 365 2221 aut
384 2159 598 2221 contemnendi.
640 2161 815 2221 Confirmare
834 2160 903 2218 haec
923 2160 1030 2241 placita
1054 2180 1230 2219 summorum
1255 2176 1344 2220 cum

94 2266 241 2340 poetarum
261 2274 321 2319 tum
347 2258 583 2341 philosophorum
606 2261 772 2318 auctoritate
801 2259 952 2316 nituntur:
975 2259 1082 2339 quippe
1099 2278 1238 2338 perquam
1253 2265 1352 2318 111ιῖ

93 2371 122 2416 11
139 2357 216 2416 docti
235 2371 263 2417 et
280 2359 356 2416 acuti
374 2371 402 2416 et
422 2358 593 2442 praesertim·
611 2357 720 2416 diserti.
763 2355 978 2416 Ab'Homerico
994 2357 1083 2437 igitur
1105 2358 1221 2433 exorsi,
1241 2347 1356 2438 quod

93 2454 257 2515 reconditae
276 2456 347 2538 ipsis
364 2454 480 2516 videtur
498 2456 656 2538 sapientiae
675 2455 813 2537 plenum:
1112 2437 1117 2446 ¹
1182 2457 1185 2463 ’

294 2547 428 2614 Ὠκεανόν
447 2576 492 2629 τε,
514 2553 597 2616 θεῶν
617 2548 739 2634 γένεσιν,
760 2553 809 2614 καὶ
829 2548 946 2637 μητέρα
970 2547 1091 2636 Τηθύν·

92 2657 134 2715 sic
172 2655 314 2736 placuisse
350 2657 567 2738 sapientissimis
596 2659 686 2733 viris,
717 2660 818 2737 ajunt,
850 2669 881 2715 ut
911 2656 999 2714 fluere
1025 2657 1186 2735 mutarique
1209 2658 1383 2749 sempffil,

92 2755 207 2830 omnia,
228 2754 274 2814 nil
291 2776 350 2814 esse
372 2755 475 2815 stabile
495 2757 543 2818 vel
560 2756 674 2816 firmum
683 2754 906 2817 contenderent:
928 2753 1108 2815 contendisse
1124 2750 1367 2835 131111111111ε·ι

93 2853 224 2928 eosdem,
245 2854 277 2912 in
304 2853 358 2912 hac
385 2875 479 2913 rerum
499 2856 686 2916 fluctuatione
712 2856 773 2917 veri
803 2875 861 2913 esse
879 2853 974 2929 nihil,
995 2854 1046 2914 sed
1072 2854 1105 2914 id
1122 2853 1183 2914 dici
1200 2869 1303 2915 1111111.
1362 2875 1369 2906 1

91 2950 170 3031 quod
198 2949 349 3012 videatur:
370 2951 424 3011 boc
444 2967 538 3012 autem
565 2954 631 3014 aliis
658 2954 842 3029 hominibus,
862 2953 928 3012 aliis
945 2952 1120 3034 temporibus
1139 2951 1223 3012 aliud
1248 2952 1371 3009 corb

92 3050 128 3109 In
152 3049 257 3129 quibus
281 3048 475 3112 Heracliteum
500 3053 622 3112 afferunt
645 3054 814 3134 inprimis:
846 3044 887 3124 ὥς
913 3049 960 3124 δὶς
986 3049 1018 3125 ἐς
1037 3045 1091 3112 τόν
1112 3044 1205 3112 utitor
1224 3058 1373 3109 notul

92 3140 153 3228 μδν
174 3141 225 3208 otia
246 3140 282 3207 dr
304 3143 436 3229 ἐμβαίης
457 3156 490 3207 in
510 3152 722 3227 idemflu'men
741 3155 859 3212 11111111
880 3156 1057 3213 descendas:
1079 3147 1111 3235 2)
1131 3167 1218 3228 nam,
1237 3169 1329 3233 prae*

92 3251 244 3310 terlluente
264 3270 355 3327 aqua,
375 3248 456 3309 aliud
477 3270 586 3331 semper
605 3250 713 3310 flumen
730 3246 869 3312 nascitur.⁴
901 3252 967 3326 Sic,
988 3253 1089 3331 ajunt,
1110 3232 1143 3311 iri
1163 3252 1218 3312 hoc
1236 3268 1321 3330 quru-
1367 3245 1381 3281 ⁴

92 3348 212 3409 flumine
231 3369 325 3408 rerum
343 3348 487 3422 omnium,
508 3369 564 3427 quo
587 3349 743 3428 agitamur,
764 3352 880 3410 nomine
908 3350 1047 3410 dicuntur
1073 3349 1188 3430 singula
1216 3342 1384 3409 Μ

92 3468 168 3522 esse,
189 3468 220 3506 re
239 3461 333 3506 autem
351 3467 411 3506 non
430 3459 505 3506 sunt.
547 3447 649 3521 Quid?
681 3448 758 3526 quod
776 3447 860 3508 homo
879 3450 958 3532 ipse,
979 3470 1059 3508 mens
1079 3447 1150 3507 adeo
1171 3447 1354 3519 bominis}
1379 3463 1386 3495 t

34 3598 36 3602 Α
91 3566 163 3624 quae
183 3547 310 3625 exquirit
328 3566 446 3620 verum,
467 3559 593 3605 mutatur
612 3556 729 3629 semper.
773 3547 905 3607 Influunt
924 3549 957 3607 in
970 3569 1036 3607 cam
1055 3530 1385 3619 extrinsecus'respr

91 3644 169 3724 quod
187 3647 319 3721 discere,
340 3645 459 3705 effluunt
478 3643 547 3703 inde
567 3646 690 3726 pariter,
709 3645 786 3725 quod
807 3648 941 3705 oblivisci
958 3668 1100 3707 vocamus.
1124 3648 1204 3721 Quid
1224 3640 1383 3728 iginr‘ae‘

91 3742 284 3822 relinquitur,
304 3743 382 3823 quod
402 3764 460 3804 esse
477 3757 631 3803 statuamus
650 3744 776 3802 aarum?
800 3775 830 3784 —
851 3745 898 3804 Sic
917 3746 981 3805 illi:
1004 3768 1056 3805 nec
1076 3746 1224 3826 profecto,
1243 3741 1378 3805 nau,

90 3841 163 3920 quid
186 3841 383 3903 diffiteamur?
405 3842 491 3924 plane
510 3842 633 3901 absurda
650 3843 819 3924 proferunt,
846 3858 873 3903 et
894 3845 1049 3904 sententias
1077 3844 1215 3904 emittunt
1238 3840 1372 3904 tulf

92 3941 180 4015 inde,
210 3942 385 4022 sapientiae,
421 3955 453 4000 ut
481 3941 613 4015 videtur,
643 3941 752 4022 plenas.
792 3943 828 4002 ln
857 3943 902 4001 his
928 3945 1110 4023 Protagoras,
1141 3940 1368 4024 sophistica&

123 4185 147 4252 ¹l
166 4186 238 4255 dorp.
256 4184 307 4238 ⁴83
324 4186 354 4240 Α.
373 4203 429 4254 sqq.
448 4186 503 4238 Vid.
523 4187 555 4238 de
575 4187 614 4238 his
637 4188 771 4238 sententiis
786 4187 891 4240 11111111
906 4189 1024 4241 11111111
1043 4190 1115 4256 polit.
1135 4188 1200 4242 Plut.
1228 4187 1348 4256 111110·

109 4313 115 4324 .
136 4271 198 4324 131
238 4311 243 4323 .

91 4292 148 4422 p2)
166 4289 258 4426 01111111.
276 4357 326 4410 102
348 4357 378 4409 Α.
406 4366 432 4408 11
456 4357 547 4409 1111111.
571 4355 621 4404 152
643 4357 672 4408 Ε.
691 4357 820 4425 Explicuit
835 4362 987 4412 1111111111
1004 4363 1111 4413 maxime
1127 4362 1244 4425 Seneca,
1260 4349 1340 4413 Μ’·

88 4444 129 4496 se.
148 4445 204 4496 vra.
229 4445 300 4511 1111.
320 4443 353 4495 aa
368 4443 433 4496 rtur.
453 4444 485 4494 ae
502 4443 527 4495 s.
547 4442 623 4494 11.
643 4459 667 4510 p.
688 4442 727 4547 11.
