2796 5048
663 238 723 298 5³6

152 408 606 497 Absolviturbtundens
634 406 679 463 ds
699 409 918 479 justitia,
948 423 1044 462 nuiss
1072 403 1161 463 solu
1188 403 1233 460 sd

269 514 435 571 iscium
471 513 601 564 citum
629 502 861 578 sufficiat,
884 500 1120 575 judicium.

116 711 203 770 Viam
241 706 325 781 uobis
359 703 452 784 praeit
486 699 628 759 continuo
653 697 793 756 Socratu.
848 714 862 746 u
872 693 920 754 Sic
949 693 1058 775 igitur,
1085 695 1148 769 ait,
1173 695 1302 771 justitian

76 809 223 881 vidimus,
252 804 357 865 demtis
385 798 520 882 praemiis
547 809 576 856 et
593 795 773 869 honoribus,
796 794 886 874 ipsam
915 813 967 874 per
997 793 1102 874 seipsi
1125 791 1305 872 ani-oopti·

77 927 155 967 mum
176 924 234 964 esse
255 900 410 981 negotium.
452 898 538 957 Nunc
566 894 635 953 item
661 893 788 974 praemia
813 890 990 950 ei.tribuere
1007 889 1097 950 lieet:
1120 904 1150 949 et
1166 889 1261 971 prouti
1279 889 1305 947 in

77 1000 293 1085 superioribus,
315 993 523 1077 disputationis
542 990 827 1066 caussi,finximus,
847 987 959 1066 justum
979 985 1076 1048 videri
1096 989 1255 1066 injustum,
1272 987 1305 1044 in·

75 1104 186 1182 justum
206 1112 301 1158 autem
312 1098 427 1174 justum
439 1116 445 1150 :
466 1112 545 1151 nuno
565 1089 714 1162 dicamus,
725 1086 804 1168 quod
815 1086 998 1148 verissimum
1007 1099 1050 1145 est
1059 1131 1068 1161 ,
1077 1109 1141 1146 non
1152 1085 1310 1144 letereDeos

79 1199 289 1275 hominesque,
310 1213 381 1252 num
396 1193 493 1269 justus
509 1188 615 1267 aliquis
635 1188 672 1246 sit
682 1209 739 1262 ,an
759 1186 894 1265 injustus.
915 1183 1027 1260 Quodsi
1047 1205 1094 1243 res
1112 1184 1154 1242 ita
1172 1204 1203 1242 se
1222 1181 1310 1255 babet,

80 1290 98 1358 o‘
118 1292 190 1376 μὲν,
219 1284 370 1372 θεοφιλής
390 1281 427 1349 iv
449 1282 509 1367 εἴη,
531 1278 548 1345 ὁ
567 1281 620 1359 di,
642 1278 810 1365 θεομισής·
838 1284 922 1341 σῖτον·
949 1302 1043 1342 curus
1068 1289 1132 1341 erit
1159 1279 1253 1354 Diis,
1270 1288 1310 1338 in-

80 1407 164 1459 visus
196 1397 286 1454 atter.
340 1388 395 1477 Τῷ
418 1386 455 1450 δὲ
481 1388 621 1468 θεοφιλεῖ
648 1380 707 1466 οὐχ
734 1377 972 1466 ὁμολογήσομεν,
1002 1377 1062 1446 ὅσα
1090 1405 1125 1468 ys
1152 1378 1214 1446 sini
1244 1382 1313 1445 esdr

80 1493 223 1578 γίγνεται,
254 1485 352 1555 πάντα
382 1487 538 1572 γίγνεσθαι
569 1481 612 1563 οἷς
643 1479 739 1549 οἷόντε
770 1479 897 1570 ἄριστος
930 1486 992 1547 Des
1018 1498 1124 1547 eutem
1152 1497 1208 1568 qui
1236 1508 1314 1546 cerus

81 1609 145 1672 est,
168 1618 266 1656 nonne
285 1595 357 1652 iuis·
370 1596 546 1670 fatebimur
565 1612 763 1669 quaecunque
782 1593 934 1650 diuinitus
952 1591 1135 1668 obtingunt,
1155 1593 1258 1645 omniu
1277 1588 1315 1644 oi-

81 1703 201 1778 tingers
229 1714 319 1772 quum
348 1691 485 1772 σμίλσιολ
508 1719 538 1729 -
561 1690 698 1749 Omnino.
719 1728 754 1740 -
775 1688 823 1747 sic·
852 1688 942 1769 igitur
968 1685 1006 1746 de
1031 1687 1113 1764 justo
1146 1685 1213 1746 viro
1230 1683 1317 1743 existi·

82 1792 241 1866 mnndum,
272 1791 333 1851 sive
371 1788 553 1871 paupertati,
584 1788 645 1847 sive
670 1786 800 1861 morbis,
830 1786 892 1846 sive
922 1783 1075 1864 quibusvis
1104 1803 1231 1857 eorum,
1258 1800 1317 1859 quse

85 1891 160 1951 mala
188 1887 345 1961 videntur,
366 1886 512 1946 obnoxius
532 1887 588 1959 sit,
609 1883 679 1944 buic
708 1882 824 1943 demum
850 1896 881 1942 et
907 1882 1022 1944 viventi
1040 1894 1070 1940 et
1088 1894 1208 1941 mortuo
1227 1878 1264 1939 ad
1279 1878 1318 1937 bo·

84 2009 155 2049 num
169 1985 288 2067 aliquod
304 1986 358 2044 iste
376 1984 555 2045 conducere:
577 1976 614 2042 oi
633 1975 693 2062 γοὶρ
709 1971 751 2063 (λη’
768 1973 829 2042 siuo'
850 2002 882 2060 ys
907 1978 993 2042 θεοῖν
1015 1973 1088 2039 ποτὲ
1109 1971 1276 2056 ἀμελεῖται,
1293 1970 1319 2046 ὃς

86 2079 124 2146 ἄν
148 2086 378 2168 προθυμεῖσθαι
403 2077 502 2171 ἐθέλῃ
529 2080 641 2156 δίκαιος
669 2080 824 2164 γίνεσθαι,
852 2080 901 2144 uui
928 2073 1112 2163 ἐπιτηδεύων
1140 2073 1268 2160 (ipsein,
1288 2072 1319 2143 i:

85 2178 157 2249 door
188 2179 315 2248 dvuusdr
338 2174 496 2270 οἷνθρολπῳ
523 2179 706 2263 σ’μονοῦσθαι
737 2185 815 2271 θεῷ·
846 2168 910 2246 ποτεΙ
934 2192 1014 2244 enim
1041 2205 1060 2242 u
1087 2181 1168 2241 Diis
1199 2201 1320 2259 unquam

87 2292 279 2372 negligitur,
310 2293 481 2365 quicunque
501 2294 612 2363 justus
640 2289 781 2360 euuders,
813 2293 999 2362 uirtutisque
1017 2280 1149 2362 officiis,
1171 2281 1270 2358 quoad
1285 2279 1321 2335 λο

88 2394 167 2445 mini
186 2387 275 2458 ticet,
300 2381 361 2441 Deo
381 2385 494 2441 similis
512 2385 739 2456 iniciuntur.
781 2383 868 2466 Apud
888 2381 957 2442 deos
975 2381 1063 2461 igitu'r
1078 2379 1162 2457 justo
1182 2379 1248 2438 viro
1264 2376 1323 2452 baec

88 2483 209 2545 debitus·
234 2480 339 2561 palma.
381 2478 468 2562 Apud
492 2480 623 2542 homines
647 2497 742 2543 autem
772 2503 871 2543 nonne
895 2480 935 2540 sio
960 2480 1078 2551 evenit,
1111 2478 1136 2535 si
1158 2497 1232 2537 vera
1251 2471 1322 2533 fateri

88 2581 236 2642 velimus?
266 2572 324 2659 οὐχ
346 2575 376 2639 οἱ
396 2574 453 2657 μὲν
474 2577 565 2641 δεινοί
587 2580 687 2642 τεκαὶ
711 2574 806 2642 dieseos
827 2579 940 2662 δρῶσιν
960 2569 1034 2658 ὅπερ
1056 2571 1085 2636 οἱ
1106 2574 1251 2658 δρομεῖς,
1272 2564 1323 2633 ὅσον

85 2673 124 2741 ἂν
152 2673 266 2741 θέωσιν
295 2672 330 2742 εὖ
361 2675 421 2741 iud
443 2681 505 2744 τῶν
532 2675 628 2758 κάτω,
660 2677 722 2744 iusi
743 2679 779 2744 di
804 2680 866 2743 suiv
891 2673 954 2741 ἄνω
975 2672 1035 2760 μή,·
1066 2670 1104 2738 τέ
1131 2672 1191 2754 μέν
1214 2673 1324 2758 πρῶτον

87 2776 179 2856 σ’ξέως
204 2776 400 2865 σῖτιοπηδῶσι,
423 2782 612 2858 τελευτῶντες
638 2780 674 2845 δὲ
697 2777 907 2865 καταγέλαστοι
936 2778 1096 2862 γίγνονται,
1125 2773 1166 2840 τοὶ
1196 2769 1262 2841 ὦτα
1286 2773 1325 2835 isi

87 2883 151 2945 τῶν
172 2877 266 2962 ὤμων
288 2879 406 2966 ἔχοντες
426 2884 475 2946 nai
493 2880 696 2967 ἀστεφάνωτοι
720 2881 952 2967 ἀποτρέχοντες·
975 2880 1008 2943 oi
1028 2882 1049 2943 d
1053 2879 1068 2942 e*
1088 2904 1107 2942 τ
1113 2905 1138 2966 ῃ
1162 2875 1326 2963 ἀληθείᾳ

89 2985 278 3067 δρομικοὶ,
309 2987 362 3062 εἰς
391 2982 493 3061 τέλος
523 2982 717 3063 ἐλθόντες,
752 2981 796 3049 ru'
820 3009 856 3049 τε
884 2979 986 3047 ἆθλα
1010 2977 1250 3063 λαμβάνουσι
1275 2977 1326 3042 nui

90 3089 379 3168 στεφανοῦνται·
407 3085 466 3171 οὐχ
492 3083 572 3152 οὕτω
599 3091 647 3152 nui
676 3090 745 3173 περὶ
772 3090 834 3152 τῶν
855 3085 978 3151 δικαίων
999 3077 1036 3148 ed
1063 3081 1140 3146 uois)
1161 3083 1325 3166 ’ξυμβαίνεη

23 3211 25 3215 ·
91 3180 169 3268 προς
185 3187 220 3251 τό
241 3186 324 3265 τέλος
350 3186 476 3274 ἑκάστης
497 3187 633 3274 πράξεως
655 3192 704 3253 nui
727 3187 844 3271 ὁμιλίας
865 3188 990 3253 καὶτοῦ
1008 3186 1076 3269 βίον
1093 3183 1288 3267 εὐδοκιμοῦσί
1304 3208 1327 3248 τε

90 3292 140 3353 nui
168 3287 206 3353 sd
228 3287 313 3357 ἆθλα
338 3288 421 3377 nupsi
441 3295 502 3355 τῶν
523 3289 699 3376 ἀνθρώπων
723 3291 883 3378 φέρονταις
908 3312 1004 3353 nonne
1030 3298 1131 3351 astuti
1156 3294 1291 3351 homines
1306 3300 1328 3349 et

93 3403 208 3472 iujusti
232 3398 362 3474 perinde
381 3400 514 3472 suciunt
543 3418 578 3455 uc
605 3418 744 3456 cursores
770 3392 840 3472 ilii,
872 3404 925 3476 qui
953 3419 972 3454 u
998 3398 1175 3455 carceribus
1203 3403 1328 3454 currunt

94 3497 182 3568 bene,
214 3515 234 3551 u
263 3504 343 3553 metu
371 3518 429 3554 non
460 3495 558 3554 item?
598 3495 744 3555 Primum
764 3483 912 3555 ⁴celeriter
939 3498 1107 3569 assiliunt,
1129 3497 1256 3553 tundens
1273 3515 1329 3553 sero

52 3668 56 3676 ι
91 3600 190 3649 risum
219 3602 396 3670 reportant,
426 3601 552 3672 quippe,
584 3596 712 3654 uuriius
739 3603 773 3653 in
799 3596 937 3653 hiemares
966 3597 1121 3667 demissis,
1144 3602 1212 3651 sine
1231 3612 1329 3652 corone

94 3691 297 3748 discedentes:
328 3699 422 3748 ueri
448 3702 585 3750 cutem
615 3715 833 3766 cursores,
863 3695 911 3752 ud
928 3690 1329 3770 sineruperuenien·

93 3799 176 3861 tes,
196 3786 387 3864 pru'emiu
408 3798 636 3869 accipiunt
657 3813 699 3849 uc
719 3803 994 3851 coronantur.
1019 3790 1243 3866 Nonnsjustis
1261 3795 1328 3848 uiris

94 3887 241 3945 similiter
269 3886 348 3945 idem
378 3899 413 3944 ut
438 3890 613 3965 plurimum
641 3899 758 3965 euenit,
790 3901 826 3949 ut
852 3899 886 3949 in
916 3890 1000 3950 cuitu
1031 3897 1182 3968 cujusque
1210 3896 1330 3948 actionis

93 3986 378 4063 consuetudinisque
407 3995 437 4043 et
463 3995 543 4045 uitus
566 3991 752 4066 probentur,
780 4011 965 4068 munereque
993 3991 1029 4046 ab
1057 3988 1231 4047 hominibus
1256 3989 1330 4062 rese·

95 4083 193 4140 rent?
217 4081 247 4162 l)
288 4084 366 4142 Haec
385 4083 474 4164 igitur
499 4087 714 4166 praemissum
742 4110 774 4147 ae
795 4108 913 4147 munera
924 4133 933 4162 ,
953 4107 1026 4167 quae
1041 4087 1121 4163 justo
1140 4086 1206 4146 viro
1227 4097 1330 4166 praeter

105 4257 349 4265 ----—-———...

129 4344 159 4407 1)
180 4344 258 4395 Recte
272 4361 329 4396 cum
349 4345 388 4396 his
408 4346 530 4400 conferre
546 4345 622 4410 jubet
636 4347 725 4400 Stallb.
748 4346 1018 4402 celebratissimeioee
1029 4346 1104 4400 Peuli
1119 4348 1169 4415 Ep.
1187 4342 1330 4398 uicoristi«

90 4429 107 4479 1.
128 4427 160 4490 9,
179 4429 221 4479 24.
241 4428 270 4479 ΙΙ.
291 4432 322 4487 i,
343 4429 368 4511 9
390 4432 424 4481 oi
441 4431 547 4482 Piiiem·
568 4430 608 4482 ΙΙΙ.
630 4430 671 4484 14.
