2774 5048
665 226 717 284 181

90 383 126 444 his
146 381 320 466 apponendis
351 386 380 443 in
410 384 511 465 primis
538 384 664 445 Platonis
688 384 878 444 characterem
908 385 1149 465 exprimeremus,
1178 384 1285 466 quippe

94 502 146 560 quae
160 482 299 542 Socratica
316 471 434 542 fuerunt
454 503 584 562 magnam
602 498 712 563 partem
740 497 768 542 et
794 482 951 542 Platonicis
977 483 1081 541 iccirco
1101 481 1179 543 haud
1199 482 1286 543 dissi-

94 579 159 640 nilia.
198 582 282 640 Nunc
300 595 411 660 praeter
434 579 579 661 dialogos,
600 582 649 660 qui
671 582 826 655 Aeschini,
847 581 884 640 ab
912 581 977 641 aliis
1006 579 1115 641 Simoni
1144 580 1285 639 tribuun-

94 691 140 752 tur,
156 699 212 737 nec·
224 679 344 738 sormam
357 680 502 759 propriam
522 680 610 760 magis
625 679 751 753 habent,
765 700 848 759 quam
868 680 918 758 qui
933 678 1005 738 salso
1023 678 1150 738 Platonis
1170 679 1285 738 nomine

93 775 219 850 feruutur,
239 775 441 851 Xenophontis
470 790 563 836 exstat
586 777 784 858 symposium,
809 777 957 857 dialogus,
978 778 1028 856 qui
1057 777 1156 835 multis
1174 776 1284 858 placuit

93 871 267 947 vehementer,
288 873 438 954 displicuit
458 875 625 949 nonnullis,
646 876 717 934 mihi
739 876 797 933 sere
816 875 937 956 probare
961 876 1040 935 visus
1064 888 1123 950 est,
1151 874 1205 933 hoc
1226 895 1284 933 non

92 968 155 1029 luisse
172 970 318 1031 scribendi
340 993 446 1052 genus,
474 993 531 1051 quo
549 973 669 1054 scriptor
689 972 883 1054 Cyropaediae
901 986 928 1031 et
949 973 1112 1032 Anabaseos
1132 970 1284 1030 excelleret

92 1069 198 1128 mxime.
230 1069 347 1146 Legenti
367 1083 443 1128 certe
462 1068 576 1128 ethaeo
597 1072 653 1130 viri
672 1091 755 1151 opera
775 1070 914 1150 palmaria
935 1084 962 1131 ct
982 1068 1183 1130 Memorabilia
1198 1070 1284 1143 item,

92 1165 127 1223 rix
149 1166 219 1224 mihi
252 1165 409 1245 quidquam
436 1168 583 1240 occurrit,
620 1168 692 1247 quin
719 1167 864 1243 admirer;
898 1171 929 1227 in
959 1168 1010 1228 illo
1044 1188 1112 1227 vero
1147 1165 1285 1246 opusculo

91 1282 132 1320 nou
146 1284 235 1343 pauca
255 1277 384 1337 exstant,
402 1265 434 1323 in
454 1265 560 1344 quihus
580 1266 631 1324 vin
658 1286 807 1344 agnoscere
836 1266 977 1346 integrum
998 1265 1081 1325 illum
1108 1262 1284 1344 Xenophon·

90 1358 382 1441 tisincorruptumque
410 1361 567 1442 elegantiae
595 1383 708 1421 sensum
741 1363 835 1422 liceat.
892 1361 1018 1422 Videtur
1046 1375 1168 1435 auctor,
1206 1359 1283 1438 quod

90 1455 111 1513 iu
126 1457 246 1517 Luciano
263 1458 524 1519 animadvertemus
547 1462 730 1541 praesertim,
760 1460 906 1519 levitatem
934 1461 1105 1559 cpmicorum
1133 1479 1198 1517 cum
1229 1455 1283 1516 So-
1349 1497 1356 1510 ·

89 1556 171 1614 cretica
189 1557 299 1615 ratione
318 1559 491 1637 conjungere
511 1559 652 1619 voluisse:
675 1558 752 1637 quod
766 1580 819 1617 nec
840 1558 933 1620 voluit
948 1579 1000 1616 nec
1018 1558 1087 1618 fecit
1105 1557 1194 1616 Plato.
1220 1555 1283 1614 Uti·

90 1671 138 1710 nam
149 1676 214 1715 vero
226 1656 403 1714 Aristotelia
413 1669 590 1735 superessent
605 1655 727 1736 dialogi,
749 1677 819 1734 quos
837 1655 942 1716 multos
955 1669 983 1714 et
1001 1657 1125 1736 egregios
1139 1654 1284 1734 scripsisse

89 1745 189 1812 dieitur!
212 1755 273 1812 Hos
291 1775 392 1834 operae
410 1754 534 1834 pretium
554 1767 624 1813 esset
643 1775 708 1812 cum
726 1753 881 1813 Platonicis
900 1755 1039 1814 conferre.
1078 1755 1167 1826 Nam,
1186 1765 1216 1810 ut
1234 1772 1282 1809 sua

90 1865 138 1906 usus
153 1864 192 1909 est
210 1851 243 1910 in
261 1850 492 1932 philosophando
512 1866 538 1911 et
557 1852 667 1923 ratione
685 1865 713 1910 et
732 1853 885 1926 oratione,
897 1851 936 1909 ita
946 1896 955 1925 ,
976 1873 1042 1911 cum
1061 1850 1198 1910 scriberet
1217 1848 1283 1908 dia-

88 1941 160 2025 logos,
180 1949 331 2029 probabile
351 1962 410 2023 est,
432 1950 454 2008 si
476 1971 533 2008 non
553 1949 675 2022 melius,
694 1950 840 2030 peculiare
860 1969 924 2008 eum
943 1961 1018 2006 certe
1036 1948 1213 2028 dialogorum
1233 1968 1283 2027 ge-

41 2040 43 2057 '
88 2061 127 2101 nus
142 2046 296 2106 induxisse.
338 2047 402 2106 Non
422 2048 499 2105 enim
518 2047 663 2107 subtilitas
681 2048 811 2127 ingenii,
836 2061 865 2105 ut
884 2058 951 2105 sunt
969 2047 1020 2125 qui
1037 2060 1157 2126 putent,
1180 2050 1282 2130 prohi-

89 2135 149 2216 buit,
169 2166 224 2222 quo
242 2146 339 2204 minus
363 2144 506 2226 eleganter
529 2145 614 2204 simul
642 2159 670 2204 et
698 2158 779 2204 acute
807 2143 952 2204 scriberet.
994 2145 1175 2204 Contrarium
1198 2148 1282 2206 nobis

88 2242 217 2316 persuadet
245 2245 363 2316 Cicero,
384 2244 434 2321 qui
458 2242 503 2301 nil
530 2264 638 2302 ecesse
659 2244 789 2318 acutius,
811 2241 887 2301 nihil
914 2240 1035 2322 politius
1062 2244 1179 2323 statuit:
1210 2246 1281 2323 quin

87 2333 143 2396 iden
160 2340 191 2399 in
210 2339 384 2400 celebranda
412 2343 473 2420 ejus
502 2342 646 2415 oratione,
677 2363 737 2400 non
765 2341 860 2399 minus
879 2361 963 2420 quam
992 2340 1024 2398 in
1052 2339 1196 2419 Platonis,
1226 2340 1280 2400 sibi

87 2432 205 2512 placuisse
224 2439 349 2500 videtur.
391 2439 598 2498 Incredibilem
616 2460 674 2497 esse
695 2441 735 2496 ait
759 2440 790 2497 in
809 2438 959 2498 Aristotele
981 2436 1100 2497 dicendi
1118 2438 1228 2519 copiam
1255 2452 1282 2495 et

86 2536 249 2595 suavitatem:
279 2536 401 2596 sundere
421 2558 485 2595 eum
513 2536 600 2617 plane
629 2535 735 2594 flumen
764 2537 902 2595 orationis
920 2556 1056 2594 aureum:
1078 2537 1222 2597 neminem
1250 2556 1282 2594 eo

86 2626 267 2694 inscribendo
284 2635 477 2696 nervosicrem
492 2634 598 2693 luisse:
619 2632 792 2691 aemulatum
805 2631 876 2692 adeo
895 2654 960 2692 cum
976 2634 1037 2713 ipso
1057 2632 1178 2692 Isocrate
1195 2633 1282 2691 luisse

84 2728 284 2792 tthcessivisse
301 2732 380 2792 hunc
400 2733 538 2792 orationis
558 2744 670 2790 ornatu.
712 2730 800 2789 Haud
827 2732 867 2789 ita
887 2732 943 2790 rari
972 2731 1051 2811 apud
1073 2731 1223 2809 antiquos,
1251 2744 1281 2787 ut

84 2827 228 2905 aprunos,
247 2843 343 2905 erant,
365 2832 415 2910 qui
433 2828 579 2911 cogitandi
600 2829 788 2889 subtilitatem
807 2849 872 2887 cum
892 2825 1038 2886 scribendi
1058 2826 1198 2907 elegantia
1211 2822 1280 2905 jun·

84 2939 178 2999 gerente
199 2927 253 2986 hac
272 2927 359 2987 laude
377 2929 463 3008 prisci
484 2927 647 2988 Academici
668 2949 699 2987 ac
719 2926 901 3008 Peripatetici
919 2926 979 2984 fere
997 2945 1093 2984 omnes
1117 2927 1280 2985 n'ituerurlt:

83 3015 128 3097 lpse
143 3025 323 3101 Aristoteles,
343 3047 427 3105 quem
446 3046 528 3093 nemo
547 3047 625 3085 nunc
635 3025 784 3085 suavitatis
804 3023 1059 3104 oblectationisque
1079 3024 1175 3082 caussa
1198 3022 1280 3103 legit,

84 3133 132 3178 tum
150 3136 223 3182 totus
243 3124 401 3204 legeretur,
421 3145 493 3203 quae
514 3125 659 3183 Ciceronis
689 3124 746 3181 fuit
773 3123 914 3197 felicitas,
934 3122 1107 3181 mirabiliter
1134 3142 1279 3180 commen-

83 3210 147 3280 dttus
163 3221 342 3301 eloquentiae
362 3222 447 3282 laude
468 3225 533 3282 luit.
575 3221 612 3280 Et
633 3222 708 3280 facto
726 3220 861 3302 probavit
890 3220 989 3280 Cicero
1013 3219 1159 3296 judicium
1179 3213 1281 3295 suum,

83 3330 152 3389 quum
167 3312 347 3378 Am'etoleleo
361 3341 455 3394 more,
466 3321 561 3402 prouti
580 3319 617 3378 ad
634 3319 789 3379 Lentulum
809 3317 923 3392 scribit,
943 3330 1000 3375 tres
1010 3317 1047 3376 de
1057 3318 1173 3376 Oratore
1192 3317 1280 3377 libros

83 3417 263 3477 conscriberet.
289 3416 317 3497 l)
337 3417 394 3477 Sed
414 3416 491 3476 nihil
510 3418 560 3477 hle
579 3417 616 3477 ad
637 3440 688 3477 nos
705 3417 888 3476 Aristoteles:
919 3413 955 3472 de
973 3414 1101 3473 Platonis
1119 3394 1316 3492 quaerimus*

82 3502 183 3594 dialogis
201 3534 354 3594 eorumque
374 3515 411 3574 ab
430 3516 617 3575 Aristotelici's
637 3515 811 3575 diversitate.
854 3514 935 3572 Hanc
956 3525 1049 3570 autem
1074 3531 1110 3567 ex
1139 3532 1171 3569 eo
1201 3513 1280 3594 ipso,

81 3609 140 3680 llud
157 3613 241 3672 modo
265 3613 329 3673 dixi
340 3658 350 3687 ,
378 3611 490 3672 efficere
518 3612 604 3687 licet,
632 3612 796 3672 Ciceronem
820 3612 960 3670 imitatum
986 3608 1165 3667 Aristotelem
1184 3610 1280 3669 luisse.

81 3699 225 3787 Deperditis
244 3712 332 3791 igitur
350 3710 436 3789 hujus
450 3710 590 3792 dialogis,
612 3731 649 3770 en
669 3709 723 3768 illo
748 3706 822 3767 efflei
851 3692 1059 3787 quodammodo
1086 3727 1184 3766 eorum
1211 3711 1281 3767 ratio

80 3812 101 3857 tl
115 3810 268 3890 comparari
292 3830 357 3869 cum
386 3807 531 3869 Platonica
559 3810 656 3890 possit.
688 3806 719 3887 2)
748 3808 805 3866 Nec
834 3827 901 3866 vero
929 3808 980 3865 toti
1005 3806 1154 3887 perierunt
1174 3805 1279 3885 dialogi

84 3957 320 3982 *—

105 4052 126 4118 1)
144 4058 195 4111 cu.
213 4062 247 4111 aa
263 4062 333 4112 ram.
351 4024 420 4127 ab,
439 4062 479 4114 aa

104 4139 126 4207 2)
143 4145 211 4198 loco
230 4148 255 4197 in
274 4147 321 4215 Ep.
339 4150 373 4198 orl
390 4149 457 4201 Pom.
478 4148 646 4235 quem-mpdo
665 4136 758 4210 citavi,
778 4146 906 4199 cotrtraria
922 4144 1059 4206 ridentur,
1079 4157 1144 4209 quae
1164 4144 1197 4193 orl
1215 4145 1281 4196 Arit-

79 4239 123 4282 Μ
137 4239 221 4290 scribit
240 4237 333 4291 Cicero
352 4240 420 4311 xrp.
439 4240 479 4292 19.
498 4240 579 4310 Negat
599 4242 658 4306 tue,
676 4241 756 4294 libros
771 4241 803 4292 de
822 4235 930 4293 Oratore
949 4221 1168 4309 'Apameae-'letor
1185 4253 1280 4289 morem

75 4308 165 4380 libere.
200 4329 257 4381 vid.
275 4331 353 4396 wyte.
371 4333 493 4407 ἰψρίει.
511 4334 580 4401 Spec.
596 4351 647 4384 meo
662 4351 755 4403 praere.
775 4351 798 4399 p.
818 4333 845 4383 L.
882 4332 932 4382 Sed
955 4332 1003 4383 hoc
1026 4331 1085 4381 loco
1108 4345 1205 4381 morem
1219 4330 1281 4380 Ari-

79 4406 163 4464 'lutetia
187 4415 330 4484 significat,
355 4432 406 4485 quo
425 4419 525 4471 solebat
546 4420 590 4470 ille
612 4421 637 4469 in
660 4416 770 4486 dialogis
790 4420 964 4484 semetipsum.
979 4417 1101 4467 inducere
1121 4417 1281 4484 loquentem:
1362 4460 1365 4466 .
