2796 5048
1306 214 1338 255 11

97 388 161 440 tica
182 381 299 461 dialogi
317 387 455 455 ratione,
484 401 546 458 qua
574 400 647 438 usus
671 380 725 437 ille
752 379 990 460 interrogando,
1011 379 1211 457 inquirendo,
1231 379 1339 437 distin·

94 514 214 594 guendo
232 478 443 589 admirabilem
462 519 497 570 in
515 511 633 570 modum
655 513 845 571 illustrasset
865 519 983 586 omnia,
1005 512 1162 570 Platonem
1182 532 1240 570 non
1261 521 1339 570 tam·

97 668 189 725 quam
220 646 352 723 aliquem
391 645 426 702 de
456 645 555 703 schola
590 645 810 722 philosophum,
842 644 893 702 sed
930 653 966 701 ut
996 644 1096 702 lumen
1123 644 1339 722 philosophiae,

95 799 261 856 proponere
291 785 465 836 conaretur.
510 777 604 835 Haud
642 777 771 853 latebat,
802 777 880 834 hanc
909 783 1028 855 ingenii
1054 778 1207 834 Platonici
1233 778 1341 854 ubique

97 911 244 970 amandi
260 910 448 968 voluntatem
476 916 510 967 in
531 916 615 967 oiam
643 910 752 967 ducere
776 909 942 988 longiorem
967 927 1058 1003 quum
1086 929 1143 985 quo
1170 908 1341 986 synthetica

89 1045 199 1118 serret
216 1041 389 1118 explicandi
408 1048 490 1100 ratio
498 1061 512 1111 ;
534 1062 640 1099 oerum
671 1042 800 1099 tenenda
820 1042 878 1099 illd
894 1041 927 1098 id
948 1062 1017 1098 eum
1036 1047 1130 1120 egisse
1149 1051 1284 1116 constat,
1304 1048 1342 1097 ut

98 1177 223 1233 lectores
241 1195 301 1232 non
328 1195 364 1231 eo·
383 1159 482 1262 ipsius
501 1173 591 1247 libro,
613 1159 770 1250 iamquam
797 1195 812 1231 e
840 1172 1024 1249 compendio,
1046 1193 1150 1250 sapere
1178 1173 1235 1231 sibi
1262 1173 1340 1250 cido

97 1318 232 1382 rentur,
254 1307 305 1365 sed
324 1313 506 1384 praeparati
533 1306 582 1363 his
601 1303 749 1364 Initiis
769 1315 799 1364 et
816 1311 906 1384 quasi
934 1311 1092 1362 initiati
1117 1299 1340 1382 quodammodo,

97 1462 135 1498 ea
156 1446 234 1519 ipsis
254 1439 324 1496 dein
343 1458 476 1514 reapse
496 1446 637 1515 saperent
655 1443 781 1515 scriptis
798 1434 968 1496 Platonis.»

142 1590 158 1622 a
168 1568 199 1628 V
197 1589 284 1626 erum
303 1569 384 1626 illud
404 1589 509 1647 sapere
529 1590 544 1626 e
572 1569 714 1642 Platone,
737 1589 795 1647 quo
811 1575 997 1645 praesertim
1024 1568 1198 1637 excellentis
1221 1574 1341 1647 ingenii

96 1709 297 1784 egregiaeque
318 1708 381 1780 spei
391 1708 523 1778 juvenes
543 1702 672 1759 ducendi
692 1703 889 1776 viderentur,
910 1702 984 1780 qaid
1001 1707 1192 1779 potissimum
1212 1702 1278 1759 boni
1296 1700 1341 1757 al·

97 1796 243 1892 laturum
261 1835 401 1910 sperabat
419 1831 592 1892 Heusdius?
619 1830 805 1891 Aitondebat
823 1841 956 1912 temporo
973 1855 1044 1908 sua,
1063 1834 1104 1892 od
1114 1853 1242 1912 quornm
1251 1853 1340 1891 usum

96 1989 114 2025 e
135 1940 262 2046 scriptib
280 1967 349 2025 illis
379 1966 511 2023 multam
534 1965 647 2042 profici
672 1986 755 2042 posse
781 1966 1013 2041 arbitrabatur,
1034 1974 1062 2024 si
1090 1966 1211 2044 quidem
1241 1986 1260 2022 a
1289 1964 1341 2025 So·

96 2109 185 2158 crate
206 2109 237 2156 et
256 2098 400 2172 Platona,
429 2104 529 2176 ipsius
550 2097 754 2175 philosophias
776 2105 811 2156 in
839 2099 993 2159 hominum
1016 2118 1127 2178 genere
1142 2099 1339 2176 parentibus,

95 2251 134 2288 ea
153 2238 262 2312 optime
282 2230 493 2305 discerentur,
514 2250 590 2307 quae
614 2251 724 2324 magno
751 2251 820 2288 cum
844 2236 1105 2310 gravissimarum
1123 2251 1229 2288 rerum
1248 2230 1341 2288 dotri-

95 2371 197 2421 monio
217 2362 350 2420 nondum
379 2368 456 2420 satis
476 2369 546 2425 ,sioe
577 2369 677 2420 teneri
705 2369 767 2421 siae
787 2370 898 2420 curari
922 2364 1076 2437 censebat,
1098 2369 1250 2420 nimirum
1268 2362 1343 2441 quid

96 2500 141 2553 sit
161 2494 368 2572 philosophia,
398 2514 454 2571 quo
476 2500 634 2570 pertineat
664 2500 810 2567 manime,
832 2514 892 2571 qua
920 2501 962 2553 sit
990 2463 1110 2553 ratione
1137 2516 1193 2572 quo
1218 2495 1340 2554 consilio

95 2627 274 2685 tractando.
307 2623 419 2704 Quodsi
435 2626 471 2683 ab
489 2627 539 2684 his
554 2632 721 2702 principiis
739 2626 810 2683 inde
830 2625 976 2683 ducendis
998 2633 1125 2684 initium
1143 2627 1254 2703 fieret,
1270 2645 1340 2702 per·
1375 2684 1379 2690 ,

94 2766 250 2837 captisque
270 2765 312 2817 iis
333 2759 499 2833 praeclara
528 2759 598 2815 dein
624 2758 790 2814 adirentur
819 2762 1000 2816 recentioris
1021 2765 1087 2815 oeci
1110 2766 1254 2833 inventa,
1275 2766 1341 2829 tum

94 2892 217 2950 demum
232 2891 307 2964 fore
318 2891 497 2966 judicabat,
519 2899 556 2948 ut
572 2890 763 2966 philosophia
781 2890 823 2947 ad
839 2911 1022 2949 communem
1040 2892 1236 2949 adhiberetur
1252 2912 1340 2970 gene·

94 3029 146 3080 ris
162 3022 290 3080 humani
310 3022 448 3080 salutem.
475 3021 520 3078 Et
540 3043 570 3080 eo
581 3028 752 3100 praecipue
773 3029 891 3081 nomine
910 3023 1065 3082 Heusdius
1084 3043 1172 3081 suum
1185 3030 1248 3100 ipse
1268 3044 1341 3099 opus

94 3175 115 3210 a
136 3155 342 3232 plurimorum
370 3156 516 3212 distinait
534 3154 569 3211 de
601 3150 729 3212 Platone
756 3158 1071 3231 commentationibus,
1101 3178 1231 3234 quarum
1258 3157 1341 3214 haud

92 3307 213 3365 paucas
238 3289 373 3364 profecto
401 3291 506 3365 magni
527 3288 640 3360 facore
670 3286 784 3363 sibique
811 3290 961 3362 perutiles
991 3291 1091 3346 dicere
1120 3290 1238 3348 solebat.
1281 3287 1342 3348 Sed

92 3425 204 3496 prouti
218 3420 292 3478 aliis
307 3425 523 3496 interpretatio
537 3425 737 3493 scriptorum,
752 3420 939 3496 placitorum
958 3422 1118 3499 explicatio
1129 3423 1356 3479 aliismaaime'

93 3557 253 3629 proposita
263 3551 396 3626 fuerat,
414 3550 579 3629 horumque
601 3551 694 3609 multi
714 3557 793 3610 airis
809 3553 903 3611 doctis
924 3575 995 3611 suas
1019 3554 1248 3611 destinauerant
1266 3573 1340 3610 com·
1384 3533 1386 3536 Δ

95 3691 299 3742 mentationes
310 3708 320 3738 .·
339 3691 387 3740 ita
401 3683 557 3742 Heusdius
571 3705 616 3742 eos
625 3691 727 3761 potius
735 3728 744 3758 ,
766 3708 836 3762 quos
847 3687 992 3760 uidimus,
1000 3692 1047 3761 ju
1056 3707 1159 3743 aenos
1176 3686 1339 3764 cogitabat,

91 3791 192 3894 'neque
213 3821 302 3872 unice
321 3815 460 3873 Platonis
480 3824 535 3907 aut
555 3823 671 3894 scripta
692 3819 845 3894 spectabat
865 3827 922 3875 aut
930 3819 1170 3897 philosophiam,
1193 3818 1244 3876 sed
1257 3826 1340 3875 utro·

95 3969 226 4026 rumque
245 3968 302 4025 per
320 3947 371 4005 hos
397 3955 459 4004 rite
486 3949 649 4026 aliquande
677 3956 839 4009 institutos
860 3960 1043 4010 momentum
1061 3952 1175 4009 nolebat
1193 3960 1222 4008 et
1240 3957 1340 4008 anime

92 4082 302 4159 praecipiebat
321 4082 503 4156 temporibus
520 4087 635 4139 nostris
656 4073 925 4143 saluberrimum.»

137 4210 347 4271 Describenda
375 4214 446 4270 haec
473 4234 534 4271 esse
564 4214 658 4289 duai,
689 4236 745 4293 quo
767 4216 878 4274 melius
903 4219 939 4275 de
966 4222 1073 4294 optimi
1094 4220 1201 4291 patris
1227 4221 1262 4271 in
1287 4213 1340 4272 hoe

94 4364 182 4424 opere
200 4344 354 4402 scribendo
373 4346 496 4404 consilio
517 4353 770 4405 eristimaretur:
793 4368 868 4425 quac
887 4359 990 4408 autem
1003 4369 1097 4424 porro
1120 4347 1156 4404 de
1174 4346 1339 4422 peculiari·
