2796 5048
680 250 720 309 38

88 419 166 477 λιται
186 411 262 498 πρός
283 410 477 497 φιλοσοφίαν,
498 406 553 493 τήν
573 405 727 472 δέσποιναν
747 404 861 484 αὐτῶν,
882 401 961 470 οὕτω
980 406 1029 471 κοιλ
1050 405 1211 490 φιλοσοφία
1239 402 1315 491 mirri

88 512 165 600 προς
185 514 292 600 σοφίας
311 516 412 598 κτῆσιν
432 516 567 597 συνεργεῖ.
594 513 624 595 l)
653 512 788 574 Placebat
815 510 947 572 Patribus
971 510 1041 571 haec
1071 512 1103 569 in
1126 511 1229 592 primis
1253 516 1315 571 seti-

88 622 193 696 tentia,
209 621 250 680 sic
264 618 475 701 philosophiam
495 629 624 699 oportere
639 612 772 692 religioni
788 611 910 684 servire,
931 622 963 668 ut
977 622 1051 668 artes
1071 608 1207 669 liberales
1223 609 1315 669 inser·

90 720 175 779 viunt
193 698 401 800 philosophiae.
423 712 454 796 2)

129 816 214 876 Fines
232 819 380 896 migrarem
400 811 604 893 disputationis
624 809 728 887 hujus,
757 808 780 865 si
809 806 869 865 vim
893 803 1096 886 philosophiae
1121 803 1202 885 apud
1228 804 1310 865 anti·

89 935 159 994 quos
178 913 321 974 advitam
348 925 423 973 recte
443 906 651 968 instituendam
679 905 901 965 demonstrarem
929 901 1075 982 pluribus.
1116 899 1175 960 Sed
1193 900 1312 963 silentio

88 1033 149 1072 non
156 1009 470 1094 praetermittendum,
500 1005 664 1067 Platonicae
681 1001 878 1084 philosophiae
904 999 959 1059 hoc
984 1001 1135 1082 proprium
1153 999 1263 1077 luisse,
1282 1012 1314 1060 ut

89 1110 223 1169 virtutem
242 1130 302 1169 non
328 1121 442 1168 tantum
460 1117 600 1187 spectaret
627 1116 654 1162 et
677 1120 787 1160 morum
805 1100 1001 1173 honestatem,
1022 1098 1073 1158 sed
1099 1098 1229 1158 omnium
1248 1099 1314 1180 pn'-

89 1227 166 1265 murn
192 1220 222 1266 et
249 1206 372 1266 maxime
400 1211 568 1263 cantator.
618 1202 683 1275 Quo
709 1197 761 1273 lit,
782 1211 815 1257 ut
830 1198 1025 1275 philosophus
1051 1195 1130 1277 apud
1157 1214 1223 1255 eum
1251 1216 1310 1257 non

88 1317 218 1364 occurrat
243 1319 276 1364 ut
302 1324 413 1365 morum
436 1302 586 1382 magister,
606 1298 702 1379 prouti
720 1294 798 1376 apud
821 1294 918 1354 nullos
937 1315 997 1353 non
1015 1292 1138 1375 populos
1155 1308 1313 1355 occurrunt

87 1402 246 1482 sapientes;
278 1401 328 1461 sed
357 1414 389 1460 ut
415 1390 606 1480 φιλσμσθῆς,
638 1410 671 1456 ut
697 1393 753 1476 τῆς
783 1387 927 1473 ἀληθείας
958 1385 1171 1472 φιλοθεάμων,
1201 1389 1236 1473 3)
1262 1392 1313 1472 qui

87 1498 167 1559 haud
194 1499 278 1558 utilia
305 1501 446 1582 praecipit
475 1514 503 1560 et
531 1499 627 1572 hona,
653 1496 704 1557 sed
731 1516 834 1555 cmm
862 1493 988 1573 exquirit
1016 1494 1157 1574 primum,
1184 1504 1217 1552 nt
1243 1491 1314 1550 inde

88 1597 267 1656 existimetur
292 1594 328 1655 de
356 1612 572 1683 praeceptorum
590 1596 720 1655 bonitate
744 1608 772 1653 et
798 1591 933 1651 utilitate.
975 1591 1074 1670 Itaque
1094 1592 1126 1651 in
1140 1589 1310 1668 philosophi

88 1692 266 1776 exploranda
285 1693 389 1754 indole
413 1709 442 1754 et
469 1709 591 1770 natura,
611 1714 696 1773 quam
718 1689 864 1774 praeclare
882 1688 1034 1769 descripsit
1053 1690 1085 1749 in
1105 1687 1228 1763 Politia,
1250 1698 1312 1748 stu-

88 1791 169 1851 dium
192 1790 269 1851 illud
294 1791 426 1852 discendi
454 1792 573 1872 verique
595 1789 785 1872 cognoscendi
805 1786 930 1847 attendit
949 1788 1081 1847 maxime.
1131 1783 1231 1847 'lhrit'o
1255 1780 1312 1864 petit

89 1883 130 1971 dri
160 1888 221 1949 τῶν
250 1884 423 1971 φιλοσόφων
456 1882 573 1971 φύσεων
601 1887 668 1970 περὶ
700 1878 908 1967 ὡμολογήσθω
933 1876 1026 1965 ἡμῖν,
1053 1877 1100 1946 ὅτι
1124 1878 1313 1971 praemium-dg

88 2013 120 2072 γε
156 1986 202 2051 citi
237 1989 361 2074 ἐρῶσιν,
398 1986 456 2054 ὅσα
492 1986 528 2052 ἄν
561 1985 661 2066 αὐτοῖς
695 1990 785 2072 δηλοῖ
818 1984 927 2068 ἐκεῖνος
962 1984 1017 2067 τῆς
1053 1981 1153 2065 οὖσίας
1182 1989 1239 2072 τῆς
1269 1982 1314 2051 aiei

89 2087 178 2176 οὔσης
194 2093 255 2155 ’καὶ
271 2088 329 2175 pa*
357 2089 549 2176 πλανωμένης
583 2087 644 2154 ahto
679 2086 815 2172 γἰνέσεως
844 2087 893 2150 καὶ
922 2087 1052 2170 φθορᾶς.
1074 2089 1105 2172 l)
1157 2092 1223 2168 Quo
1252 2092 1313 2175 ipse

89 2195 192 2256 ductus
220 2197 283 2256 veri
311 2195 426 2270 studio,
457 2196 623 2256 dialecticas
651 2195 778 2253 instituit
808 2189 875 2272 περὶ
904 2190 959 2252 τοῦ
985 2183 1087 2264 ὄντος,
1116 2194 1151 2250 dc
1178 2213 1210 2251 eo
1237 2188 1314 2271 quod

89 2303 150 2367 cst,
171 2279 397 2373 disputationes,
417 2293 641 2365 accuratissimas
660 2290 727 2349 illas
745 2306 773 2350 et
790 2292 1007 2368 subtilissimas,
1036 2313 1051 2351 e
1069 2290 1175 2372 quibus
1188 2288 1312 2348 maxime

88 2390 282 2487 ra'aphysica
300 2389 416 2450 videtur
435 2404 513 2465 orta,
535 2411 607 2470 quae
625 2388 732 2450 deinde
750 2389 804 2450 hoc
825 2392 942 2451 nomine
961 2405 989 2450 et
1008 2390 1087 2451 dicta
1107 2402 1194 2449 estet
1217 2386 1310 2447 elabo-

89 2501 158 2547 rata.
199 2486 396 2547 Illustrahitur
422 2487 491 2548 haec
519 2491 635 2570 propria
662 2488 789 2549 Platonis
807 2503 834 2548 et
851 2489 1006 2570 singularis
1029 2488 1102 2547 ratio
1121 2487 1156 2546 in
1172 2485 1312 2567 proximis

89 2584 331 2667 disputationibus
360 2586 511 2663 omnihus;
542 2586 592 2646 sed
615 2588 710 2667 patuit
736 2589 796 2664 jam
824 2586 908 2647 nobis
933 2608 968 2645 ex
997 2582 1257 2667 comparationibus
1283 2594 1314 2642 et

87 2684 277 2765 imaginihuS,
298 2683 404 2763 quibus
423 2684 482 2744 vim
502 2683 702 2767 philosophiae
720 2684 889 2744 declaravit.
920 2684 963 2744 Eo
980 2696 1109 2766 spectant
1124 2700 1240 2756 omnes,
1261 2692 1307 2754 ut,

86 2781 244 2863 repudiatis
272 2782 398 2858 umbris,
424 2803 468 2841 res
487 2794 644 2863 spectemus
654 2794 674 2856 ,t
684 2782 869 2862 procedamus
889 2803 904 2840 e
922 2782 1048 2841 tenebris
1066 2783 1099 2840 in
1119 2780 1213 2839 lucem
1233 2778 1311 2840 veri·

85 2880 170 2954 tatis,
190 2880 308 2939 omnino
323 2893 354 2939 ut
369 2901 469 2942 verum
484 2900 682 2959 assequamur:
703 2878 781 2958 quod
795 2878 871 2938 idern
889 2880 1021 2940 sublimis
1036 2880 1135 2954 illius,
1154 2898 1241 2957 quam
1257 2874 1311 2937 de-

84 2977 216 3058 scripsit,
237 2977 410 3037 initiationis
428 2994 568 3037 summum
587 2992 628 3037 est
645 2978 832 3057 propositum.

124 3076 195 3135 Tam
208 3074 264 3134 late
278 3076 371 3156 patuit
381 3074 459 3156 apud
469 3077 601 3156 antiquos
611 3074 734 3135 Graecos
743 3088 771 3133 et
780 3075 894 3134 Latinos
907 3074 1097 3156 philosophia.
1118 3070 1230 3148 Quodsi
1240 3070 1315 3133 inde·

86 3173 252 3253 respicimus
272 3187 366 3232 nostra
386 3187 529 3254 tempora,
551 3174 648 3233 mirari
667 3172 762 3248 subit,
783 3173 833 3253 qul
849 3173 966 3233 taudem
995 3172 1151 3246 acciderit,
1173 3184 1204 3229 ut
1223 3168 1311 3231 hodie

87 3269 277 3329 concludatur
292 3284 350 3330 tam
369 3273 454 3330 arctis
473 3272 611 3332 terminis.
641 3273 729 3350 Cujus
749 3272 790 3331 rei
810 3293 871 3330 non
888 3293 945 3330 una
961 3271 1048 3329 fuisse
1065 3290 1163 3328 caussa
1181 3266 1317 3329 videtur.-

84 3369 155 3428 Nam
170 3369 293 3449 primum
308 3369 340 3426 in
355 3367 500 3428 doctrinas
514 3367 608 3430 divisa
623 3384 664 3429 est
671 3416 679 3444 ,
702 3385 734 3429 ut
748 3384 842 3451 partes
857 3369 912 3450 ipsi
927 3368 1058 3450 propriae
1077 3367 1312 3446 relinquerentur

84 3469 214 3546 exiguae:
237 3480 297 3525 tum
311 3466 371 3546 ipsa
387 3466 534 3527 doctrinae
548 3467 656 3527 finibus
670 3483 697 3527 ct
711 3469 849 3548 angustiis
864 3468 1011 3527 terminari
1025 3466 1128 3548 coepit.
1148 3462 1214 3525 Sed.
1224 3464 1312 3546 prin-

82 3585 147 3645 ceps
166 3585 262 3623 caussa
282 3563 318 3623 ab
335 3566 503 3624 auctoritate
519 3565 674 3646 repetenda
688 3581 728 3624 est
746 3565 894 3646 religionis
913 3564 1095 3624 christianae.
1133 3564 1212 3622 Haec
1233 3562 1311 3623 enim

79 3683 138 3755 quo
155 3662 243 3742 magis
263 3662 389 3723 invaluit
409 3664 440 3722 in
458 3684 559 3744 genere
576 3664 719 3738 humano,
741 3685 773 3724 eo
794 3665 889 3723 minus
907 3663 1025 3742 reliquit
1044 3661 1255 3743 philosophiae.

16 3776 18 3785 ¹
120 3760 233 3851 Religio
249 3760 327 3850 apud
347 3775 455 3821 veteres
482 3783 541 3821 non
569 3760 693 3821 habebat
704 3808 712 3837 ,
743 3784 800 3842 quo
827 3763 955 3843 expleret
976 3760 1129 3820 cultiorum
1156 3760 1311 3820 hominum

88 3912 342 3930 μ-

115 3989 139 4056 1)
157 3993 244 4042 Strom.
263 3988 281 4040 l.
300 3989 324 4040 5.
343 4004 368 4055 p.
386 3976 444 4038 333.
464 3980 506 4036 ttbi
524 3980 607 4048 lntpp.
626 3978 664 4032 Gi.
683 3977 741 4030 373.
760 3987 785 4030 et
808 3978 878 4045 Wyo.
897 3979 929 4030 ad
947 3978 1013 4029 Plut.
1032 3978 1049 4029 l.
1068 3978 1084 4028 l.

113 4074 140 4139 2)
159 4076 230 4146 Orig.
246 4073 365 4126 Philocol.
386 4089 407 4123 c.
428 4069 468 4121 13.

113 4156 445 4229 nmmumn

113 4261 140 4331 ll
156 4264 220 4320 Eod
251 4263 292 4314 Vl.
322 4260 380 4312 485.
411 4258 453 4309 Α.
474 4241 547 4319 (ὅσα
571 4253 707 4305 manifesto
733 4261 888 4320 corruptum
916 4250 955 4303 Ex
979 4250 1100 4304 Themist
1124 4250 1192 4304 xxi.
1207 4250 1268 4305 250.
1293 4235 1310 4303 3

80 4371 223 4423 restitutum
232 4373 271 4417 est
276 4360 458 4430 probantibus
467 4356 549 4409 Godd
566 4356 660 4408 Verum
678 4339 736 4408 ὅσα
752 4372 804 4407 uon
827 4363 924 4407 temera
939 4362 1039 4417 naturu;
1054 4354 1158 4408 videtur
1171 4354 1307 4424 legende·

81 4450 100 4513 ii
122 4443 216 4534 σαφές
236 4472 263 4509 τι
278 4443 366 4507 dv-
386 4443 449 4508 Ed.)
