<?xml version="1.0" encoding="UTF-8"?>
<!DOCTYPE html PUBLIC "-//W3C//DTD XHTML 1.0 Transitional//EN"
    "http://www.w3.org/TR/xhtml1/DTD/xhtml1-transitional.dtd">
<html xmlns="http://www.w3.org/1999/xhtml" xml:lang="en" lang="en">
 <head>
  <title>
</title>
<meta http-equiv="Content-Type" content="text/html;charset=utf-8" />
  <meta name='ocr-system' content='tesseract 3.04.00' />
  <meta name='ocr-capabilities' content='ocr_page ocr_carea ocr_par ocr_line ocrx_word'/>
</head>
<body>
  <div class='ocr_page' id='page_1' title='image "./initiaphilosoph00heusgoog_0133.png"; bbox 0 0 2796 5048; ppageno 0'>
   <div class='ocr_carea' id='block_1_1' title="bbox 644 260 723 319">
    <p class='ocr_par' dir='ltr' id='par_1_1' title="bbox 644 260 723 319">
     <span class='ocr_line' id='line_1_1' title="bbox 644 260 723 319; baseline 0 0"><span class='ocrx_word' id='word_1_1' title='bbox 644 264 647 271; x_wconf 89' lang='lat'>&#39;</span> <span class='ocrx_word' id='word_1_2' title='bbox 683 260 723 319; x_wconf 85' lang='lat'><strong>88</strong></span> 
     </span>
    </p>
   </div>
   <div class='ocr_carea' id='block_1_2' title="bbox 81 411 1342 3376">
    <p class='ocr_par' dir='ltr' id='par_1_2' title="bbox 81 411 1342 3376">
     <span class='ocr_line' id='line_1_2' title="bbox 90 411 1313 507; baseline 0.011 -30"><span class='ocrx_word' id='word_1_3' title='bbox 90 419 131 478; x_wconf 86' lang='lat' dir='ltr'><strong>ait</strong></span> <span class='ocrx_word' id='word_1_4' title='bbox 148 418 246 492; x_wconf 86' lang='lat' dir='ltr'><strong>Plato,</strong></span> <span class='ocrx_word' id='word_1_5' title='bbox 268 413 300 475; x_wconf 76' lang='lat' dir='ltr'><strong>tv</strong></span> <span class='ocrx_word' id='word_1_6' title='bbox 325 416 455 501; x_wconf 62' lang='grc' dir='ltr'><strong>μουσικῇ</strong></span> <span class='ocrx_word' id='word_1_7' title='bbox 479 412 593 499; x_wconf 66' lang='grc' dir='ltr'><em>τροφή,</em></span> <span class='ocrx_word' id='word_1_8' title='bbox 621 411 669 480; x_wconf 78' lang='grc' dir='ltr'><strong>ὅτι</strong></span> <span class='ocrx_word' id='word_1_9' title='bbox 695 416 823 506; x_wconf 83' lang='grc' dir='ltr'><strong>μάλιστα</strong></span> <span class='ocrx_word' id='word_1_10' title='bbox 843 416 1016 482; x_wconf 74' lang='grc' dir='ltr'><em>καταδύεται</em></span> <span class='ocrx_word' id='word_1_11' title='bbox 1038 420 1077 494; x_wconf 84' lang='grc' dir='ltr'><strong>εἰς</strong></span> <span class='ocrx_word' id='word_1_12' title='bbox 1098 417 1136 482; x_wconf 79' lang='lat' dir='ltr'><strong>mi</strong></span> <span class='ocrx_word' id='word_1_13' title='bbox 1158 420 1246 500; x_wconf 74' lang='grc' dir='ltr'><strong>ἐντός</strong></span> <span class='ocrx_word' id='word_1_14' title='bbox 1265 450 1313 507; x_wconf 71' lang='lat' dir='ltr'><strong>cqc</strong></span> 
     </span>
     <span class='ocr_line' id='line_1_3' title="bbox 85 509 1311 610; baseline 0.011 -33"><span class='ocrx_word' id='word_1_15' title='bbox 85 515 190 598; x_wconf 78' lang='grc' dir='ltr'><strong><em>ψυχῆς</em></strong></span> <span class='ocrx_word' id='word_1_16' title='bbox 221 509 241 578; x_wconf 79' lang='lat' dir='ltr'><strong>‹i’</strong></span> <span class='ocrx_word' id='word_1_17' title='bbox 265 540 295 578; x_wconf 89' lang='grc' dir='ltr'><strong>τε</strong></span> <span class='ocrx_word' id='word_1_18' title='bbox 323 513 445 602; x_wconf 74' lang='grc' dir='ltr'><em>ῥοθμύς</em></span> <span class='ocrx_word' id='word_1_19' title='bbox 468 517 517 579; x_wconf 75' lang='grc' dir='ltr'><strong>καί</strong></span> <span class='ocrx_word' id='word_1_20' title='bbox 549 513 695 598; x_wconf 76' lang='grc' dir='ltr'><strong>ἁρμονία,</strong></span> <span class='ocrx_word' id='word_1_21' title='bbox 722 521 770 583; x_wconf 79' lang='grc' dir='ltr'><strong>καὶ</strong></span> <span class='ocrx_word' id='word_1_22' title='bbox 795 518 1034 605; x_wconf 78' lang='grc' dir='ltr'><em>ἐρρωμενέστατα</em></span> <span class='ocrx_word' id='word_1_23' title='bbox 1060 517 1183 587; x_wconf 78' lang='grc' dir='ltr'><strong>ἅπτεται</strong></span> <span class='ocrx_word' id='word_1_24' title='bbox 1209 524 1311 610; x_wconf 73' lang='grc' dir='ltr'><em>αὐτῆς,</em></span> 
     </span>
     <span class='ocr_line' id='line_1_4' title="bbox 89 603 1311 708; baseline 0.008 -28"><span class='ocrx_word' id='word_1_25' title='bbox 89 613 218 701; x_wconf 67' lang='grc' dir='ltr'><strong>φέροντα</strong></span> <span class='ocrx_word' id='word_1_26' title='bbox 242 613 297 702; x_wconf 69' lang='grc' dir='ltr'><strong>τήν</strong></span> <span class='ocrx_word' id='word_1_27' title='bbox 317 615 549 702; x_wconf 63' lang='grc' dir='ltr'><strong><em>εὐσχημοσύνην.</em></strong></span> <span class='ocrx_word' id='word_1_28' title='bbox 567 603 572 613; x_wconf 42' lang='lat'>¹</span> <span class='ocrx_word' id='word_1_29' title='bbox 593 626 757 683; x_wconf 81' lang='lat' dir='ltr'><strong>Primuric</strong></span> <span class='ocrx_word' id='word_1_30' title='bbox 783 636 846 700; x_wconf 78' lang='lat' dir='ltr'><strong>ert,</strong></span> <span class='ocrx_word' id='word_1_31' title='bbox 866 646 943 704; x_wconf 80' lang='lat' dir='ltr'><strong>qaue</strong></span> <span class='ocrx_word' id='word_1_32' title='bbox 957 648 1016 703; x_wconf 82' lang='lat' dir='ltr'><strong>per</strong></span> <span class='ocrx_word' id='word_1_33' title='bbox 1036 635 1187 687; x_wconf 78' lang='lat' dir='ltr'><strong>musicam</strong></span> <span class='ocrx_word' id='word_1_34' title='bbox 1214 652 1311 708; x_wconf 78' lang='lat' dir='ltr'><strong>prece·</strong></span> 
     </span>
     <span class='ocr_line' id='line_1_5' title="bbox 89 724 1310 803; baseline 0.006 -23"><span class='ocrx_word' id='word_1_35' title='bbox 89 725 154 796; x_wconf 76' lang='lat' dir='ltr'><strong>dtr,</strong></span> <span class='ocrx_word' id='word_1_36' title='bbox 175 724 330 783; x_wconf 74' lang='lat' dir='ltr'><em>educatio:</em></span> <span class='ocrx_word' id='word_1_37' title='bbox 352 746 423 781; x_wconf 85' lang='grc' dir='ltr'><strong>ποια</strong></span> <span class='ocrx_word' id='word_1_38' title='bbox 446 732 479 782; x_wconf 82' lang='lat' dir='ltr'><strong>in</strong></span> <span class='ocrx_word' id='word_1_39' title='bbox 507 733 653 782; x_wconf 77' lang='lat' dir='ltr'><strong>intimum</strong></span> <span class='ocrx_word' id='word_1_40' title='bbox 679 731 816 781; x_wconf 72' lang='lat' dir='ltr'><strong>citimum</strong></span> <span class='ocrx_word' id='word_1_41' title='bbox 837 734 1002 800; x_wconf 82' lang='lat' dir='ltr'><strong>penetrant</strong></span> <span class='ocrx_word' id='word_1_42' title='bbox 1019 727 1185 803; x_wconf 77' lang='lat' dir='ltr'><strong>rhythmus</strong></span> <span class='ocrx_word' id='word_1_43' title='bbox 1201 740 1231 787; x_wconf 86' lang='lat' dir='ltr'><strong>et</strong></span> <span class='ocrx_word' id='word_1_44' title='bbox 1248 731 1310 788; x_wconf 72' lang='lat' dir='ltr'><strong>hur·</strong></span> 
     </span>
     <span class='ocr_line' id='line_1_6' title="bbox 89 824 1310 902; baseline 0.006 -23"><span class='ocrx_word' id='word_1_45' title='bbox 89 829 206 895; x_wconf 79' lang='lat' dir='ltr'><strong>amnia,</strong></span> <span class='ocrx_word' id='word_1_46' title='bbox 238 824 547 900; x_wconf 71' lang='lat' dir='ltr'><em>vehementissimeque</em></span> <span class='ocrx_word' id='word_1_47' title='bbox 583 845 650 880; x_wconf 86' lang='lat' dir='ltr'><strong>eum</strong></span> <span class='ocrx_word' id='word_1_48' title='bbox 683 832 833 902; x_wconf 84' lang='lat' dir='ltr'><strong>tangunt,</strong></span> <span class='ocrx_word' id='word_1_49' title='bbox 864 825 1001 882; x_wconf 80' lang='lat' dir='ltr'><strong>decorum</strong></span> <span class='ocrx_word' id='word_1_50' title='bbox 1030 824 1195 902; x_wconf 70' lang='lat' dir='ltr'><strong>efficiemm</strong></span> <span class='ocrx_word' id='word_1_51' title='bbox 1222 835 1310 886; x_wconf 73' lang='lat' dir='ltr'><strong>animi</strong></span> 
     </span>
     <span class='ocr_line' id='line_1_7' title="bbox 89 919 1307 1000; baseline 0.007 -24"><span class='ocrx_word' id='word_1_52' title='bbox 89 920 233 980; x_wconf 81' lang='lat' dir='ltr'><strong>habitum.</strong></span> <span class='ocrx_word' id='word_1_53' title='bbox 255 919 284 999; x_wconf 94' lang='lat' dir='ltr'><strong>l)</strong></span> <span class='ocrx_word' id='word_1_54' title='bbox 312 921 347 978; x_wconf 92' lang='lat' dir='ltr'><strong>In</strong></span> <span class='ocrx_word' id='word_1_55' title='bbox 377 921 483 999; x_wconf 90' lang='lat' dir='ltr'><strong>quihus</strong></span> <span class='ocrx_word' id='word_1_56' title='bbox 512 923 649 980; x_wconf 80' lang='lat' dir='ltr'><strong>musicam</strong></span> <span class='ocrx_word' id='word_1_57' title='bbox 678 920 817 999; x_wconf 87' lang='lat' dir='ltr'><strong>intelligit</strong></span> <span class='ocrx_word' id='word_1_58' title='bbox 846 942 910 978; x_wconf 90' lang='lat' dir='ltr'><strong>cum</strong></span> <span class='ocrx_word' id='word_1_59' title='bbox 937 921 1087 980; x_wconf 78' lang='lat' dir='ltr'><strong>saltatione</strong></span> <span class='ocrx_word' id='word_1_60' title='bbox 1112 925 1307 1000; x_wconf 80' lang='lat' dir='ltr'><strong>cunjunctam,</strong></span> 
     </span>
     <span class='ocr_line' id='line_1_8' title="bbox 89 1017 1305 1098; baseline 0.005 -23"><span class='ocrx_word' id='word_1_61' title='bbox 89 1019 184 1098; x_wconf 81' lang='lat' dir='ltr'><strong>prouti</strong></span> <span class='ocrx_word' id='word_1_62' title='bbox 204 1020 234 1076; x_wconf 90' lang='lat' dir='ltr'><strong>in</strong></span> <span class='ocrx_word' id='word_1_63' title='bbox 253 1018 349 1076; x_wconf 87' lang='lat' dir='ltr'><strong>choris</strong></span> <span class='ocrx_word' id='word_1_64' title='bbox 364 1017 522 1077; x_wconf 87' lang='lat' dir='ltr'><strong>obtinebat.</strong></span> <span class='ocrx_word' id='word_1_65' title='bbox 554 1017 673 1077; x_wconf 87' lang='lat' dir='ltr'><strong>Saltatio</strong></span> <span class='ocrx_word' id='word_1_66' title='bbox 692 1019 783 1091; x_wconf 90' lang='lat' dir='ltr'><strong>enim,</strong></span> <span class='ocrx_word' id='word_1_67' title='bbox 805 1019 944 1096; x_wconf 86' lang='lat' dir='ltr'><strong>siquidem</strong></span> <span class='ocrx_word' id='word_1_68' title='bbox 963 1034 1038 1078; x_wconf 90' lang='lat' dir='ltr'><strong>recte</strong></span> <span class='ocrx_word' id='word_1_69' title='bbox 1056 1021 1241 1097; x_wconf 87' lang='lat' dir='ltr'><strong>instituitur,</strong></span> <span class='ocrx_word' id='word_1_70' title='bbox 1259 1044 1305 1082; x_wconf 88' lang='lat' dir='ltr'><strong>um</strong></span> 
     </span>
     <span class='ocr_line' id='line_1_9' title="bbox 88 1101 1342 1197; baseline 0.005 -24"><span class='ocrx_word' id='word_1_71' title='bbox 88 1136 153 1174; x_wconf 86' lang='lat' dir='ltr'><strong>cum</strong></span> <span class='ocrx_word' id='word_1_72' title='bbox 181 1119 306 1197; x_wconf 85' lang='lat' dir='ltr'><strong>corporis</strong></span> <span class='ocrx_word' id='word_1_73' title='bbox 330 1115 431 1173; x_wconf 87' lang='lat' dir='ltr'><strong>habitu</strong></span> <span class='ocrx_word' id='word_1_74' title='bbox 452 1129 479 1173; x_wconf 89' lang='lat' dir='ltr'><strong>et</strong></span> <span class='ocrx_word' id='word_1_75' title='bbox 503 1117 630 1175; x_wconf 89' lang='lat' dir='ltr'><strong>motibus</strong></span> <span class='ocrx_word' id='word_1_76' title='bbox 651 1119 778 1175; x_wconf 88' lang='lat' dir='ltr'><strong>animum</strong></span> <span class='ocrx_word' id='word_1_77' title='bbox 798 1119 883 1174; x_wconf 90' lang='lat' dir='ltr'><strong>etiam</strong></span> <span class='ocrx_word' id='word_1_78' title='bbox 905 1115 942 1175; x_wconf 85' lang='lat' dir='ltr'><strong>ad</strong></span> <span class='ocrx_word' id='word_1_79' title='bbox 962 1117 1093 1177; x_wconf 80' lang='lat' dir='ltr'><strong>decorem</strong></span> <span class='ocrx_word' id='word_1_80' title='bbox 1111 1137 1145 1176; x_wconf 88' lang='lat' dir='ltr'><strong>ac</strong></span> <span class='ocrx_word' id='word_1_81' title='bbox 1165 1101 1304 1179; x_wconf 82' lang='lat' dir='ltr'><strong>concirini·</strong></span> <span class='ocrx_word' id='word_1_82' title='bbox 1340 1180 1342 1197; x_wconf 29' lang='grc' dir='ltr'><strong><em>ἦ</em></strong></span> 
     </span>
     <span class='ocr_line' id='line_1_10' title="bbox 89 1194 1303 1324; baseline 0.005 -53"><span class='ocrx_word' id='word_1_83' title='bbox 89 1226 192 1289; x_wconf 89' lang='lat' dir='ltr'><strong>tatem,</strong></span> <span class='ocrx_word' id='word_1_84' title='bbox 222 1215 260 1274; x_wconf 96' lang='lat' dir='ltr'><strong>ad</strong></span> <span class='ocrx_word' id='word_1_85' title='bbox 287 1194 513 1293; x_wconf 70' lang='grc' dir='ltr'><strong>εὐσχημοσύνην</strong></span> <span class='ocrx_word' id='word_1_86' title='bbox 540 1217 705 1296; x_wconf 84' lang='lat' dir='ltr'><strong>componit,</strong></span> <span class='ocrx_word' id='word_1_87' title='bbox 735 1214 978 1324; x_wconf 79' lang='lat' dir='ltr'><strong>hominemque</strong></span> <span class='ocrx_word' id='word_1_88' title='bbox 957 1236 997 1274; x_wconf 84' lang='lat' dir='ltr'><strong>sic</strong></span> <span class='ocrx_word' id='word_1_89' title='bbox 1021 1215 1110 1276; x_wconf 88' lang='lat' dir='ltr'><strong>efficit</strong></span> <span class='ocrx_word' id='word_1_90' title='bbox 1135 1209 1303 1296; x_wconf 77' lang='grc' dir='ltr'><em>εὐσχήμονα</em></span> 
     </span>
     <span class='ocr_line' id='line_1_11' title="bbox 88 1261 1301 1397; baseline 0.008 -29"><span class='ocrx_word' id='word_1_91' title='bbox 88 1261 192 1385; x_wconf 72' lang='lat' dir='ltr'><strong>Quid?²</strong></span> <span class='ocrx_word' id='word_1_92' title='bbox 220 1315 298 1392; x_wconf 89' lang='lat' dir='ltr'><strong>quod</strong></span> <span class='ocrx_word' id='word_1_93' title='bbox 327 1335 425 1372; x_wconf 92' lang='lat' dir='ltr'><strong>sensus</strong></span> <span class='ocrx_word' id='word_1_94' title='bbox 449 1313 573 1374; x_wconf 88' lang='lat' dir='ltr'><strong>decori</strong></span> <span class='ocrx_word' id='word_1_95' title='bbox 566 1337 598 1372; x_wconf 88' lang='grc' dir='ltr'><strong>ιιι</strong></span> <span class='ocrx_word' id='word_1_96' title='bbox 616 1333 769 1394; x_wconf 88' lang='lat' dir='ltr'><strong>puerorum</strong></span> <span class='ocrx_word' id='word_1_97' title='bbox 788 1313 892 1371; x_wconf 87' lang='lat' dir='ltr'><strong>animis</strong></span> <span class='ocrx_word' id='word_1_98' title='bbox 909 1314 949 1371; x_wconf 88' lang='lat' dir='ltr'><strong>ita</strong></span> <span class='ocrx_word' id='word_1_99' title='bbox 967 1315 1081 1373; x_wconf 88' lang='lat' dir='ltr'><strong>acuitur</strong></span> <span class='ocrx_word' id='word_1_100' title='bbox 1090 1332 1171 1392; x_wconf 91' lang='lat' dir='ltr'><strong>,ut,</strong></span> <span class='ocrx_word' id='word_1_101' title='bbox 1193 1318 1284 1397; x_wconf 91' lang='lat' dir='ltr'><strong>quid</strong></span> <span class='ocrx_word' id='word_1_102' title='bbox 1277 1341 1301 1377; x_wconf 83' lang='grc' dir='ltr'><strong>ιι</strong></span> 
     </span>
     <span class='ocr_line' id='line_1_12' title="bbox 86 1409 1300 1499; baseline 0.008 -33"><span class='ocrx_word' id='word_1_103' title='bbox 86 1429 198 1488; x_wconf 87' lang='lat' dir='ltr'><strong>quaque</strong></span> <span class='ocrx_word' id='word_1_104' title='bbox 217 1433 246 1470; x_wconf 90' lang='lat' dir='ltr'><strong>re</strong></span> <span class='ocrx_word' id='word_1_105' title='bbox 265 1414 302 1470; x_wconf 90' lang='lat' dir='ltr'><strong>sit</strong></span> <span class='ocrx_word' id='word_1_106' title='bbox 322 1411 475 1484; x_wconf 86' lang='lat' dir='ltr'><strong>decorum,</strong></span> <span class='ocrx_word' id='word_1_107' title='bbox 497 1412 569 1491; x_wconf 90' lang='lat' dir='ltr'><strong>quid</strong></span> <span class='ocrx_word' id='word_1_108' title='bbox 589 1425 687 1491; x_wconf 87' lang='lat' dir='ltr'><strong>turpe,</strong></span> <span class='ocrx_word' id='word_1_109' title='bbox 708 1409 941 1471; x_wconf 76' lang='lat' dir='ltr'><strong>animadvertant</strong></span> <span class='ocrx_word' id='word_1_110' title='bbox 959 1413 1112 1472; x_wconf 85' lang='lat' dir='ltr'><strong>continue:</strong></span> <span class='ocrx_word' id='word_1_111' title='bbox 1134 1414 1213 1476; x_wconf 91' lang='lat' dir='ltr'><strong>illud</strong></span> <span class='ocrx_word' id='word_1_112' title='bbox 1231 1436 1300 1499; x_wconf 76' lang='lat' dir='ltr'><strong>expe</strong></span> 
     </span>
     <span class='ocr_line' id='line_1_13' title="bbox 86 1507 1300 1589; baseline 0.011 -27"><span class='ocrx_word' id='word_1_113' title='bbox 86 1519 150 1564; x_wconf 88' lang='lat' dir='ltr'><strong>tant</strong></span> <span class='ocrx_word' id='word_1_114' title='bbox 177 1521 205 1566; x_wconf 87' lang='lat' dir='ltr'><strong>et</strong></span> <span class='ocrx_word' id='word_1_115' title='bbox 231 1522 344 1584; x_wconf 90' lang='lat' dir='ltr'><strong>ament,</strong></span> <span class='ocrx_word' id='word_1_116' title='bbox 365 1508 418 1568; x_wconf 91' lang='lat' dir='ltr'><strong>hoc</strong></span> <span class='ocrx_word' id='word_1_117' title='bbox 448 1523 615 1569; x_wconf 85' lang='lat' dir='ltr'><strong>aversentur</strong></span> <span class='ocrx_word' id='word_1_118' title='bbox 642 1525 670 1568; x_wconf 90' lang='lat' dir='ltr'><strong>et</strong></span> <span class='ocrx_word' id='word_1_119' title='bbox 694 1509 814 1588; x_wconf 82' lang='lat' dir='ltr'><strong>fugiant.</strong></span> <span class='ocrx_word' id='word_1_120' title='bbox 845 1507 956 1567; x_wconf 87' lang='lat' dir='ltr'><strong>Similis</strong></span> <span class='ocrx_word' id='word_1_121' title='bbox 974 1523 1015 1568; x_wconf 92' lang='lat' dir='ltr'><strong>est</strong></span> <span class='ocrx_word' id='word_1_122' title='bbox 1032 1511 1242 1589; x_wconf 86' lang='lat' dir='ltr'><strong>quodammodo</strong></span> <span class='ocrx_word' id='word_1_123' title='bbox 1258 1515 1300 1574; x_wconf 88' lang='lat' dir='ltr'><strong>hc-</strong></span> 
     </span>
     <span class='ocr_line' id='line_1_14' title="bbox 88 1606 1299 1692; baseline 0.007 -30"><span class='ocrx_word' id='word_1_124' title='bbox 88 1606 205 1663; x_wconf 87' lang='lat' dir='ltr'><strong>nestatis</strong></span> <span class='ocrx_word' id='word_1_125' title='bbox 232 1621 259 1665; x_wconf 91' lang='lat' dir='ltr'><strong>et</strong></span> <span class='ocrx_word' id='word_1_126' title='bbox 288 1607 442 1668; x_wconf 84' lang='lat' dir='ltr'><strong>literarum</strong></span> <span class='ocrx_word' id='word_1_127' title='bbox 464 1607 630 1687; x_wconf 87' lang='lat' dir='ltr'><strong>disciplina.</strong></span> <span class='ocrx_word' id='word_1_128' title='bbox 662 1608 770 1666; x_wconf 86' lang='lat' dir='ltr'><strong>Literas</strong></span> <span class='ocrx_word' id='word_1_129' title='bbox 795 1627 877 1665; x_wconf 90' lang='lat' dir='ltr'><strong>nemo</strong></span> <span class='ocrx_word' id='word_1_130' title='bbox 903 1607 978 1666; x_wconf 90' lang='lat' dir='ltr'><strong>bene</strong></span> <span class='ocrx_word' id='word_1_131' title='bbox 1002 1608 1139 1669; x_wconf 86' lang='lat' dir='ltr'><strong>didicerit</strong></span> <span class='ocrx_word' id='word_1_132' title='bbox 1160 1633 1299 1692; x_wconf 85' lang='lat' dir='ltr'><strong>earumque</strong></span> 
     </span>
     <span class='ocr_line' id='line_1_15' title="bbox 88 1697 1299 1790; baseline 0.008 -32"><span class='ocrx_word' id='word_1_133' title='bbox 88 1701 142 1760; x_wconf 85' lang='lat' dir='ltr'><strong>erit</strong></span> <span class='ocrx_word' id='word_1_134' title='bbox 161 1704 289 1782; x_wconf 87' lang='lat' dir='ltr'><strong>peritus,</strong></span> <span class='ocrx_word' id='word_1_135' title='bbox 310 1697 559 1785; x_wconf 70' lang='lat' dir='ltr'><strong>etypuuuururdg</strong></span> <span class='ocrx_word' id='word_1_136' title='bbox 579 1707 748 1779; x_wconf 84' lang='lat' dir='ltr'><strong>vocabitur,</strong></span> <span class='ocrx_word' id='word_1_137' title='bbox 768 1705 841 1783; x_wconf 89' lang='lat' dir='ltr'><strong>quin</strong></span> <span class='ocrx_word' id='word_1_138' title='bbox 867 1705 994 1784; x_wconf 86' lang='lat' dir='ltr'><strong>singulas</strong></span> <span class='ocrx_word' id='word_1_139' title='bbox 1019 1708 1159 1767; x_wconf 88' lang='lat' dir='ltr'><strong>continuo</strong></span> <span class='ocrx_word' id='word_1_140' title='bbox 1180 1723 1299 1790; x_wconf 82' lang='lat' dir='ltr'><strong>agnoscet</strong></span> 
     </span>
     <span class='ocr_line' id='line_1_16' title="bbox 87 1803 1299 1885; baseline 0.009 -29"><span class='ocrx_word' id='word_1_141' title='bbox 87 1820 257 1879; x_wconf 89' lang='lat' dir='ltr'><strong>quocunque</strong></span> <span class='ocrx_word' id='word_1_142' title='bbox 285 1820 437 1865; x_wconf 88' lang='lat' dir='ltr'><strong>occurrant</strong></span> <span class='ocrx_word' id='word_1_143' title='bbox 461 1807 544 1880; x_wconf 90' lang='lat' dir='ltr'><strong>loco,</strong></span> <span class='ocrx_word' id='word_1_144' title='bbox 575 1824 639 1863; x_wconf 85' lang='lat' dir='ltr'><strong>curn</strong></span> <span class='ocrx_word' id='word_1_145' title='bbox 666 1804 760 1884; x_wconf 88' lang='lat' dir='ltr'><strong>ipsas,</strong></span> <span class='ocrx_word' id='word_1_146' title='bbox 789 1816 850 1860; x_wconf 88' lang='lat' dir='ltr'><strong>tum</strong></span> <span class='ocrx_word' id='word_1_147' title='bbox 876 1803 962 1860; x_wconf 88' lang='lat' dir='ltr'><strong>etiam</strong></span> <span class='ocrx_word' id='word_1_148' title='bbox 991 1824 1088 1862; x_wconf 89' lang='lat' dir='ltr'><strong>earum</strong></span> <span class='ocrx_word' id='word_1_149' title='bbox 1116 1806 1150 1864; x_wconf 90' lang='lat' dir='ltr'><strong>in</strong></span> <span class='ocrx_word' id='word_1_150' title='bbox 1176 1809 1299 1885; x_wconf 85' lang='lat' dir='ltr'><strong>aquiset</strong></span> 
     </span>
     <span class='ocr_line' id='line_1_17' title="bbox 87 1897 1299 1983; baseline 0.008 -29"><span class='ocrx_word' id='word_1_151' title='bbox 87 1897 211 1977; x_wconf 87' lang='lat' dir='ltr'><strong>speculis</strong></span> <span class='ocrx_word' id='word_1_152' title='bbox 230 1900 387 1981; x_wconf 80' lang='lat' dir='ltr'><strong>imagines,</strong></span> <span class='ocrx_word' id='word_1_153' title='bbox 408 1925 501 1983; x_wconf 90' lang='lat' dir='ltr'><strong>neque</strong></span> <span class='ocrx_word' id='word_1_154' title='bbox 520 1903 673 1977; x_wconf 87' lang='lat' dir='ltr'><strong>ullassive</strong></span> <span class='ocrx_word' id='word_1_155' title='bbox 687 1922 802 1980; x_wconf 86' lang='lat' dir='ltr'><strong>magnas</strong></span> <span class='ocrx_word' id='word_1_156' title='bbox 819 1901 879 1959; x_wconf 79' lang='lat' dir='ltr'><strong>sive</strong></span> <span class='ocrx_word' id='word_1_157' title='bbox 893 1921 997 1979; x_wconf 85' lang='lat' dir='ltr'><strong>parvas</strong></span> <span class='ocrx_word' id='word_1_158' title='bbox 1014 1901 1184 1980; x_wconf 81' lang='lat' dir='ltr'><strong>neglexerit.</strong></span> <span class='ocrx_word' id='word_1_159' title='bbox 1206 1907 1299 1964; x_wconf 83' lang='lat' dir='ltr'><strong>Pariter</strong></span> 
     </span>
     <span class='ocr_line' id='line_1_18' title="bbox 87 1995 1298 2084; baseline 0.007 -32"><span class='ocrx_word' id='word_1_160' title='bbox 87 1995 111 2053; x_wconf 91' lang='lat' dir='ltr'><strong>is</strong></span> <span class='ocrx_word' id='word_1_161' title='bbox 129 1995 243 2058; x_wconf 86' lang='lat' dir='ltr'><strong>demum</strong></span> <span class='ocrx_word' id='word_1_162' title='bbox 261 1996 402 2077; x_wconf 85' lang='grc' dir='ltr'><em>μουσικύς</em></span> <span class='ocrx_word' id='word_1_163' title='bbox 428 2002 488 2062; x_wconf 91' lang='lat' dir='ltr'><strong>dici</strong></span> <span class='ocrx_word' id='word_1_164' title='bbox 507 2016 617 2084; x_wconf 87' lang='lat' dir='ltr'><strong>potest,</strong></span> <span class='ocrx_word' id='word_1_165' title='bbox 638 2002 688 2079; x_wconf 91' lang='lat' dir='ltr'><strong>qui</strong></span> <span class='ocrx_word' id='word_1_166' title='bbox 707 1999 807 2080; x_wconf 85' lang='lat' dir='ltr'><strong>pulcra</strong></span> <span class='ocrx_word' id='word_1_167' title='bbox 817 2045 826 2073; x_wconf 91' lang='lat'><strong>,</strong></span> <span class='ocrx_word' id='word_1_168' title='bbox 846 1997 949 2064; x_wconf 86' lang='lat' dir='ltr'><strong>decora</strong></span> <span class='ocrx_word' id='word_1_169' title='bbox 959 2043 968 2073; x_wconf 91' lang='lat'><strong>,</strong></span> <span class='ocrx_word' id='word_1_170' title='bbox 989 1999 1124 2074; x_wconf 90' lang='lat' dir='ltr'><strong>honesta,</strong></span> <span class='ocrx_word' id='word_1_171' title='bbox 1146 2001 1298 2082; x_wconf 84' lang='lat' dir='ltr'><strong>ubicunque</strong></span> 
     </span>
     <span class='ocr_line' id='line_1_19' title="bbox 87 2094 1298 2184; baseline 0.007 -33"><span class='ocrx_word' id='word_1_172' title='bbox 87 2094 209 2173; x_wconf 85' lang='lat' dir='ltr'><strong>adsunt,</strong></span> <span class='ocrx_word' id='word_1_173' title='bbox 248 2103 392 2184; x_wconf 84' lang='lat' dir='ltr'><strong>extemplo</strong></span> <span class='ocrx_word' id='word_1_174' title='bbox 427 2100 657 2171; x_wconf 76' lang='lat' dir='ltr'><strong>animadvertat,</strong></span> <span class='ocrx_word' id='word_1_175' title='bbox 686 2113 745 2156; x_wconf 89' lang='lat' dir='ltr'><strong>tam</strong></span> <span class='ocrx_word' id='word_1_176' title='bbox 772 2098 852 2176; x_wconf 90' lang='lat' dir='ltr'><strong>ipsa,</strong></span> <span class='ocrx_word' id='word_1_177' title='bbox 882 2117 977 2180; x_wconf 86' lang='lat' dir='ltr'><strong>quam¹</strong></span> <span class='ocrx_word' id='word_1_178' title='bbox 995 2118 1092 2155; x_wconf 88' lang='lat' dir='ltr'><strong>eorum</strong></span> <span class='ocrx_word' id='word_1_179' title='bbox 1120 2099 1153 2158; x_wconf 92' lang='lat' dir='ltr'><strong>in</strong></span> <span class='ocrx_word' id='word_1_180' title='bbox 1180 2101 1298 2160; x_wconf 84' lang='lat' dir='ltr'><strong>omnibu</strong></span> 
     </span>
     <span class='ocr_line' id='line_1_20' title="bbox 87 2192 1298 2278; baseline 0.004 -29"><span class='ocrx_word' id='word_1_181' title='bbox 87 2192 196 2254; x_wconf 84' lang='lat' dir='ltr'><strong>artibus</strong></span> <span class='ocrx_word' id='word_1_182' title='bbox 224 2200 384 2260; x_wconf 87' lang='lat' dir='ltr'><strong>simulacra.</strong></span> <span class='ocrx_word' id='word_1_183' title='bbox 425 2199 500 2258; x_wconf 87' lang='lat' dir='ltr'><strong>Sunt</strong></span> <span class='ocrx_word' id='word_1_184' title='bbox 528 2197 598 2255; x_wconf 86' lang='lat' dir='ltr'><strong>heec</strong></span> <span class='ocrx_word' id='word_1_185' title='bbox 624 2196 764 2253; x_wconf 88' lang='lat' dir='ltr'><strong>elementa</strong></span> <span class='ocrx_word' id='word_1_186' title='bbox 790 2195 924 2269; x_wconf 80' lang='lat' dir='ltr'><strong>virtutis,</strong></span> <span class='ocrx_word' id='word_1_187' title='bbox 945 2208 977 2254; x_wconf 90' lang='lat' dir='ltr'><strong>ut</strong></span> <span class='ocrx_word' id='word_1_188' title='bbox 996 2195 1058 2254; x_wconf 92' lang='lat' dir='ltr'><strong>illic</strong></span> <span class='ocrx_word' id='word_1_189' title='bbox 1077 2196 1178 2255; x_wconf 85' lang='lat' dir='ltr'><strong>literae</strong></span> <span class='ocrx_word' id='word_1_190' title='bbox 1197 2198 1298 2278; x_wconf 81' lang='lat' dir='ltr'><strong>linguae</strong></span> 
     </span>
     <span class='ocr_line' id='line_1_21' title="bbox 86 2282 1298 2378; baseline 0.006 -32"><span class='ocrx_word' id='word_1_191' title='bbox 86 2304 153 2349; x_wconf 88' lang='lat' dir='ltr'><strong>sunt</strong></span> <span class='ocrx_word' id='word_1_192' title='bbox 181 2307 209 2352; x_wconf 90' lang='lat' dir='ltr'><strong>et</strong></span> <span class='ocrx_word' id='word_1_193' title='bbox 234 2282 390 2377; x_wconf 84' lang='lat' dir='ltr'><strong>scripturae</strong></span> <span class='ocrx_word' id='word_1_194' title='bbox 418 2297 568 2354; x_wconf 87' lang='lat' dir='ltr'><strong>elementa.</strong></span> <span class='ocrx_word' id='word_1_195' title='bbox 585 2291 616 2373; x_wconf 85' lang='lat'><strong>2)</strong></span> <span class='ocrx_word' id='word_1_196' title='bbox 651 2294 728 2351; x_wconf 88' lang='lat' dir='ltr'><strong>Haec</strong></span> <span class='ocrx_word' id='word_1_197' title='bbox 755 2306 849 2351; x_wconf 90' lang='lat' dir='ltr'><strong>autem</strong></span> <span class='ocrx_word' id='word_1_198' title='bbox 879 2291 990 2351; x_wconf 87' lang='lat' dir='ltr'><strong>efficere</strong></span> <span class='ocrx_word' id='word_1_199' title='bbox 1015 2315 1067 2352; x_wconf 91' lang='lat' dir='ltr'><strong>nec</strong></span> <span class='ocrx_word' id='word_1_200' title='bbox 1088 2292 1203 2355; x_wconf 82' lang='lat' dir='ltr'><strong>saltatio</strong></span> <span class='ocrx_word' id='word_1_201' title='bbox 1222 2308 1298 2378; x_wconf 85' lang='lat' dir='ltr'><strong>potest</strong></span> 
     </span>
     <span class='ocr_line' id='line_1_22' title="bbox 86 2387 1298 2474; baseline 0.005 -30"><span class='ocrx_word' id='word_1_202' title='bbox 86 2387 158 2462; x_wconf 89' lang='lat' dir='ltr'><strong>sola,</strong></span> <span class='ocrx_word' id='word_1_203' title='bbox 179 2411 231 2450; x_wconf 92' lang='lat' dir='ltr'><strong>nec</strong></span> <span class='ocrx_word' id='word_1_204' title='bbox 247 2395 354 2452; x_wconf 88' lang='lat' dir='ltr'><strong>musica</strong></span> <span class='ocrx_word' id='word_1_205' title='bbox 373 2399 422 2453; x_wconf 84' lang='lat' dir='ltr'><strong>aut</strong></span> <span class='ocrx_word' id='word_1_206' title='bbox 441 2393 547 2474; x_wconf 77' lang='lat' dir='ltr'><strong>poesis,</strong></span> <span class='ocrx_word' id='word_1_207' title='bbox 570 2391 620 2450; x_wconf 87' lang='lat' dir='ltr'><strong>sed</strong></span> <span class='ocrx_word' id='word_1_208' title='bbox 638 2390 742 2450; x_wconf 88' lang='lat' dir='ltr'><strong>chorus</strong></span> <span class='ocrx_word' id='word_1_209' title='bbox 760 2388 867 2464; x_wconf 89' lang='lat' dir='ltr'><strong>efficit,</strong></span> <span class='ocrx_word' id='word_1_210' title='bbox 889 2391 921 2448; x_wconf 89' lang='lat' dir='ltr'><strong>in</strong></span> <span class='ocrx_word' id='word_1_211' title='bbox 941 2412 997 2468; x_wconf 89' lang='lat' dir='ltr'><strong>quo</strong></span> <span class='ocrx_word' id='word_1_212' title='bbox 1016 2393 1146 2471; x_wconf 78' lang='lat' dir='ltr'><strong>singulae</strong></span> <span class='ocrx_word' id='word_1_213' title='bbox 1165 2392 1221 2452; x_wconf 88' lang='lat' dir='ltr'><strong>hae</strong></span> <span class='ocrx_word' id='word_1_214' title='bbox 1239 2407 1298 2452; x_wconf 83' lang='lat' dir='ltr'><strong>artes</strong></span> 
     </span>
     <span class='ocr_line' id='line_1_23' title="bbox 85 2483 1297 2572; baseline 0.007 -32"><span class='ocrx_word' id='word_1_215' title='bbox 85 2483 122 2542; x_wconf 95' lang='lat' dir='ltr'><strong>ad</strong></span> <span class='ocrx_word' id='word_1_216' title='bbox 154 2507 266 2549; x_wconf 86' lang='lat' dir='ltr'><strong>sensum</strong></span> <span class='ocrx_word' id='word_1_217' title='bbox 297 2492 392 2572; x_wconf 88' lang='lat' dir='ltr'><strong>pulcri</strong></span> <span class='ocrx_word' id='word_1_218' title='bbox 425 2487 600 2551; x_wconf 89' lang='lat' dir='ltr'><strong>eliciendum</strong></span> <span class='ocrx_word' id='word_1_219' title='bbox 628 2489 709 2568; x_wconf 89' lang='lat' dir='ltr'><strong>quasi</strong></span> <span class='ocrx_word' id='word_1_220' title='bbox 743 2489 918 2569; x_wconf 89' lang='lat' dir='ltr'><strong>conspirant</strong></span> <span class='ocrx_word' id='word_1_221' title='bbox 969 2489 1128 2548; x_wconf 88' lang='lat' dir='ltr'><strong>Plurimum</strong></span> <span class='ocrx_word' id='word_1_222' title='bbox 1155 2505 1251 2551; x_wconf 86' lang='lat' dir='ltr'><strong>autem</strong></span> <span class='ocrx_word' id='word_1_223' title='bbox 1274 2491 1297 2549; x_wconf 90' lang='lat' dir='ltr'><strong>in</strong></span> 
     </span>
     <span class='ocr_line' id='line_1_24' title="bbox 84 2582 1297 2668; baseline 0.006 -29"><span class='ocrx_word' id='word_1_224' title='bbox 84 2582 120 2640; x_wconf 87' lang='lat' dir='ltr'><strong>iis</strong></span> <span class='ocrx_word' id='word_1_225' title='bbox 138 2583 228 2645; x_wconf 88' lang='lat' dir='ltr'><strong>efficit</strong></span> <span class='ocrx_word' id='word_1_226' title='bbox 246 2591 355 2668; x_wconf 88' lang='lat' dir='ltr'><strong>poe&#39;sis.</strong></span> <span class='ocrx_word' id='word_1_227' title='bbox 376 2593 466 2650; x_wconf 87' lang='lat' dir='ltr'><strong>oratio</strong></span> <span class='ocrx_word' id='word_1_228' title='bbox 484 2603 560 2648; x_wconf 88' lang='lat' dir='ltr'><strong>certe</strong></span> <span class='ocrx_word' id='word_1_229' title='bbox 580 2589 638 2648; x_wconf 90' lang='lat' dir='ltr'><strong>nisi</strong></span> <span class='ocrx_word' id='word_1_230' title='bbox 656 2587 774 2647; x_wconf 88' lang='lat' dir='ltr'><strong>honesta</strong></span> <span class='ocrx_word' id='word_1_231' title='bbox 792 2601 852 2660; x_wconf 89' lang='lat' dir='ltr'><strong>est,</strong></span> <span class='ocrx_word' id='word_1_232' title='bbox 873 2601 959 2645; x_wconf 90' lang='lat' dir='ltr'><strong>cantu</strong></span> <span class='ocrx_word' id='word_1_233' title='bbox 977 2587 1029 2644; x_wconf 89' lang='lat' dir='ltr'><strong>illa</strong></span> <span class='ocrx_word' id='word_1_234' title='bbox 1049 2603 1098 2648; x_wconf 90' lang='lat' dir='ltr'><strong>aut</strong></span> <span class='ocrx_word' id='word_1_235' title='bbox 1115 2603 1246 2649; x_wconf 88' lang='lat' dir='ltr'><strong>motuum</strong></span> <span class='ocrx_word' id='word_1_236' title='bbox 1261 2609 1297 2650; x_wconf 78' lang='lat' dir='ltr'><strong>re·</strong></span> 
     </span>
     <span class='ocr_line' id='line_1_25' title="bbox 84 2684 1297 2769; baseline 0.006 -31"><span class='ocrx_word' id='word_1_237' title='bbox 84 2696 198 2742; x_wconf 89' lang='lat' dir='ltr'><strong>nustate</strong></span> <span class='ocrx_word' id='word_1_238' title='bbox 218 2689 322 2767; x_wconf 88' lang='lat' dir='ltr'><strong>corrigi</strong></span> <span class='ocrx_word' id='word_1_239' title='bbox 342 2710 401 2747; x_wconf 91' lang='lat' dir='ltr'><strong>non</strong></span> <span class='ocrx_word' id='word_1_240' title='bbox 420 2702 520 2769; x_wconf 89' lang='lat' dir='ltr'><strong>potest.</strong></span> <span class='ocrx_word' id='word_1_241' title='bbox 553 2687 599 2745; x_wconf 88' lang='lat' dir='ltr'><strong>Sic</strong></span> <span class='ocrx_word' id='word_1_242' title='bbox 620 2688 737 2745; x_wconf 87' lang='lat' dir='ltr'><strong>omnine</strong></span> <span class='ocrx_word' id='word_1_243' title='bbox 751 2705 779 2744; x_wconf 90' lang='lat' dir='ltr'><strong>se</strong></span> <span class='ocrx_word' id='word_1_244' title='bbox 798 2706 841 2743; x_wconf 89' lang='lat' dir='ltr'><strong>res</strong></span> <span class='ocrx_word' id='word_1_245' title='bbox 856 2684 956 2759; x_wconf 90' lang='lat' dir='ltr'><strong>habet,</strong></span> <span class='ocrx_word' id='word_1_246' title='bbox 978 2700 1009 2744; x_wconf 93' lang='lat' dir='ltr'><strong>ut</strong></span> <span class='ocrx_word' id='word_1_247' title='bbox 1028 2686 1134 2745; x_wconf 84' lang='lat' dir='ltr'><strong>rationi</strong></span> <span class='ocrx_word' id='word_1_248' title='bbox 1153 2688 1297 2749; x_wconf 84' lang='lat' dir='ltr'><strong>convenire</strong></span> 
     </span>
     <span class='ocr_line' id='line_1_26' title="bbox 84 2783 1298 2864; baseline 0.006 -27"><span class='ocrx_word' id='word_1_249' title='bbox 84 2795 211 2860; x_wconf 88' lang='lat' dir='ltr'><strong>oporteat</strong></span> <span class='ocrx_word' id='word_1_250' title='bbox 238 2784 405 2864; x_wconf 84' lang='lat' dir='ltr'><strong>rhythmum</strong></span> <span class='ocrx_word' id='word_1_251' title='bbox 435 2801 463 2844; x_wconf 87' lang='lat' dir='ltr'><strong>et</strong></span> <span class='ocrx_word' id='word_1_252' title='bbox 490 2786 686 2858; x_wconf 80' lang='lat' dir='ltr'><strong>harmoniam,</strong></span> <span class='ocrx_word' id='word_1_253' title='bbox 717 2783 811 2843; x_wconf 88' lang='lat' dir='ltr'><strong>indoli</strong></span> <span class='ocrx_word' id='word_1_254' title='bbox 840 2797 933 2842; x_wconf 88' lang='lat' dir='ltr'><strong>autem</strong></span> <span class='ocrx_word' id='word_1_255' title='bbox 962 2804 1112 2862; x_wconf 86' lang='lat' dir='ltr'><strong>generosae</strong></span> <span class='ocrx_word' id='word_1_256' title='bbox 1141 2787 1298 2846; x_wconf 81' lang='lat' dir='ltr'><strong>oraticnem</strong></span> 
     </span>
     <span class='ocr_line' id='line_1_27' title="bbox 83 2875 1296 2965; baseline 0.007 -28"><span class='ocrx_word' id='word_1_257' title='bbox 83 2878 182 2958; x_wconf 88' lang='lat' dir='ltr'><strong>ltaque</strong></span> <span class='ocrx_word' id='word_1_258' title='bbox 207 2876 321 2962; x_wconf 83' lang='grc' dir='ltr'><em>εὐλογία</em></span> <span class='ocrx_word' id='word_1_259' title='bbox 345 2882 393 2951; x_wconf 72' lang='grc' dir='ltr'><em>καί,</em></span> <span class='ocrx_word' id='word_1_260' title='bbox 420 2879 598 2962; x_wconf 73' lang='grc' dir='ltr'><em>εὐαρμοστία</em></span> <span class='ocrx_word' id='word_1_261' title='bbox 624 2880 673 2943; x_wconf 81' lang='grc' dir='ltr'><strong>καί</strong></span> <span class='ocrx_word' id='word_1_262' title='bbox 699 2875 904 2962; x_wconf 67' lang='grc' dir='ltr'><em>εὐσχημοσύνη</em></span> <span class='ocrx_word' id='word_1_263' title='bbox 932 2879 980 2940; x_wconf 77' lang='grc' dir='ltr'><strong>καί</strong></span> <span class='ocrx_word' id='word_1_264' title='bbox 1007 2877 1161 2964; x_wconf 72' lang='grc' dir='ltr'><em>εὐρυθμία</em></span> <span class='ocrx_word' id='word_1_265' title='bbox 1186 2879 1296 2965; x_wconf 63' lang='grc' dir='ltr'><em>εὐηθείᾳ</em></span> 
     </span>
     <span class='ocr_line' id='line_1_28' title="bbox 82 2971 1295 3097; baseline 0.007 -61"><span class='ocrx_word' id='word_1_266' title='bbox 82 2971 250 3042; x_wconf 66' lang='lat' dir='ltr'><strong>uoluta·</strong></span> <span class='ocrx_word' id='word_1_267' title='bbox 278 2979 335 3097; x_wconf 75' lang='grc' dir='ltr'><strong>οὐχ</strong></span> <span class='ocrx_word' id='word_1_268' title='bbox 353 2981 398 3066; x_wconf 76' lang='grc' dir='ltr'><strong>ἢν</strong></span> <span class='ocrx_word' id='word_1_269' title='bbox 424 2978 523 3045; x_wconf 83' lang='grc' dir='ltr'><strong>ὐίνοιαν</strong></span> <span class='ocrx_word' id='word_1_270' title='bbox 549 2979 640 3046; x_wconf 78' lang='grc' dir='ltr'><em>οὖσαν</em></span> <span class='ocrx_word' id='word_1_271' title='bbox 662 2977 903 3064; x_wconf 72' lang='grc' dir='ltr'><strong>ὑποκοριζόμενοι</strong></span> <span class='ocrx_word' id='word_1_272' title='bbox 929 2983 1071 3062; x_wconf 72' lang='grc' dir='ltr'><strong>καλοῦμεν</strong></span> <span class='ocrx_word' id='word_1_273' title='bbox 1093 2979 1134 3058; x_wconf 69' lang='grc' dir='ltr'><strong>αἱς</strong></span> <span class='ocrx_word' id='word_1_274' title='bbox 1155 2979 1295 3066; x_wconf 71' lang='grc' dir='ltr'><strong>εὐήθειαν,</strong></span> 
     </span>
     <span class='ocr_line' id='line_1_29' title="bbox 82 3073 1296 3169; baseline 0.011 -32"><span class='ocrx_word' id='word_1_275' title='bbox 82 3073 155 3139; x_wconf 68' lang='lat' dir='ltr'><strong>niuei</strong></span> <span class='ocrx_word' id='word_1_276' title='bbox 181 3105 236 3163; x_wconf 75' lang='grc' dir='ltr'><strong>την</strong></span> <span class='ocrx_word' id='word_1_277' title='bbox 262 3079 303 3160; x_wconf 80' lang='grc' dir='ltr'><strong>ὠς</strong></span> <span class='ocrx_word' id='word_1_278' title='bbox 328 3082 453 3167; x_wconf 54' lang='lat' dir='ltr'><strong>utetur</strong></span> <span class='ocrx_word' id='word_1_279' title='bbox 478 3081 510 3148; x_wconf 82' lang='grc' dir='ltr'><strong>εὐ</strong></span> <span class='ocrx_word' id='word_1_280' title='bbox 536 3110 565 3147; x_wconf 91' lang='grc' dir='ltr'><strong>τε</strong></span> <span class='ocrx_word' id='word_1_281' title='bbox 592 3085 640 3148; x_wconf 80' lang='grc' dir='ltr'><strong>καί</strong></span> <span class='ocrx_word' id='word_1_282' title='bbox 664 3087 760 3158; x_wconf 85' lang='grc' dir='ltr'><em>καλως</em></span> <span class='ocrx_word' id='word_1_283' title='bbox 786 3108 820 3146; x_wconf 92' lang='grc' dir='ltr'><strong>το</strong></span> <span class='ocrx_word' id='word_1_284' title='bbox 849 3079 929 3167; x_wconf 71' lang='grc' dir='ltr'><em>ηθος</em></span> <span class='ocrx_word' id='word_1_285' title='bbox 954 3082 1222 3169; x_wconf 69' lang='grc' dir='ltr'><strong>κατεσκευασμένην</strong></span> <span class='ocrx_word' id='word_1_286' title='bbox 1242 3081 1296 3150; x_wconf 74' lang='grc' dir='ltr'><em>δαί·</em></span> 
     </span>
     <span class='ocr_line' id='line_1_30' title="bbox 81 3174 1297 3271; baseline 0.01 -32"><span class='ocrx_word' id='word_1_287' title='bbox 81 3202 169 3242; x_wconf 86' lang='grc' dir='ltr'><strong>νοιαν.</strong></span> <span class='ocrx_word' id='word_1_288' title='bbox 186 3184 217 3265; x_wconf 82' lang='grc'><strong>3)</strong></span> <span class='ocrx_word' id='word_1_289' title='bbox 247 3189 283 3246; x_wconf 91' lang='lat' dir='ltr'><strong>Et</strong></span> <span class='ocrx_word' id='word_1_290' title='bbox 301 3188 371 3247; x_wconf 91' lang='lat' dir='ltr'><strong>hinc</strong></span> <span class='ocrx_word' id='word_1_291' title='bbox 389 3190 550 3270; x_wconf 85' lang='lat' dir='ltr'><strong>intelligere</strong></span> <span class='ocrx_word' id='word_1_292' title='bbox 574 3191 660 3263; x_wconf 88' lang='lat' dir='ltr'><strong>licet,</strong></span> <span class='ocrx_word' id='word_1_293' title='bbox 681 3208 737 3266; x_wconf 90' lang='lat' dir='ltr'><strong>quo</strong></span> <span class='ocrx_word' id='word_1_294' title='bbox 756 3208 839 3246; x_wconf 88' lang='lat' dir='ltr'><strong>sensu</strong></span> <span class='ocrx_word' id='word_1_295' title='bbox 858 3174 965 3246; x_wconf 83' lang='lat' dir='ltr'><strong>dixerit</strong></span> <span class='ocrx_word' id='word_1_296' title='bbox 984 3188 1191 3271; x_wconf 91' lang='lat' dir='ltr'><strong>philosophus:</strong></span> <span class='ocrx_word' id='word_1_297' title='bbox 1214 3184 1297 3270; x_wconf 73' lang='grc' dir='ltr'><strong>ὁμὲν</strong></span> 
     </span>
     <span class='ocr_line' id='line_1_31' title="bbox 82 3277 1301 3376; baseline 0.005 -34"><span class='ocrx_word' id='word_1_298' title='bbox 82 3277 296 3373; x_wconf 77' lang='grc' dir='ltr'><em>α’παίίεοτος’</em></span> <span class='ocrx_word' id='word_1_299' title='bbox 276 3278 491 3367; x_wconf 65' lang='grc' dir='ltr'><em>αχύρεντοςμ</em></span> <span class='ocrx_word' id='word_1_300' title='bbox 459 3283 530 3370; x_wconf 70' lang='grc' dir='ltr'><strong>ἡμῖν</strong></span> <span class='ocrx_word' id='word_1_301' title='bbox 552 3282 645 3348; x_wconf 81' lang='grc' dir='ltr'><em>ἔσται·</em></span> <span class='ocrx_word' id='word_1_302' title='bbox 667 3308 721 3346; x_wconf 87' lang='grc' dir='ltr'><strong>τον</strong></span> <span class='ocrx_word' id='word_1_303' title='bbox 742 3282 777 3346; x_wconf 75' lang='lat' dir='ltr'><strong>et</strong></span> <span class='ocrx_word' id='word_1_304' title='bbox 797 3281 1056 3363; x_wconf 70' lang='grc' dir='ltr'><strong>πεπαιδευμένονι</strong></span> <span class='ocrx_word' id='word_1_305' title='bbox 1045 3288 1150 3362; x_wconf 75' lang='grc' dir='ltr'><strong>ικαναῖς</strong></span> <span class='ocrx_word' id='word_1_306' title='bbox 1170 3312 1301 3376; x_wconf 62' lang='grc' dir='ltr'><em>κεχαρμ-</em></span> 
     </span>
    </p>
   </div>
   <div class='ocr_carea' id='block_1_3' title="bbox 79 3379 1316 3972">
    <p class='ocr_par' dir='ltr' id='par_1_3' title="bbox 80 3379 1303 3570">
     <span class='ocr_line' id='line_1_32' title="bbox 80 3379 1303 3471; baseline 0.008 -26"><span class='ocrx_word' id='word_1_307' title='bbox 80 3407 156 3446; x_wconf 86' lang='grc' dir='ltr'><em>κοτα</em></span> <span class='ocrx_word' id='word_1_308' title='bbox 181 3381 301 3447; x_wconf 73' lang='grc' dir='ltr'><strong>θετέον·</strong></span> <span class='ocrx_word' id='word_1_309' title='bbox 293 3390 345 3470; x_wconf 71' lang='grc'><strong>’4)</strong></span> <span class='ocrx_word' id='word_1_310' title='bbox 365 3404 426 3448; x_wconf 90' lang='lat' dir='ltr'><strong>tum</strong></span> <span class='ocrx_word' id='word_1_311' title='bbox 451 3392 536 3449; x_wconf 87' lang='lat' dir='ltr'><strong>etiam</strong></span> <span class='ocrx_word' id='word_1_312' title='bbox 556 3391 650 3449; x_wconf 91' lang='lat' dir='ltr'><strong>illud:</strong></span> <span class='ocrx_word' id='word_1_313' title='bbox 682 3379 736 3468; x_wconf 74' lang='grc' dir='ltr'><strong>ὅλη</strong></span> <span class='ocrx_word' id='word_1_314' title='bbox 764 3409 819 3465; x_wconf 83' lang='grc' dir='ltr'><strong>μεν</strong></span> <span class='ocrx_word' id='word_1_315' title='bbox 846 3410 903 3448; x_wconf 84' lang='grc' dir='ltr'><strong>που</strong></span> <span class='ocrx_word' id='word_1_316' title='bbox 933 3386 1037 3471; x_wconf 85' lang='grc' dir='ltr'><strong>χορεία</strong></span> <span class='ocrx_word' id='word_1_317' title='bbox 1068 3382 1124 3471; x_wconf 79' lang='grc' dir='ltr'><strong>ὅλη</strong></span> <span class='ocrx_word' id='word_1_318' title='bbox 1157 3393 1303 3464; x_wconf 78' lang='grc' dir='ltr'><strong>παίδευσις</strong></span> 
     </span>
     <span class='ocr_line' id='line_1_33' title="bbox 80 3482 270 3570; baseline 0.011 -2"><span class='ocrx_word' id='word_1_319' title='bbox 80 3482 119 3568; x_wconf 74' lang='grc' dir='ltr'><strong>ἤν</strong></span> <span class='ocrx_word' id='word_1_320' title='bbox 140 3482 220 3570; x_wconf 71' lang='grc' dir='ltr'><strong>ἡμῖν</strong></span> <span class='ocrx_word' id='word_1_321' title='bbox 239 3489 270 3570; x_wconf 86' lang='grc'><strong>5)</strong></span> 
     </span>
    </p>

    <p class='ocr_par' dir='ltr' id='par_1_4' title="bbox 79 3590 1316 3972">
     <span class='ocr_line' id='line_1_34' title="bbox 119 3590 1308 3681; baseline 0.011 -33"><span class='ocrx_word' id='word_1_322' title='bbox 119 3592 180 3650; x_wconf 89' lang='lat' dir='ltr'><strong>Hac</strong></span> <span class='ocrx_word' id='word_1_323' title='bbox 214 3604 307 3665; x_wconf 74' lang='lat' dir='ltr'><strong>autem</strong></span> <span class='ocrx_word' id='word_1_324' title='bbox 346 3593 377 3649; x_wconf 90' lang='lat' dir='ltr'><strong>in</strong></span> <span class='ocrx_word' id='word_1_325' title='bbox 405 3613 434 3649; x_wconf 84' lang='lat' dir='ltr'><strong>re</strong></span> <span class='ocrx_word' id='word_1_326' title='bbox 463 3591 543 3650; x_wconf 88' lang='lat' dir='ltr'><strong>Plato</strong></span> <span class='ocrx_word' id='word_1_327' title='bbox 571 3591 649 3650; x_wconf 87' lang='lat' dir='ltr'><strong>haud</strong></span> <span class='ocrx_word' id='word_1_328' title='bbox 677 3593 833 3672; x_wconf 89' lang='lat' dir='ltr'><strong>quidquam</strong></span> <span class='ocrx_word' id='word_1_329' title='bbox 863 3595 980 3653; x_wconf 88' lang='lat' dir='ltr'><strong>induxit</strong></span> <span class='ocrx_word' id='word_1_330' title='bbox 1007 3596 1093 3670; x_wconf 80' lang='lat' dir='ltr'><strong>novi3</strong></span> <span class='ocrx_word' id='word_1_331' title='bbox 1127 3598 1196 3674; x_wconf 86' lang='lat' dir='ltr'><strong>sed,</strong></span> <span class='ocrx_word' id='word_1_332' title='bbox 1227 3590 1308 3681; x_wconf 75' lang='lat' dir='ltr'><strong>quod</strong></span> 
     </span>
     <span class='ocr_line' id='line_1_35' title="bbox 79 3687 1310 3772; baseline 0.01 -26"><span class='ocrx_word' id='word_1_333' title='bbox 79 3687 206 3747; x_wconf 85' lang='lat' dir='ltr'><strong>moribus</strong></span> <span class='ocrx_word' id='word_1_334' title='bbox 234 3703 294 3748; x_wconf 86' lang='lat' dir='ltr'><strong>erat</strong></span> <span class='ocrx_word' id='word_1_335' title='bbox 321 3703 484 3769; x_wconf 87' lang='lat' dir='ltr'><strong>receptum,</strong></span> <span class='ocrx_word' id='word_1_336' title='bbox 513 3691 673 3749; x_wconf 85' lang='lat' dir='ltr'><strong>rationibus</strong></span> <span class='ocrx_word' id='word_1_337' title='bbox 708 3691 860 3764; x_wconf 86' lang='lat' dir='ltr'><strong>adductis,</strong></span> <span class='ocrx_word' id='word_1_338' title='bbox 890 3692 1031 3772; x_wconf 84' lang='lat' dir='ltr'><strong>probavit.</strong></span> <span class='ocrx_word' id='word_1_339' title='bbox 1073 3695 1144 3752; x_wconf 90' lang='lat' dir='ltr'><strong>Nam</strong></span> <span class='ocrx_word' id='word_1_340' title='bbox 1172 3697 1310 3757; x_wconf 76' lang='lat' dir='ltr'><strong>sotebant</strong></span> 
     </span>
     <span class='ocr_line' id='line_1_36' title="bbox 79 3786 1308 3872; baseline 0.007 -27"><span class='ocrx_word' id='word_1_341' title='bbox 79 3786 298 3847; x_wconf 82' lang='lat' dir='ltr'><strong>Atheniensium</strong></span> <span class='ocrx_word' id='word_1_342' title='bbox 325 3786 408 3845; x_wconf 85' lang='lat' dir='ltr'><strong>liberi</strong></span> <span class='ocrx_word' id='word_1_343' title='bbox 438 3789 469 3846; x_wconf 89' lang='lat' dir='ltr'><strong>in</strong></span> <span class='ocrx_word' id='word_1_344' title='bbox 497 3788 592 3847; x_wconf 86' lang='lat' dir='ltr'><strong>choris</strong></span> <span class='ocrx_word' id='word_1_345' title='bbox 618 3792 705 3850; x_wconf 82' lang='lat' dir='ltr'><strong>sacris</strong></span> <span class='ocrx_word' id='word_1_346' title='bbox 734 3811 835 3848; x_wconf 84' lang='lat' dir='ltr'><strong>canere</strong></span> <span class='ocrx_word' id='word_1_347' title='bbox 864 3805 901 3867; x_wconf 65' lang='lat' dir='ltr'><strong>et,</strong></span> <span class='ocrx_word' id='word_1_348' title='bbox 920 3791 1039 3864; x_wconf 85' lang='lat' dir='ltr'><strong>saltare,</strong></span> <span class='ocrx_word' id='word_1_349' title='bbox 1060 3806 1105 3868; x_wconf 87' lang='lat' dir='ltr'><strong>et,</strong></span> <span class='ocrx_word' id='word_1_350' title='bbox 1131 3794 1224 3872; x_wconf 87' lang='lat' dir='ltr'><strong>siqui</strong></span> <span class='ocrx_word' id='word_1_351' title='bbox 1245 3812 1308 3855; x_wconf 83' lang='lat' dir='ltr'><strong>non</strong></span> 
     </span>
     <span class='ocr_line' id='line_1_37' title="bbox 80 3885 1316 3972; baseline 0.005 -29"><span class='ocrx_word' id='word_1_352' title='bbox 80 3886 249 3944; x_wconf 87' lang='lat' dir='ltr'><strong>interessent</strong></span> <span class='ocrx_word' id='word_1_353' title='bbox 267 3887 319 3957; x_wconf 92' lang='lat' dir='ltr'><strong>iis,</strong></span> <span class='ocrx_word' id='word_1_354' title='bbox 341 3885 459 3944; x_wconf 87' lang='lat' dir='ltr'><strong>aderant</strong></span> <span class='ocrx_word' id='word_1_355' title='bbox 481 3900 575 3959; x_wconf 86' lang='lat' dir='ltr'><strong>certe,</strong></span> <span class='ocrx_word' id='word_1_356' title='bbox 597 3901 624 3946; x_wconf 90' lang='lat' dir='ltr'><strong>et</strong></span> <span class='ocrx_word' id='word_1_357' title='bbox 653 3889 738 3947; x_wconf 88' lang='lat' dir='ltr'><strong>facile</strong></span> <span class='ocrx_word' id='word_1_358' title='bbox 762 3890 801 3945; x_wconf 90' lang='lat' dir='ltr'><strong>sie</strong></span> <span class='ocrx_word' id='word_1_359' title='bbox 823 3909 918 3946; x_wconf 83' lang='lat' dir='ltr'><strong>eorum</strong></span> <span class='ocrx_word' id='word_1_360' title='bbox 939 3891 1028 3947; x_wconf 86' lang='lat' dir='ltr'><strong>animi</strong></span> <span class='ocrx_word' id='word_1_361' title='bbox 1048 3890 1086 3950; x_wconf 89' lang='lat' dir='ltr'><strong>ad</strong></span> <span class='ocrx_word' id='word_1_362' title='bbox 1109 3886 1316 3972; x_wconf 71' lang='grc' dir='ltr'><em>εὐαρμοστίαν</em></span> 
     </span>
    </p>
   </div>
   <div class='ocr_carea' id='block_1_4' title="bbox 102 4122 515 4529">
    <p class='ocr_par' dir='ltr' id='par_1_5' title="bbox 112 4122 463 4273">
     <span class='ocr_line' id='line_1_38' title="bbox 112 4122 463 4196; baseline 0.009 -21"><span class='ocrx_word' id='word_1_363' title='bbox 112 4122 138 4188; x_wconf 84' lang='grc'><strong>1)</strong></span> <span class='ocrx_word' id='word_1_364' title='bbox 155 4127 193 4177; x_wconf 81' lang='lat' dir='ltr'><strong>De</strong></span> <span class='ocrx_word' id='word_1_365' title='bbox 210 4129 269 4196; x_wconf 83' lang='lat' dir='ltr'><strong>llep.</strong></span> <span class='ocrx_word' id='word_1_366' title='bbox 289 4131 333 4178; x_wconf 86' lang='lat'><em>111.</em></span> <span class='ocrx_word' id='word_1_367' title='bbox 353 4127 410 4179; x_wconf 81' lang='lat'>401.</span> <span class='ocrx_word' id='word_1_368' title='bbox 432 4129 463 4185; x_wconf 81' lang='lat' dir='ltr'><strong>u.</strong></span> 
     </span>
     <span class='ocr_line' id='line_1_39' title="bbox 114 4208 346 4273; baseline 0.026 -15"><span class='ocrx_word' id='word_1_369' title='bbox 114 4208 346 4273; x_wconf 50' lang='lat' dir='ltr'><strong>ummo</strong></span> 
     </span>
    </p>

    <p class='ocr_par' dir='ltr' id='par_1_6' title="bbox 102 4292 515 4529">
     <span class='ocr_line' id='line_1_40' title="bbox 112 4292 342 4357; baseline 0.026 -13"><span class='ocrx_word' id='word_1_370' title='bbox 112 4292 138 4357; x_wconf 82' lang='lat'><strong>3)</strong></span> <span class='ocrx_word' id='word_1_371' title='bbox 156 4297 216 4347; x_wconf 72' lang='lat' dir='ltr'><strong>Eud.</strong></span> <span class='ocrx_word' id='word_1_372' title='bbox 234 4295 291 4349; x_wconf 81' lang='grc'><strong>400.</strong></span> <span class='ocrx_word' id='word_1_373' title='bbox 312 4299 342 4350; x_wconf 86' lang='grc' dir='ltr'><strong>Ι).</strong></span> 
     </span>
     <span class='ocr_line' id='line_1_41' title="bbox 113 4377 515 4450; baseline 0.015 -22"><span class='ocrx_word' id='word_1_374' title='bbox 113 4377 515 4450; x_wconf 46' lang='lat' dir='ltr'><strong>umwuma·</strong></span> 
     </span>
     <span class='ocr_line' id='line_1_42' title="bbox 102 4461 342 4529; baseline 0.038 -19"><span class='ocrx_word' id='word_1_375' title='bbox 102 4461 342 4529; x_wconf 62' lang='lat' dir='ltr'><strong>mmmm</strong></span> 
     </span>
    </p>
   </div>
   <div class='ocr_carea' id='block_1_5' title="bbox 0 0 1402 5048">
    <p class='ocr_par' dir='ltr' id='par_1_7' title="bbox 0 0 1402 5048">
     <span class='ocr_line' id='line_1_43' title="bbox 0 0 1402 5048; baseline 0 4"><span class='ocrx_word' id='word_1_376' title='bbox 0 0 1402 5048; x_wconf 95' lang='lat' dir='ltr'><strong> </strong></span> 
     </span>
    </p>
   </div>
  </div>
 </body>
</html>
