<?xml version="1.0" encoding="UTF-8"?>
<!DOCTYPE html PUBLIC "-//W3C//DTD XHTML 1.0 Transitional//EN"
    "http://www.w3.org/TR/xhtml1/DTD/xhtml1-transitional.dtd">
<html xmlns="http://www.w3.org/1999/xhtml" xml:lang="en" lang="en">
 <head>
  <title>
</title>
<meta http-equiv="Content-Type" content="text/html;charset=utf-8" />
  <meta name='ocr-system' content='tesseract 3.04.00' />
  <meta name='ocr-capabilities' content='ocr_page ocr_carea ocr_par ocr_line ocrx_word'/>
</head>
<body>
  <div class='ocr_page' id='page_1' title='image "./initiaphilosoph00heusgoog_0091.png"; bbox 0 0 2774 5048; ppageno 0'>
   <div class='ocr_carea' id='block_1_1' title="bbox 633 213 710 307">
    <p class='ocr_par' dir='ltr' id='par_1_1' title="bbox 633 213 710 307">
     <span class='ocr_line' id='line_1_1' title="bbox 633 213 710 307; baseline 0 -30"><span class='ocrx_word' id='word_1_1' title='bbox 633 302 637 307; x_wconf 19' lang='lat'><strong><em>³</em></strong></span> <span class='ocrx_word' id='word_1_2' title='bbox 671 213 710 277; x_wconf 69' lang='lat'><strong>⁴6</strong></span> 
     </span>
    </p>
   </div>
   <div class='ocr_carea' id='block_1_2' title="bbox 70 374 1305 767">
    <p class='ocr_par' dir='ltr' id='par_1_2' title="bbox 70 374 1305 767">
     <span class='ocr_line' id='line_1_2' title="bbox 91 374 1302 459; baseline -0.005 -14"><span class='ocrx_word' id='word_1_3' title='bbox 91 381 197 445; x_wconf 84' lang='lat' dir='ltr'><strong>malum</strong></span> <span class='ocrx_word' id='word_1_4' title='bbox 214 391 310 442; x_wconf 86' lang='lat' dir='ltr'><strong>censet</strong></span> <span class='ocrx_word' id='word_1_5' title='bbox 325 377 534 459; x_wconf 79' lang='lat' dir='ltr'><strong>gravissimum,</strong></span> <span class='ocrx_word' id='word_1_6' title='bbox 562 375 645 453; x_wconf 85' lang='lat' dir='ltr'><strong>cujus</strong></span> <span class='ocrx_word' id='word_1_7' title='bbox 661 374 751 436; x_wconf 85' lang='lat' dir='ltr'><strong>animi</strong></span> <span class='ocrx_word' id='word_1_8' title='bbox 767 375 822 456; x_wconf 87' lang='lat' dir='ltr'><strong>ipsi</strong></span> <span class='ocrx_word' id='word_1_9' title='bbox 840 375 955 437; x_wconf 86' lang='lat' dir='ltr'><strong>sibimet</strong></span> <span class='ocrx_word' id='word_1_10' title='bbox 973 390 1100 436; x_wconf 76' lang='lat' dir='ltr'><strong>auctores</strong></span> <span class='ocrx_word' id='word_1_11' title='bbox 1119 391 1205 453; x_wconf 85' lang='lat' dir='ltr'><strong>sant,</strong></span> <span class='ocrx_word' id='word_1_12' title='bbox 1233 377 1302 439; x_wconf 72' lang='lat' dir='ltr'><strong>blaa</strong></span> 
     </span>
     <span class='ocr_line' id='line_1_3' title="bbox 86 471 1303 565; baseline -0.006 -21"><span class='ocrx_word' id='word_1_13' title='bbox 86 482 218 565; x_wconf 84' lang='lat' dir='ltr'><strong>opinari,</strong></span> <span class='ocrx_word' id='word_1_14' title='bbox 237 497 305 540; x_wconf 80' lang='lat' dir='ltr'><strong>vera</strong></span> <span class='ocrx_word' id='word_1_15' title='bbox 324 477 470 555; x_wconf 81' lang='lat' dir='ltr'><strong>ignorare:</strong></span> <span class='ocrx_word' id='word_1_16' title='bbox 490 473 531 535; x_wconf 87' lang='lat' dir='ltr'><strong>eie</strong></span> <span class='ocrx_word' id='word_1_17' title='bbox 560 472 638 533; x_wconf 87' lang='lat' dir='ltr'><strong>euim</strong></span> <span class='ocrx_word' id='word_1_18' title='bbox 657 471 721 533; x_wconf 81' lang='lat' dir='ltr'><strong>fieri</strong></span> <span class='ocrx_word' id='word_1_19' title='bbox 730 518 739 548; x_wconf 87' lang='lat'><em>‚</em></span> <span class='ocrx_word' id='word_1_20' title='bbox 762 486 810 549; x_wconf 86' lang='lat' dir='ltr'><strong>ut,</strong></span> <span class='ocrx_word' id='word_1_21' title='bbox 829 473 902 553; x_wconf 90' lang='lat' dir='ltr'><strong>quid</strong></span> <span class='ocrx_word' id='word_1_22' title='bbox 921 495 987 535; x_wconf 80' lang='lat' dir='ltr'><strong>vere</strong></span> <span class='ocrx_word' id='word_1_23' title='bbox 1009 476 1047 537; x_wconf 89' lang='lat' dir='ltr'><strong>sit</strong></span> <span class='ocrx_word' id='word_1_24' title='bbox 1065 474 1219 556; x_wconf 82' lang='lat' dir='ltr'><strong>pulcram,</strong></span> <span class='ocrx_word' id='word_1_25' title='bbox 1238 495 1303 537; x_wconf 79' lang='lat' dir='ltr'><strong>vere</strong></span> 
     </span>
     <span class='ocr_line' id='line_1_4' title="bbox 85 568 1302 654; baseline -0.008 -11"><span class='ocrx_word' id='word_1_26' title='bbox 85 580 248 643; x_wconf 75' lang='lat' dir='ltr'><strong>tithonum</strong></span> <span class='ocrx_word' id='word_1_27' title='bbox 266 575 432 652; x_wconf 85' lang='lat' dir='ltr'><strong>etjustnrn,</strong></span> <span class='ocrx_word' id='word_1_28' title='bbox 452 593 510 633; x_wconf 87' lang='lat' dir='ltr'><strong>non</strong></span> <span class='ocrx_word' id='word_1_29' title='bbox 539 568 676 645; x_wconf 85' lang='lat' dir='ltr'><strong>videant,</strong></span> <span class='ocrx_word' id='word_1_30' title='bbox 700 592 789 651; x_wconf 87' lang='lat' dir='ltr'><strong>prava</strong></span> <span class='ocrx_word' id='word_1_31' title='bbox 818 592 885 632; x_wconf 84' lang='lat' dir='ltr'><strong>vero</strong></span> <span class='ocrx_word' id='word_1_32' title='bbox 909 587 1115 653; x_wconf 88' lang='lat' dir='ltr'><strong>persequantur</strong></span> <span class='ocrx_word' id='word_1_33' title='bbox 1133 575 1229 654; x_wconf 77' lang='lat' dir='ltr'><strong>specie</strong></span> <span class='ocrx_word' id='word_1_34' title='bbox 1255 572 1302 635; x_wconf 86' lang='lat' dir='ltr'><strong>de·</strong></span> 
     </span>
     <span class='ocr_line' id='line_1_5' title="bbox 70 668 1305 767; baseline -0.006 -30"><span class='ocrx_word' id='word_1_35' title='bbox 70 680 181 767; x_wconf 48' lang='lat' dir='ltr'><strong>¹cepti,</strong></span> <span class='ocrx_word' id='word_1_36' title='bbox 200 677 291 753; x_wconf 86' lang='lat' dir='ltr'><strong>iisque</strong></span> <span class='ocrx_word' id='word_1_37' title='bbox 309 692 337 752; x_wconf 80' lang='lat' dir='ltr'><strong>se</strong></span> <span class='ocrx_word' id='word_1_38' title='bbox 356 670 478 731; x_wconf 81' lang='lat' dir='ltr'><strong>reddant</strong></span> <span class='ocrx_word' id='word_1_39' title='bbox 496 668 620 729; x_wconf 80' lang='lat' dir='ltr'>similes:</span> <span class='ocrx_word' id='word_1_40' title='bbox 641 690 712 747; x_wconf 89' lang='lat' dir='ltr'><strong>qnae</strong></span> <span class='ocrx_word' id='word_1_41' title='bbox 730 671 851 729; x_wconf 84' lang='lat' dir='ltr'><strong>maxima</strong></span> <span class='ocrx_word' id='word_1_42' title='bbox 869 684 910 729; x_wconf 91' lang='lat' dir='ltr'><strong>est</strong></span> <span class='ocrx_word' id='word_1_43' title='bbox 924 691 1035 750; x_wconf 53' lang='lat' dir='ltr'><strong>poena:</strong></span> <span class='ocrx_word' id='word_1_44' title='bbox 1049 669 1079 750; x_wconf 86' lang='lat'><strong>1)</strong></span> <span class='ocrx_word' id='word_1_45' title='bbox 1108 670 1305 731; x_wconf 70' lang='lat' dir='ltr'><strong>Contaminari</strong></span> 
     </span>
    </p>
   </div>
   <div class='ocr_carea' id='block_1_3' title="bbox 33 864 1304 3890">
    <p class='ocr_par' dir='ltr' id='par_1_3' title="bbox 33 864 1304 2024">
     <span class='ocr_line' id='line_1_6' title="bbox 84 864 1304 947; baseline -0.004 -15"><span class='ocrx_word' id='word_1_46' title='bbox 84 873 275 937; x_wconf 80' lang='lat' dir='ltr'><strong>nunciarunt:</strong></span> <span class='ocrx_word' id='word_1_47' title='bbox 302 866 353 929; x_wconf 87' lang='lat' dir='ltr'><strong>sed</strong></span> <span class='ocrx_word' id='word_1_48' title='bbox 370 865 519 944; x_wconf 81' lang='lat' dir='ltr'><strong>subjungit</strong></span> <span class='ocrx_word' id='word_1_49' title='bbox 537 864 632 940; x_wconf 84' lang='lat' dir='ltr'><strong>idem,</strong></span> <span class='ocrx_word' id='word_1_50' title='bbox 652 865 698 925; x_wconf 89' lang='lat' dir='ltr'><strong>his</strong></span> <span class='ocrx_word' id='word_1_51' title='bbox 714 866 842 925; x_wconf 87' lang='lat' dir='ltr'><strong>animum</strong></span> <span class='ocrx_word' id='word_1_52' title='bbox 859 865 993 945; x_wconf 89' lang='lat' dir='ltr'><strong>impediri</strong></span> <span class='ocrx_word' id='word_1_53' title='bbox 1007 868 1202 947; x_wconf 86' lang='lat' dir='ltr'><strong>potissimum,</strong></span> <span class='ocrx_word' id='word_1_54' title='bbox 1231 886 1304 946; x_wconf 82' lang='lat' dir='ltr'><strong>quo-</strong></span> 
     </span>
     <span class='ocr_line' id='line_1_7' title="bbox 83 962 1303 1045; baseline -0.008 -10"><span class='ocrx_word' id='word_1_55' title='bbox 83 974 179 1035; x_wconf 86' lang='lat' dir='ltr'><strong>minus</strong></span> <span class='ocrx_word' id='word_1_56' title='bbox 198 988 293 1030; x_wconf 83' lang='lat' dir='ltr'><strong>veram</strong></span> <span class='ocrx_word' id='word_1_57' title='bbox 312 977 410 1025; x_wconf 85' lang='lat' dir='ltr'><strong>cernat</strong></span> <span class='ocrx_word' id='word_1_58' title='bbox 428 964 584 1038; x_wconf 84' lang='lat' dir='ltr'><strong>virtutem,</strong></span> <span class='ocrx_word' id='word_1_59' title='bbox 604 984 688 1042; x_wconf 88' lang='lat' dir='ltr'><strong>seque</strong></span> <span class='ocrx_word' id='word_1_60' title='bbox 708 964 801 1045; x_wconf 86' lang='lat' dir='ltr'><strong>ipsum</strong></span> <span class='ocrx_word' id='word_1_61' title='bbox 824 962 861 1023; x_wconf 89' lang='lat' dir='ltr'><strong>ad</strong></span> <span class='ocrx_word' id='word_1_62' title='bbox 885 965 946 1040; x_wconf 80' lang='lat' dir='ltr'><strong>ejus</strong></span> <span class='ocrx_word' id='word_1_63' title='bbox 972 963 1134 1044; x_wconf 82' lang='lat' dir='ltr'><strong>exemplum</strong></span> <span class='ocrx_word' id='word_1_64' title='bbox 1161 963 1303 1025; x_wconf 74' lang='lat' dir='ltr'><strong>emendet</strong></span> 
     </span>
     <span class='ocr_line' id='line_1_8' title="bbox 82 1060 1303 1144; baseline -0.009 -11"><span class='ocrx_word' id='word_1_65' title='bbox 82 1073 124 1133; x_wconf 82' lang='lat' dir='ltr'><strong>De</strong></span> <span class='ocrx_word' id='word_1_66' title='bbox 141 1068 267 1131; x_wconf 86' lang='lat' dir='ltr'><strong>moribus</strong></span> <span class='ocrx_word' id='word_1_67' title='bbox 284 1063 411 1142; x_wconf 87' lang='lat' dir='ltr'><strong>loquitur</strong></span> <span class='ocrx_word' id='word_1_68' title='bbox 427 1074 456 1121; x_wconf 89' lang='lat' dir='ltr'><strong>et</strong></span> <span class='ocrx_word' id='word_1_69' title='bbox 475 1061 535 1122; x_wconf 82' lang='lat' dir='ltr'><strong>vita</strong></span> <span class='ocrx_word' id='word_1_70' title='bbox 557 1061 631 1123; x_wconf 89' lang='lat' dir='ltr'><strong>bene</strong></span> <span class='ocrx_word' id='word_1_71' title='bbox 649 1060 844 1134; x_wconf 85' lang='lat' dir='ltr'><strong>instituenda,</strong></span> <span class='ocrx_word' id='word_1_72' title='bbox 865 1060 916 1121; x_wconf 88' lang='lat' dir='ltr'><strong>sed</strong></span> <span class='ocrx_word' id='word_1_73' title='bbox 934 1061 1063 1138; x_wconf 83' lang='lat' dir='ltr'><strong>bortatur</strong></span> <span class='ocrx_word' id='word_1_74' title='bbox 1080 1064 1112 1122; x_wconf 90' lang='lat' dir='ltr'><strong>in</strong></span> <span class='ocrx_word' id='word_1_75' title='bbox 1132 1064 1232 1144; x_wconf 78' lang='lat' dir='ltr'><strong>primis</strong></span> <span class='ocrx_word' id='word_1_76' title='bbox 1241 1107 1251 1138; x_wconf 92' lang='lat'><strong><em>,</em></strong></span> <span class='ocrx_word' id='word_1_77' title='bbox 1272 1075 1303 1122; x_wconf 84' lang='lat' dir='ltr'><strong>ut</strong></span> 
     </span>
     <span class='ocr_line' id='line_1_9' title="bbox 83 1148 1302 1242; baseline -0.003 -15"><span class='ocrx_word' id='word_1_78' title='bbox 83 1188 182 1232; x_wconf 80' lang='lat' dir='ltr'><strong>rernm</strong></span> <span class='ocrx_word' id='word_1_79' title='bbox 201 1162 362 1225; x_wconf 88' lang='lat' dir='ltr'><strong>studeamus</strong></span> <span class='ocrx_word' id='word_1_80' title='bbox 384 1180 568 1239; x_wconf 83' lang='lat' dir='ltr'><strong>cognoscere:</strong></span> <span class='ocrx_word' id='word_1_81' title='bbox 589 1158 643 1218; x_wconf 89' lang='lat' dir='ltr'><strong>hoc</strong></span> <span class='ocrx_word' id='word_1_82' title='bbox 663 1160 740 1219; x_wconf 86' lang='lat' dir='ltr'><strong>enim</strong></span> <span class='ocrx_word' id='word_1_83' title='bbox 759 1160 871 1239; x_wconf 84' lang='lat' dir='ltr'><strong>cognito</strong></span> <span class='ocrx_word' id='word_1_84' title='bbox 881 1204 889 1232; x_wconf 85' lang='lat'><em>,</em></span> <span class='ocrx_word' id='word_1_85' title='bbox 910 1172 1010 1239; x_wconf 90' lang='lat' dir='ltr'><strong>sponte</strong></span> <span class='ocrx_word' id='word_1_86' title='bbox 1028 1148 1080 1219; x_wconf 87' lang='lat' dir='ltr'><strong>nos</strong></span> <span class='ocrx_word' id='word_1_87' title='bbox 1104 1161 1205 1222; x_wconf 83' lang='lat' dir='ltr'><strong>videre</strong></span> <span class='ocrx_word' id='word_1_88' title='bbox 1223 1161 1302 1242; x_wconf 51' lang='lat' dir='ltr'><strong>¹quid</strong></span> 
     </span>
     <span class='ocr_line' id='line_1_10' title="bbox 33 1255 1303 1347; baseline -0.006 -23"><span class='ocrx_word' id='word_1_89' title='bbox 33 1298 37 1304; x_wconf 86' lang='lat'><strong>·</strong></span> <span class='ocrx_word' id='word_1_90' title='bbox 79 1261 275 1347; x_wconf 84' lang='lat' dir='ltr'><strong>expetendum</strong></span> <span class='ocrx_word' id='word_1_91' title='bbox 294 1261 350 1333; x_wconf 85' lang='lat' dir='ltr'><strong>eit,</strong></span> <span class='ocrx_word' id='word_1_92' title='bbox 378 1256 450 1336; x_wconf 89' lang='lat' dir='ltr'><strong>quid</strong></span> <span class='ocrx_word' id='word_1_93' title='bbox 477 1256 657 1337; x_wconf 81' lang='lat' dir='ltr'><strong>fugiendum.</strong></span> <span class='ocrx_word' id='word_1_94' title='bbox 709 1257 765 1319; x_wconf 83' lang='lat' dir='ltr'><strong>Illa</strong></span> <span class='ocrx_word' id='word_1_95' title='bbox 792 1255 1007 1331; x_wconf 85' lang='lat' dir='ltr'><strong>sacerdotibus,</strong></span> <span class='ocrx_word' id='word_1_96' title='bbox 1032 1257 1101 1317; x_wconf 86' lang='lat' dir='ltr'><strong>haec</strong></span> <span class='ocrx_word' id='word_1_97' title='bbox 1121 1258 1303 1341; x_wconf 82' lang='lat' dir='ltr'><strong>pbilosophis</strong></span> 
     </span>
     <span class='ocr_line' id='line_1_11' title="bbox 79 1354 1303 1443; baseline -0.005 -23"><span class='ocrx_word' id='word_1_98' title='bbox 79 1378 146 1425; x_wconf 81' lang='lat' dir='ltr'><strong>eunt</strong></span> <span class='ocrx_word' id='word_1_99' title='bbox 173 1360 298 1443; x_wconf 87' lang='lat' dir='ltr'><strong>propria.</strong></span> <span class='ocrx_word' id='word_1_100' title='bbox 343 1356 415 1416; x_wconf 87' lang='lat' dir='ltr'><strong>Nam</strong></span> <span class='ocrx_word' id='word_1_101' title='bbox 440 1354 599 1417; x_wconf 76' lang='lat' dir='ltr'><strong>sacerdotes</strong></span> <span class='ocrx_word' id='word_1_102' title='bbox 622 1376 668 1417; x_wconf 86' lang='lat' dir='ltr'><strong>eos</strong></span> <span class='ocrx_word' id='word_1_103' title='bbox 695 1376 796 1415; x_wconf 85' lang='lat' dir='ltr'><strong>vocare</strong></span> <span class='ocrx_word' id='word_1_104' title='bbox 824 1355 952 1436; x_wconf 76' lang='lat' dir='ltr'><strong>impuros</strong></span> <span class='ocrx_word' id='word_1_105' title='bbox 983 1355 1132 1430; x_wconf 87' lang='lat' dir='ltr'><strong>solebant,</strong></span> <span class='ocrx_word' id='word_1_106' title='bbox 1162 1355 1214 1434; x_wconf 90' lang='lat' dir='ltr'><strong>qui</strong></span> <span class='ocrx_word' id='word_1_107' title='bbox 1243 1356 1303 1415; x_wconf 80' lang='lat' dir='ltr'><strong>suis</strong></span> 
     </span>
     <span class='ocr_line' id='line_1_12' title="bbox 79 1452 1303 1544; baseline -0.005 -25"><span class='ocrx_word' id='word_1_108' title='bbox 79 1459 238 1544; x_wconf 80' lang='lat' dir='ltr'><strong>praeceptis</strong></span> <span class='ocrx_word' id='word_1_109' title='bbox 256 1455 335 1517; x_wconf 85' lang='lat' dir='ltr'><strong>baud</strong></span> <span class='ocrx_word' id='word_1_110' title='bbox 353 1453 597 1534; x_wconf 80' lang='lat' dir='ltr'><strong>obtemperarent:</strong></span> <span class='ocrx_word' id='word_1_111' title='bbox 626 1453 843 1536; x_wconf 81' lang='lat' dir='ltr'><strong>praecipiebant</strong></span> <span class='ocrx_word' id='word_1_112' title='bbox 870 1466 965 1513; x_wconf 86' lang='lat' dir='ltr'><strong>antem</strong></span> <span class='ocrx_word' id='word_1_113' title='bbox 988 1474 1037 1527; x_wconf 86' lang='lat' dir='ltr'><strong>ea,</strong></span> <span class='ocrx_word' id='word_1_114' title='bbox 1060 1474 1132 1532; x_wconf 90' lang='lat' dir='ltr'><strong>quae</strong></span> <span class='ocrx_word' id='word_1_115' title='bbox 1156 1452 1303 1513; x_wconf 78' lang='lat' dir='ltr'><strong>divinitus</strong></span> 
     </span>
     <span class='ocr_line' id='line_1_13' title="bbox 79 1548 1301 1632; baseline -0.009 -13"><span class='ocrx_word' id='word_1_116' title='bbox 79 1555 318 1621; x_wconf 86' lang='lat' dir='ltr'><strong>existimabantur</strong></span> <span class='ocrx_word' id='word_1_117' title='bbox 336 1572 404 1630; x_wconf 76' lang='lat' dir='ltr'><strong>tera</strong></span> <span class='ocrx_word' id='word_1_118' title='bbox 423 1565 450 1610; x_wconf 90' lang='lat' dir='ltr'><strong>et</strong></span> <span class='ocrx_word' id='word_1_119' title='bbox 465 1553 560 1629; x_wconf 85' lang='lat' dir='ltr'><strong>justa:</strong></span> <span class='ocrx_word' id='word_1_120' title='bbox 582 1548 632 1611; x_wconf 86' lang='lat' dir='ltr'><strong>sed</strong></span> <span class='ocrx_word' id='word_1_121' title='bbox 646 1549 845 1632; x_wconf 83' lang='lat' dir='ltr'><strong>philosophiae</strong></span> <span class='ocrx_word' id='word_1_122' title='bbox 860 1563 901 1609; x_wconf 88' lang='lat' dir='ltr'><strong>est</strong></span> <span class='ocrx_word' id='word_1_123' title='bbox 915 1557 1091 1629; x_wconf 81' lang='lat' dir='ltr'><strong>inquirere,</strong></span> <span class='ocrx_word' id='word_1_124' title='bbox 1110 1551 1183 1630; x_wconf 85' lang='lat' dir='ltr'><strong>quid</strong></span> <span class='ocrx_word' id='word_1_125' title='bbox 1201 1569 1301 1611; x_wconf 75' lang='lat' dir='ltr'><strong>veruta</strong></span> 
     </span>
     <span class='ocr_line' id='line_1_14' title="bbox 78 1647 1302 1735; baseline -0.009 -17"><span class='ocrx_word' id='word_1_126' title='bbox 78 1659 135 1731; x_wconf 86' lang='lat' dir='ltr'><strong>sit,</strong></span> <span class='ocrx_word' id='word_1_127' title='bbox 154 1653 226 1735; x_wconf 87' lang='lat' dir='ltr'><strong>quid</strong></span> <span class='ocrx_word' id='word_1_128' title='bbox 241 1655 364 1732; x_wconf 84' lang='lat' dir='ltr'><strong>justum,</strong></span> <span class='ocrx_word' id='word_1_129' title='bbox 385 1669 437 1708; x_wconf 91' lang='lat' dir='ltr'><strong>nec</strong></span> <span class='ocrx_word' id='word_1_130' title='bbox 457 1648 612 1728; x_wconf 86' lang='lat' dir='ltr'><strong>quidquam</strong></span> <span class='ocrx_word' id='word_1_131' title='bbox 631 1648 719 1711; x_wconf 83' lang='lat' dir='ltr'><strong>habet</strong></span> <span class='ocrx_word' id='word_1_132' title='bbox 741 1648 905 1726; x_wconf 82' lang='lat' dir='ltr'><strong>antiquius,</strong></span> <span class='ocrx_word' id='word_1_133' title='bbox 925 1670 1011 1727; x_wconf 87' lang='lat' dir='ltr'><strong>quam</strong></span> <span class='ocrx_word' id='word_1_134' title='bbox 1031 1647 1199 1728; x_wconf 88' lang='lat' dir='ltr'><strong>inquirendi</strong></span> <span class='ocrx_word' id='word_1_135' title='bbox 1223 1647 1302 1708; x_wconf 79' lang='lat' dir='ltr'><strong>veri·</strong></span> 
     </span>
     <span class='ocr_line' id='line_1_15' title="bbox 78 1745 1301 1834; baseline -0.005 -22"><span class='ocrx_word' id='word_1_136' title='bbox 78 1774 134 1834; x_wconf 91' lang='lat' dir='ltr'><strong>que</strong></span> <span class='ocrx_word' id='word_1_137' title='bbox 152 1748 321 1830; x_wconf 85' lang='lat' dir='ltr'><strong>assequendi</strong></span> <span class='ocrx_word' id='word_1_138' title='bbox 340 1767 515 1811; x_wconf 82' lang='lat' dir='ltr'><strong>summovere</strong></span> <span class='ocrx_word' id='word_1_139' title='bbox 534 1746 748 1828; x_wconf 70' lang='lat' dir='ltr'><strong>impedituram.</strong></span> <span class='ocrx_word' id='word_1_140' title='bbox 788 1745 863 1807; x_wconf 84' lang='lat' dir='ltr'><strong>Sunt</strong></span> <span class='ocrx_word' id='word_1_141' title='bbox 880 1760 973 1806; x_wconf 88' lang='lat' dir='ltr'><strong>autern</strong></span> <span class='ocrx_word' id='word_1_142' title='bbox 993 1747 1046 1807; x_wconf 81' lang='lat' dir='ltr'><strong>illa</strong></span> <span class='ocrx_word' id='word_1_143' title='bbox 1064 1747 1096 1807; x_wconf 90' lang='lat' dir='ltr'><strong>in</strong></span> <span class='ocrx_word' id='word_1_144' title='bbox 1115 1747 1217 1827; x_wconf 83' lang='lat' dir='ltr'><strong>primis</strong></span> <span class='ocrx_word' id='word_1_145' title='bbox 1238 1767 1301 1806; x_wconf 85' lang='lat' dir='ltr'><strong>sen·</strong></span> 
     </span>
     <span class='ocr_line' id='line_1_16' title="bbox 79 1824 1300 1931; baseline -0.007 -18"><span class='ocrx_word' id='word_1_146' title='bbox 79 1874 146 1926; x_wconf 80' lang='lat' dir='ltr'><strong>sne,</strong></span> <span class='ocrx_word' id='word_1_147' title='bbox 167 1850 344 1931; x_wconf 82' lang='lat' dir='ltr'><strong>voluptates,</strong></span> <span class='ocrx_word' id='word_1_148' title='bbox 363 1845 496 1920; x_wconf 85' lang='lat' dir='ltr'><strong>dolores,</strong></span> <span class='ocrx_word' id='word_1_149' title='bbox 515 1846 638 1905; x_wconf 87' lang='lat' dir='ltr'><strong>timores.</strong></span> <span class='ocrx_word' id='word_1_150' title='bbox 679 1844 733 1905; x_wconf 87' lang='lat' dir='ltr'><strong>Hie</strong></span> <span class='ocrx_word' id='word_1_151' title='bbox 752 1844 885 1918; x_wconf 68' lang='lat' dir='ltr'><strong>mineus,</strong></span> <span class='ocrx_word' id='word_1_152' title='bbox 903 1824 1016 1905; x_wconf 78' lang='lat' dir='ltr'><strong>animus</strong></span> <span class='ocrx_word' id='word_1_153' title='bbox 1035 1845 1067 1903; x_wconf 89' lang='lat' dir='ltr'><strong>in</strong></span> <span class='ocrx_word' id='word_1_154' title='bbox 1086 1865 1164 1905; x_wconf 85' lang='lat' dir='ltr'><strong>suam</strong></span> <span class='ocrx_word' id='word_1_155' title='bbox 1188 1865 1218 1905; x_wconf 87' lang='lat' dir='ltr'><strong>ee</strong></span> <span class='ocrx_word' id='word_1_156' title='bbox 1236 1845 1300 1905; x_wconf 80' lang='lat' dir='ltr'><strong>vin·</strong></span> 
     </span>
     <span class='ocr_line' id='line_1_17' title="bbox 79 1941 1299 2024; baseline -0.01 -12"><span class='ocrx_word' id='word_1_157' title='bbox 79 1951 157 2012; x_wconf 83' lang='lat' dir='ltr'><strong>dicat</strong></span> <span class='ocrx_word' id='word_1_158' title='bbox 176 1948 355 2019; x_wconf 83' lang='lat' dir='ltr'><strong>libertatem,</strong></span> <span class='ocrx_word' id='word_1_159' title='bbox 377 1943 453 2004; x_wconf 88' lang='lat' dir='ltr'><strong>ultro</strong></span> <span class='ocrx_word' id='word_1_160' title='bbox 472 1941 568 2003; x_wconf 87' lang='lat' dir='ltr'><strong>tendit</strong></span> <span class='ocrx_word' id='word_1_161' title='bbox 583 1941 624 2003; x_wconf 52' lang='lat' dir='ltr'><strong>*ad</strong></span> <span class='ocrx_word' id='word_1_162' title='bbox 641 1964 740 2005; x_wconf 79' lang='lat' dir='ltr'><strong>verum</strong></span> <span class='ocrx_word' id='word_1_163' title='bbox 759 1955 788 2001; x_wconf 88' lang='lat' dir='ltr'><strong>et</strong></span> <span class='ocrx_word' id='word_1_164' title='bbox 801 1943 924 2020; x_wconf 81' lang='lat' dir='ltr'><strong>justum,</strong></span> <span class='ocrx_word' id='word_1_165' title='bbox 945 1962 1033 2024; x_wconf 90' lang='lat' dir='ltr'><strong>purus</strong></span> <span class='ocrx_word' id='word_1_166' title='bbox 1056 1941 1089 2004; x_wconf 86' lang='lat' dir='ltr'><strong>fit</strong></span> <span class='ocrx_word' id='word_1_167' title='bbox 1109 1957 1138 2002; x_wconf 86' lang='lat' dir='ltr'><strong>ct</strong></span> <span class='ocrx_word' id='word_1_168' title='bbox 1162 1943 1299 2001; x_wconf 68' lang='lat' dir='ltr'><strong>sincerae</strong></span> 
     </span>
    </p>

    <p class='ocr_par' dir='ltr' id='par_1_4' title="bbox 78 2039 1301 2225">
     <span class='ocr_line' id='line_1_18' title="bbox 118 2039 1301 2121; baseline -0.008 -14"><span class='ocrx_word' id='word_1_169' title='bbox 118 2050 296 2107; x_wconf 81' lang='lat' dir='ltr'><strong>Praesentem</strong></span> <span class='ocrx_word' id='word_1_170' title='bbox 322 2042 413 2101; x_wconf 89' lang='lat' dir='ltr'><strong>animi</strong></span> <span class='ocrx_word' id='word_1_171' title='bbox 446 2039 640 2101; x_wconf 89' lang='lat' dir='ltr'><strong>conditionem</strong></span> <span class='ocrx_word' id='word_1_172' title='bbox 667 2041 707 2099; x_wconf 89' lang='lat' dir='ltr'><strong>sic</strong></span> <span class='ocrx_word' id='word_1_173' title='bbox 735 2039 790 2099; x_wconf 90' lang='lat' dir='ltr'><strong>sibi</strong></span> <span class='ocrx_word' id='word_1_174' title='bbox 820 2039 1014 2100; x_wconf 82' lang='lat' dir='ltr'><strong>informabant</strong></span> <span class='ocrx_word' id='word_1_175' title='bbox 1040 2041 1227 2121; x_wconf 80' lang='lat' dir='ltr'><strong>Pythagorei,</strong></span> <span class='ocrx_word' id='word_1_176' title='bbox 1246 2052 1301 2113; x_wconf 80' lang='lat' dir='ltr'><strong>ut,</strong></span> 
     </span>
     <span class='ocr_line' id='line_1_19' title="bbox 78 2136 1097 2225; baseline -0.007 -20"><span class='ocrx_word' id='word_1_177' title='bbox 78 2160 213 2225; x_wconf 87' lang='lat' dir='ltr'><strong>tanquam</strong></span> <span class='ocrx_word' id='word_1_178' title='bbox 231 2162 342 2202; x_wconf 87' lang='lat' dir='ltr'><strong>carcere</strong></span> <span class='ocrx_word' id='word_1_179' title='bbox 360 2137 483 2218; x_wconf 86' lang='lat' dir='ltr'><strong>quodam</strong></span> <span class='ocrx_word' id='word_1_180' title='bbox 492 2182 501 2211; x_wconf 90' lang='lat'><em>,</em></span> <span class='ocrx_word' id='word_1_181' title='bbox 522 2159 639 2219; x_wconf 87' lang='lat' dir='ltr'><strong>corpore</strong></span> <span class='ocrx_word' id='word_1_182' title='bbox 659 2157 723 2198; x_wconf 86' lang='lat' dir='ltr'><strong>eum</strong></span> <span class='ocrx_word' id='word_1_183' title='bbox 741 2136 885 2199; x_wconf 84' lang='lat' dir='ltr'><strong>inclusum</strong></span> <span class='ocrx_word' id='word_1_184' title='bbox 902 2137 1097 2218; x_wconf 79' lang='lat' dir='ltr'><strong>perhiberent.</strong></span> 
     </span>
    </p>

    <p class='ocr_par' dir='ltr' id='par_1_5' title="bbox 167 2236 1190 2416">
     <span class='ocr_line' id='line_1_20' title="bbox 167 2236 1190 2317; baseline -0.007 -18"><span class='ocrx_word' id='word_1_185' title='bbox 167 2242 248 2301; x_wconf 83' lang='lat' dir='ltr'><strong>Hinc</strong></span> <span class='ocrx_word' id='word_1_186' title='bbox 265 2247 405 2298; x_wconf 80' lang='lat' dir='ltr'><strong>metuunt</strong></span> <span class='ocrx_word' id='word_1_187' title='bbox 420 2243 621 2314; x_wconf 81' lang='lat' dir='ltr'><strong>cupiuntque,</strong></span> <span class='ocrx_word' id='word_1_188' title='bbox 640 2236 739 2294; x_wconf 79' lang='lat' dir='ltr'><strong>dolent</strong></span> <span class='ocrx_word' id='word_1_189' title='bbox 754 2236 944 2314; x_wconf 68' lang='lat' dir='ltr'><strong>gaudentque</strong></span> <span class='ocrx_word' id='word_1_190' title='bbox 954 2280 962 2309; x_wconf 92' lang='lat'><strong><em>,</em></strong></span> <span class='ocrx_word' id='word_1_191' title='bbox 983 2258 1075 2317; x_wconf 74' lang='lat' dir='ltr'><strong>reaque</strong></span> <span class='ocrx_word' id='word_1_192' title='bbox 1095 2257 1190 2294; x_wconf 79' lang='lat' dir='ltr'><strong>auree</strong></span> 
     </span>
     <span class='ocr_line' id='line_1_21' title="bbox 168 2331 1000 2416; baseline -0.007 -17"><span class='ocrx_word' id='word_1_193' title='bbox 168 2338 364 2416; x_wconf 82' lang='lat' dir='ltr'><strong>Dirpice‘nnt‚</strong></span> <span class='ocrx_word' id='word_1_194' title='bbox 384 2335 504 2392; x_wconf 76' lang='lat' dir='ltr'><strong>aloem</strong></span> <span class='ocrx_word' id='word_1_195' title='bbox 522 2335 651 2392; x_wconf 78' lang='lat' dir='ltr'><strong>tenebris</strong></span> <span class='ocrx_word' id='word_1_196' title='bbox 670 2344 699 2392; x_wconf 83' lang='lat' dir='ltr'><strong>et</strong></span> <span class='ocrx_word' id='word_1_197' title='bbox 717 2353 836 2393; x_wconf 82' lang='lat' dir='ltr'><strong>carcere</strong></span> <span class='ocrx_word' id='word_1_198' title='bbox 860 2355 947 2394; x_wconf 86' lang='lat' dir='ltr'><strong>coeco.</strong></span> <span class='ocrx_word' id='word_1_199' title='bbox 968 2331 1000 2413; x_wconf 76' lang='grc'>2)</span> 
     </span>
    </p>

    <p class='ocr_par' dir='ltr' id='par_1_6' title="bbox 74 2430 1300 3890">
     <span class='ocr_line' id='line_1_22' title="bbox 122 2430 1299 2512; baseline -0.006 -13"><span class='ocrx_word' id='word_1_200' title='bbox 122 2440 224 2500; x_wconf 88' lang='lat' dir='ltr'><strong>Sumus</strong></span> <span class='ocrx_word' id='word_1_201' title='bbox 245 2456 315 2509; x_wconf 91' lang='lat' dir='ltr'><strong>nos,</strong></span> <span class='ocrx_word' id='word_1_202' title='bbox 344 2433 385 2492; x_wconf 88' lang='lat' dir='ltr'><strong>ait</strong></span> <span class='ocrx_word' id='word_1_203' title='bbox 397 2432 514 2506; x_wconf 86' lang='lat' dir='ltr'><strong>Cicero,</strong></span> <span class='ocrx_word' id='word_1_204' title='bbox 536 2432 603 2491; x_wconf 88' lang='lat' dir='ltr'><strong>item</strong></span> <span class='ocrx_word' id='word_1_205' title='bbox 622 2430 810 2512; x_wconf 84' lang='lat' dir='ltr'><strong>Pythagoreos</strong></span> <span class='ocrx_word' id='word_1_206' title='bbox 826 2445 955 2505; x_wconf 84' lang='lat' dir='ltr'><strong>secutus,</strong></span> <span class='ocrx_word' id='word_1_207' title='bbox 970 2452 1066 2493; x_wconf 87' lang='lat' dir='ltr'><strong>sumus</strong></span> <span class='ocrx_word' id='word_1_208' title='bbox 1085 2432 1116 2492; x_wconf 92' lang='lat' dir='ltr'><strong>in</strong></span> <span class='ocrx_word' id='word_1_209' title='bbox 1131 2433 1176 2492; x_wconf 92' lang='lat' dir='ltr'><strong>his</strong></span> <span class='ocrx_word' id='word_1_210' title='bbox 1193 2431 1299 2493; x_wconf 86' lang='lat' dir='ltr'><strong>inclusi</strong></span> 
     </span>
     <span class='ocr_line' id='line_1_23' title="bbox 79 2528 1300 2621; baseline -0.006 -22"><span class='ocrx_word' id='word_1_211' title='bbox 79 2534 260 2621; x_wconf 83' lang='lat' dir='ltr'><strong>compagibus</strong></span> <span class='ocrx_word' id='word_1_212' title='bbox 274 2531 415 2613; x_wconf 73' lang='lat' dir='ltr'><strong>corporis„</strong></span> <span class='ocrx_word' id='word_1_213' title='bbox 430 2544 460 2605; x_wconf 88' lang='lat' dir='ltr'><strong>et</strong></span> <span class='ocrx_word' id='word_1_214' title='bbox 477 2550 595 2593; x_wconf 82' lang='lat' dir='ltr'><strong>munere</strong></span> <span class='ocrx_word' id='word_1_215' title='bbox 609 2528 731 2609; x_wconf 89' lang='lat' dir='ltr'><strong>quodam</strong></span> <span class='ocrx_word' id='word_1_216' title='bbox 749 2529 923 2591; x_wconf 83' lang='lat' dir='ltr'><strong>necessitatis</strong></span> <span class='ocrx_word' id='word_1_217' title='bbox 932 2543 961 2589; x_wconf 91' lang='lat' dir='ltr'><strong>et</strong></span> <span class='ocrx_word' id='word_1_218' title='bbox 969 2529 1050 2609; x_wconf 83' lang='lat' dir='ltr'><strong>gravi</strong></span> <span class='ocrx_word' id='word_1_219' title='bbox 1058 2550 1143 2610; x_wconf 85' lang='lat' dir='ltr'><strong>opere</strong></span> <span class='ocrx_word' id='word_1_220' title='bbox 1152 2532 1300 2612; x_wconf 77' lang='lat' dir='ltr'><strong>perfungi·</strong></span> 
     </span>
     <span class='ocr_line' id='line_1_24' title="bbox 79 2626 1299 2713; baseline -0.007 -16"><span class='ocrx_word' id='word_1_221' title='bbox 79 2658 151 2697; x_wconf 90' lang='lat' dir='ltr'><strong>mur.</strong></span> <span class='ocrx_word' id='word_1_222' title='bbox 171 2631 203 2713; x_wconf 89' lang='lat'><strong>3)</strong></span> <span class='ocrx_word' id='word_1_223' title='bbox 222 2629 362 2692; x_wconf 86' lang='lat' dir='ltr'><strong>Similiter</strong></span> <span class='ocrx_word' id='word_1_224' title='bbox 379 2628 460 2689; x_wconf 86' lang='lat' dir='ltr'><strong>Plato</strong></span> <span class='ocrx_word' id='word_1_225' title='bbox 477 2628 604 2689; x_wconf 87' lang='lat' dir='ltr'><strong>animum</strong></span> <span class='ocrx_word' id='word_1_226' title='bbox 623 2627 696 2688; x_wconf 88' lang='lat' dir='ltr'><strong>dicit</strong></span> <span class='ocrx_word' id='word_1_227' title='bbox 720 2626 850 2687; x_wconf 81' lang='lat' dir='ltr'><strong>vinctum</strong></span> <span class='ocrx_word' id='word_1_228' title='bbox 874 2647 933 2687; x_wconf 88' lang='lat' dir='ltr'><strong>esse</strong></span> <span class='ocrx_word' id='word_1_229' title='bbox 951 2647 1081 2708; x_wconf 87' lang='lat' dir='ltr'><strong>corpore,</strong></span> <span class='ocrx_word' id='word_1_230' title='bbox 1101 2629 1184 2707; x_wconf 84' lang='lat' dir='ltr'><strong>eique</strong></span> <span class='ocrx_word' id='word_1_231' title='bbox 1208 2629 1299 2697; x_wconf 78' lang='lat' dir='ltr'><strong>,veluti</strong></span> 
     </span>
     <span class='ocr_line' id='line_1_25' title="bbox 80 2722 1298 2815; baseline -0.009 -19"><span class='ocrx_word' id='word_1_232' title='bbox 80 2733 323 2815; x_wconf 82' lang='lat' dir='ltr'><strong>conglutinatum:</strong></span> <span class='ocrx_word' id='word_1_233' title='bbox 345 2724 377 2807; x_wconf 77' lang='lat'><strong>4)</strong></span> <span class='ocrx_word' id='word_1_234' title='bbox 396 2725 523 2807; x_wconf 83' lang='lat' dir='ltr'><strong>singulas</strong></span> <span class='ocrx_word' id='word_1_235' title='bbox 542 2725 718 2807; x_wconf 82' lang='lat' dir='ltr'><strong>voluptates,</strong></span> <span class='ocrx_word' id='word_1_236' title='bbox 738 2723 867 2805; x_wconf 83' lang='lat' dir='ltr'><strong>singulos</strong></span> <span class='ocrx_word' id='word_1_237' title='bbox 879 2722 992 2784; x_wconf 89' lang='lat' dir='ltr'><strong>dolores</strong></span> <span class='ocrx_word' id='word_1_238' title='bbox 1010 2726 1090 2804; x_wconf 89' lang='lat' dir='ltr'><strong>quasi</strong></span> <span class='ocrx_word' id='word_1_239' title='bbox 1108 2724 1205 2788; x_wconf 81' lang='lat' dir='ltr'><strong>claros</strong></span> <span class='ocrx_word' id='word_1_240' title='bbox 1223 2747 1298 2802; x_wconf 88' lang='lat' dir='ltr'><strong>esse,</strong></span> 
     </span>
     <span class='ocr_line' id='line_1_26' title="bbox 80 2817 1299 2913; baseline -0.006 -22"><span class='ocrx_word' id='word_1_241' title='bbox 80 2832 184 2913; x_wconf 90' lang='lat' dir='ltr'><strong>quibus</strong></span> <span class='ocrx_word' id='word_1_242' title='bbox 208 2829 319 2888; x_wconf 87' lang='lat' dir='ltr'><strong>animus</strong></span> <span class='ocrx_word' id='word_1_243' title='bbox 337 2826 448 2906; x_wconf 88' lang='lat' dir='ltr'><strong>corpori</strong></span> <span class='ocrx_word' id='word_1_244' title='bbox 466 2821 597 2904; x_wconf 83' lang='lat' dir='ltr'><strong>affigatur</strong></span> <span class='ocrx_word' id='word_1_245' title='bbox 616 2837 644 2882; x_wconf 93' lang='lat' dir='ltr'><strong>et</strong></span> <span class='ocrx_word' id='word_1_246' title='bbox 657 2836 853 2887; x_wconf 86' lang='lat' dir='ltr'><strong>connectatur.</strong></span> <span class='ocrx_word' id='word_1_247' title='bbox 874 2817 905 2901; x_wconf 85' lang='lat'><strong>5)</strong></span> <span class='ocrx_word' id='word_1_248' title='bbox 934 2820 991 2884; x_wconf 88' lang='lat' dir='ltr'><strong>Sed</strong></span> <span class='ocrx_word' id='word_1_249' title='bbox 1005 2822 1106 2898; x_wconf 86' lang='lat' dir='ltr'><strong>addit,</strong></span> <span class='ocrx_word' id='word_1_250' title='bbox 1127 2824 1190 2884; x_wconf 85' lang='lat' dir='ltr'><strong>fieri</strong></span> <span class='ocrx_word' id='word_1_251' title='bbox 1211 2826 1251 2884; x_wconf 90' lang='lat' dir='ltr'><strong>ita</strong></span> <span class='ocrx_word' id='word_1_252' title='bbox 1268 2837 1299 2884; x_wconf 87' lang='lat' dir='ltr'><strong>ut</strong></span> 
     </span>
     <span class='ocr_line' id='line_1_27' title="bbox 79 2919 1299 3003; baseline -0.008 -13"><span class='ocrx_word' id='word_1_253' title='bbox 79 2931 191 2991; x_wconf 89' lang='lat' dir='ltr'><strong>animus</strong></span> <span class='ocrx_word' id='word_1_254' title='bbox 205 2927 352 2988; x_wconf 83' lang='lat' dir='ltr'><strong>veritatem</strong></span> <span class='ocrx_word' id='word_1_255' title='bbox 362 2943 421 2981; x_wconf 89' lang='lat' dir='ltr'><strong>non</strong></span> <span class='ocrx_word' id='word_1_256' title='bbox 440 2923 499 3001; x_wconf 85' lang='lat' dir='ltr'><strong>ipsc</strong></span> <span class='ocrx_word' id='word_1_257' title='bbox 513 2942 564 3003; x_wconf 91' lang='lat' dir='ltr'><strong>per</strong></span> <span class='ocrx_word' id='word_1_258' title='bbox 583 2942 626 2996; x_wconf 82' lang='lat' dir='ltr'><strong>se,</strong></span> <span class='ocrx_word' id='word_1_259' title='bbox 647 2919 697 2981; x_wconf 90' lang='lat' dir='ltr'><strong>sed</strong></span> <span class='ocrx_word' id='word_1_260' title='bbox 717 2939 767 3002; x_wconf 92' lang='lat' dir='ltr'><strong>per</strong></span> <span class='ocrx_word' id='word_1_261' title='bbox 785 2919 863 2979; x_wconf 91' lang='lat' dir='ltr'><strong>hunc</strong></span> <span class='ocrx_word' id='word_1_262' title='bbox 872 2941 1012 2980; x_wconf 91' lang='lat' dir='ltr'><strong>carcerem</strong></span> <span class='ocrx_word' id='word_1_263' title='bbox 1021 2919 1195 2997; x_wconf 86' lang='lat' dir='ltr'><strong>consideret,</strong></span> <span class='ocrx_word' id='word_1_264' title='bbox 1215 2936 1299 3002; x_wconf 88' lang='lat' dir='ltr'><strong>atque</strong></span> 
     </span>
     <span class='ocr_line' id='line_1_28' title="bbox 79 3007 1299 3101; baseline -0.007 -14"><span class='ocrx_word' id='word_1_265' title='bbox 79 3030 112 3088; x_wconf 90' lang='lat' dir='ltr'><strong>in</strong></span> <span class='ocrx_word' id='word_1_266' title='bbox 132 3046 237 3085; x_wconf 91' lang='lat' dir='ltr'><strong>summa</strong></span> <span class='ocrx_word' id='word_1_267' title='bbox 257 3034 384 3082; x_wconf 86' lang='lat' dir='ltr'><strong>versetur</strong></span> <span class='ocrx_word' id='word_1_268' title='bbox 408 3039 503 3078; x_wconf 88' lang='lat' dir='ltr'><strong>rerum</strong></span> <span class='ocrx_word' id='word_1_269' title='bbox 522 3017 696 3098; x_wconf 81' lang='lat' dir='ltr'><strong>ignorantia3</strong></span> <span class='ocrx_word' id='word_1_270' title='bbox 719 3007 952 3098; x_wconf 70' lang='grc' dir='ltr'><strong><em>ἅναγιαζομένην</em></strong></span> <span class='ocrx_word' id='word_1_271' title='bbox 973 3013 1021 3092; x_wconf 77' lang='grc' dir='ltr'><strong>δὲ,</strong></span> <span class='ocrx_word' id='word_1_272' title='bbox 1044 3009 1141 3100; x_wconf 71' lang='grc' dir='ltr'><em>ὥσπερ</em></span> <span class='ocrx_word' id='word_1_273' title='bbox 1163 3013 1202 3080; x_wconf 75' lang='grc' dir='ltr'><strong>δι’</strong></span> <span class='ocrx_word' id='word_1_274' title='bbox 1221 3017 1299 3101; x_wconf 74' lang='grc' dir='ltr'><strong><em>εἱργ-</em></strong></span> 
     </span>
     <span class='ocr_line' id='line_1_29' title="bbox 78 3106 1298 3205; baseline -0.003 -23"><span class='ocrx_word' id='word_1_275' title='bbox 78 3124 139 3205; x_wconf 75' lang='grc' dir='ltr'><strong>μυῦ</strong></span> <span class='ocrx_word' id='word_1_276' title='bbox 147 3171 157 3198; x_wconf 87' lang='grc'><em>,</em></span> <span class='ocrx_word' id='word_1_277' title='bbox 190 3115 239 3183; x_wconf 79' lang='lat' dir='ltr'><strong>deci</strong></span> <span class='ocrx_word' id='word_1_278' title='bbox 275 3111 380 3179; x_wconf 76' lang='grc' dir='ltr'><strong><em>τούτου</em></strong></span> <span class='ocrx_word' id='word_1_279' title='bbox 418 3119 589 3178; x_wconf 75' lang='grc' dir='ltr'><strong><em>σκοπεῖσθαι</em></strong></span> <span class='ocrx_word' id='word_1_280' title='bbox 619 3109 657 3177; x_wconf 73' lang='lat' dir='ltr'><strong>toi</strong></span> <span class='ocrx_word' id='word_1_281' title='bbox 690 3106 789 3193; x_wconf 41' lang='grc' dir='ltr'>ὄντα)</span> <span class='ocrx_word' id='word_1_282' title='bbox 814 3113 886 3181; x_wconf 61' lang='lat' dir='ltr'><strong>(idid</strong></span> <span class='ocrx_word' id='word_1_283' title='bbox 917 3113 962 3202; x_wconf 64' lang='grc' dir='ltr'><strong>μή</strong></span> <span class='ocrx_word' id='word_1_284' title='bbox 997 3113 1089 3201; x_wconf 64' lang='grc' dir='ltr'><em>αὐτήν</em></span> <span class='ocrx_word' id='word_1_285' title='bbox 1120 3114 1158 3183; x_wconf 77' lang='grc' dir='ltr'><strong>δι’</strong></span> <span class='ocrx_word' id='word_1_286' title='bbox 1189 3114 1298 3204; x_wconf 76' lang='grc' dir='ltr'><strong><em>αὐτῆς,</em></strong></span> 
     </span>
     <span class='ocr_line' id='line_1_30' title="bbox 77 3213 1298 3307; baseline -0.006 -18"><span class='ocrx_word' id='word_1_287' title='bbox 77 3224 126 3289; x_wconf 82' lang='grc' dir='ltr'><strong>καὶ</strong></span> <span class='ocrx_word' id='word_1_288' title='bbox 157 3222 188 3284; x_wconf 79' lang='grc' dir='ltr'><strong>ἐν</strong></span> <span class='ocrx_word' id='word_1_289' title='bbox 218 3215 300 3307; x_wconf 69' lang='grc' dir='ltr'>πάσῃ</span> <span class='ocrx_word' id='word_1_290' title='bbox 332 3213 452 3303; x_wconf 69' lang='grc' dir='ltr'><em>ἀμαθίᾳ</em></span> <span class='ocrx_word' id='word_1_291' title='bbox 480 3213 706 3300; x_wconf 62' lang='grc' dir='ltr'><strong>κιλινδουμάνην.</strong></span> <span class='ocrx_word' id='word_1_292' title='bbox 740 3220 772 3302; x_wconf 89' lang='grc'><strong>6)</strong></span> <span class='ocrx_word' id='word_1_293' title='bbox 805 3222 842 3281; x_wconf 88' lang='lat' dir='ltr'><strong>Et</strong></span> <span class='ocrx_word' id='word_1_294' title='bbox 869 3242 937 3283; x_wconf 79' lang='lat' dir='ltr'><strong>vero</strong></span> <span class='ocrx_word' id='word_1_295' title='bbox 955 3223 987 3285; x_wconf 88' lang='lat' dir='ltr'><strong>in</strong></span> <span class='ocrx_word' id='word_1_296' title='bbox 1015 3222 1160 3283; x_wconf 88' lang='lat' dir='ltr'><strong>Platonica</strong></span> <span class='ocrx_word' id='word_1_297' title='bbox 1188 3245 1298 3304; x_wconf 82' lang='lat' dir='ltr'><strong>compa·</strong></span> 
     </span>
     <span class='ocr_line' id='line_1_31' title="bbox 79 3318 1299 3400; baseline -0.007 -11"><span class='ocrx_word' id='word_1_298' title='bbox 79 3329 188 3389; x_wconf 87' lang='lat' dir='ltr'><strong>ratione</strong></span> <span class='ocrx_word' id='word_1_299' title='bbox 216 3324 253 3385; x_wconf 86' lang='lat' dir='ltr'><strong>ad</strong></span> <span class='ocrx_word' id='word_1_300' title='bbox 280 3323 405 3383; x_wconf 89' lang='lat' dir='ltr'><strong>animum</strong></span> <span class='ocrx_word' id='word_1_301' title='bbox 433 3321 479 3381; x_wconf 78' lang='lat' dir='ltr'><strong>his</strong></span> <span class='ocrx_word' id='word_1_302' title='bbox 507 3320 634 3383; x_wconf 79' lang='lat' dir='ltr'><strong>vinculis</strong></span> <span class='ocrx_word' id='word_1_303' title='bbox 659 3318 841 3379; x_wconf 88' lang='lat' dir='ltr'><strong>liberandum</strong></span> <span class='ocrx_word' id='word_1_304' title='bbox 859 3320 1004 3400; x_wconf 89' lang='lat' dir='ltr'><strong>principes</strong></span> <span class='ocrx_word' id='word_1_305' title='bbox 1018 3334 1112 3400; x_wconf 83' lang='lat' dir='ltr'><strong>partes</strong></span> <span class='ocrx_word' id='word_1_306' title='bbox 1130 3320 1299 3397; x_wconf 86' lang='lat' dir='ltr'><strong>tribuuntur</strong></span> 
     </span>
     <span class='ocr_line' id='line_1_32' title="bbox 74 3416 1299 3506; baseline -0.003 -21"><span class='ocrx_word' id='word_1_307' title='bbox 74 3425 276 3506; x_wconf 72' lang='lat' dir='ltr'><strong>philosophiae</strong></span> <span class='ocrx_word' id='word_1_308' title='bbox 296 3422 315 3481; x_wconf 93' lang='lat' dir='ltr'><strong>i.</strong></span> <span class='ocrx_word' id='word_1_309' title='bbox 337 3441 361 3480; x_wconf 90' lang='lat' dir='ltr'><strong>e.</strong></span> <span class='ocrx_word' id='word_1_310' title='bbox 383 3421 444 3481; x_wconf 81' lang='lat' dir='ltr'><strong>reri</strong></span> <span class='ocrx_word' id='word_1_311' title='bbox 472 3418 586 3493; x_wconf 88' lang='lat' dir='ltr'><strong>studio,</strong></span> <span class='ocrx_word' id='word_1_312' title='bbox 607 3418 669 3478; x_wconf 84' lang='lat' dir='ltr'><strong>veri</strong></span> <span class='ocrx_word' id='word_1_313' title='bbox 697 3416 879 3498; x_wconf 87' lang='lat' dir='ltr'><strong>disciplinae.</strong></span> <span class='ocrx_word' id='word_1_314' title='bbox 921 3418 1016 3492; x_wconf 84' lang='lat' dir='ltr'><strong>Haec,</strong></span> <span class='ocrx_word' id='word_1_315' title='bbox 1036 3417 1151 3497; x_wconf 85' lang='lat' dir='ltr'><strong>inquit,</strong></span> <span class='ocrx_word' id='word_1_316' title='bbox 1170 3420 1299 3481; x_wconf 77' lang='lat' dir='ltr'><strong>animun</strong></span> 
     </span>
     <span class='ocr_line' id='line_1_33' title="bbox 77 3515 1299 3605; baseline -0.007 -20"><span class='ocrx_word' id='word_1_317' title='bbox 77 3524 235 3605; x_wconf 82' lang='lat' dir='ltr'><strong>suscipiens</strong></span> <span class='ocrx_word' id='word_1_318' title='bbox 262 3534 320 3581; x_wconf 88' lang='lat' dir='ltr'><strong>tam</strong></span> <span class='ocrx_word' id='word_1_319' title='bbox 343 3520 443 3579; x_wconf 88' lang='lat' dir='ltr'><strong>misere</strong></span> <span class='ocrx_word' id='word_1_320' title='bbox 461 3519 609 3592; x_wconf 84' lang='lat' dir='ltr'><strong>affectum,</strong></span> <span class='ocrx_word' id='word_1_321' title='bbox 630 3515 734 3580; x_wconf 87' lang='lat' dir='ltr'><strong>leniter</strong></span> <span class='ocrx_word' id='word_1_322' title='bbox 753 3536 817 3574; x_wconf 91' lang='lat' dir='ltr'><strong>enm</strong></span> <span class='ocrx_word' id='word_1_323' title='bbox 844 3529 1002 3577; x_wconf 85' lang='lat' dir='ltr'><strong>commonet</strong></span> <span class='ocrx_word' id='word_1_324' title='bbox 1020 3529 1047 3575; x_wconf 90' lang='lat' dir='ltr'><strong>et</strong></span> <span class='ocrx_word' id='word_1_325' title='bbox 1073 3515 1183 3575; x_wconf 82' lang='lat' dir='ltr'><strong>solvere</strong></span> <span class='ocrx_word' id='word_1_326' title='bbox 1210 3537 1299 3577; x_wconf 85' lang='lat' dir='ltr'><strong>cona·</strong></span> 
     </span>
     <span class='ocr_line' id='line_1_34' title="bbox 77 3613 1298 3696; baseline -0.007 -12"><span class='ocrx_word' id='word_1_327' title='bbox 77 3638 144 3696; x_wconf 90' lang='lat' dir='ltr'><strong>tur,</strong></span> <span class='ocrx_word' id='word_1_328' title='bbox 164 3618 333 3694; x_wconf 80' lang='lat' dir='ltr'><strong>ostendens,</strong></span> <span class='ocrx_word' id='word_1_329' title='bbox 354 3618 486 3678; x_wconf 80' lang='lat' dir='ltr'><strong>fallacem</strong></span> <span class='ocrx_word' id='word_1_330' title='bbox 509 3636 568 3674; x_wconf 91' lang='lat' dir='ltr'><strong>esse</strong></span> <span class='ocrx_word' id='word_1_331' title='bbox 596 3613 759 3688; x_wconf 87' lang='lat' dir='ltr'><strong>oculorum,</strong></span> <span class='ocrx_word' id='word_1_332' title='bbox 779 3613 912 3673; x_wconf 86' lang='lat' dir='ltr'><strong>fallacem</strong></span> <span class='ocrx_word' id='word_1_333' title='bbox 939 3613 1051 3672; x_wconf 85' lang='lat' dir='ltr'><strong>aurium</strong></span> <span class='ocrx_word' id='word_1_334' title='bbox 1069 3627 1298 3694; x_wconf 76' lang='lat' dir='ltr'><strong>caeterorumque</strong></span> 
     </span>
     <span class='ocr_line' id='line_1_35' title="bbox 77 3710 1296 3798; baseline -0.008 -17"><span class='ocrx_word' id='word_1_335' title='bbox 77 3740 212 3781; x_wconf 84' lang='lat' dir='ltr'><strong>sensuum</strong></span> <span class='ocrx_word' id='word_1_336' title='bbox 229 3718 456 3798; x_wconf 87' lang='lat' dir='ltr'><strong>perceptionem:</strong></span> <span class='ocrx_word' id='word_1_337' title='bbox 478 3713 618 3786; x_wconf 89' lang='lat' dir='ltr'><strong>suadens,</strong></span> <span class='ocrx_word' id='word_1_338' title='bbox 639 3726 671 3770; x_wconf 90' lang='lat' dir='ltr'><strong>ut</strong></span> <span class='ocrx_word' id='word_1_339' title='bbox 698 3710 827 3772; x_wconf 88' lang='lat' dir='ltr'><strong>discedat</strong></span> <span class='ocrx_word' id='word_1_340' title='bbox 853 3711 889 3769; x_wconf 88' lang='lat' dir='ltr'><strong>ab</strong></span> <span class='ocrx_word' id='word_1_341' title='bbox 915 3712 1011 3784; x_wconf 89' lang='lat' dir='ltr'><strong>hisce,</strong></span> <span class='ocrx_word' id='word_1_342' title='bbox 1036 3725 1176 3789; x_wconf 87' lang='lat' dir='ltr'><strong>quatenus</strong></span> <span class='ocrx_word' id='word_1_343' title='bbox 1199 3713 1236 3772; x_wconf 88' lang='lat' dir='ltr'><strong>iis</strong></span> <span class='ocrx_word' id='word_1_344' title='bbox 1255 3710 1296 3771; x_wconf 89' lang='lat' dir='ltr'><strong>uti</strong></span> 
     </span>
     <span class='ocr_line' id='line_1_36' title="bbox 78 3808 1297 3890; baseline -0.01 -9"><span class='ocrx_word' id='word_1_345' title='bbox 78 3840 140 3881; x_wconf 81' lang='lat' dir='ltr'><strong>nan</strong></span> <span class='ocrx_word' id='word_1_346' title='bbox 160 3817 263 3879; x_wconf 89' lang='lat' dir='ltr'><strong>debeat</strong></span> <span class='ocrx_word' id='word_1_347' title='bbox 279 3815 454 3887; x_wconf 87' lang='lat' dir='ltr'><strong>necessario,</strong></span> <span class='ocrx_word' id='word_1_348' title='bbox 474 3813 662 3890; x_wconf 87' lang='lat' dir='ltr'><strong>hortansque,</strong></span> <span class='ocrx_word' id='word_1_349' title='bbox 685 3823 715 3869; x_wconf 90' lang='lat' dir='ltr'><strong>ut</strong></span> <span class='ocrx_word' id='word_1_350' title='bbox 732 3829 761 3868; x_wconf 87' lang='lat' dir='ltr'><strong>se</strong></span> <span class='ocrx_word' id='word_1_351' title='bbox 785 3823 898 3869; x_wconf 86' lang='lat' dir='ltr'><strong>revocet</strong></span> <span class='ocrx_word' id='word_1_352' title='bbox 917 3810 949 3869; x_wconf 88' lang='lat' dir='ltr'><strong>in</strong></span> <span class='ocrx_word' id='word_1_353' title='bbox 971 3829 1000 3868; x_wconf 89' lang='lat' dir='ltr'><strong>se</strong></span> <span class='ocrx_word' id='word_1_354' title='bbox 1019 3810 1112 3889; x_wconf 90' lang='lat' dir='ltr'><strong>ipsum</strong></span> <span class='ocrx_word' id='word_1_355' title='bbox 1130 3822 1158 3869; x_wconf 87' lang='lat' dir='ltr'><strong>et</strong></span> <span class='ocrx_word' id='word_1_356' title='bbox 1180 3808 1297 3869; x_wconf 79' lang='lat' dir='ltr'><strong>recoili-</strong></span> 
     </span>
    </p>
   </div>
   <div class='ocr_carea' id='block_1_4' title="bbox 113 4007 1204 4421">
    <p class='ocr_par' dir='ltr' id='par_1_7' title="bbox 113 4007 377 4082">
     <span class='ocr_line' id='line_1_37' title="bbox 113 4007 377 4082; baseline -0.045 -13"><span class='ocrx_word' id='word_1_357' title='bbox 113 4015 137 4082; x_wconf 93' lang='grc'>1)</span> <span class='ocrx_word' id='word_1_358' title='bbox 159 4016 252 4067; x_wconf 74' lang='lat' dir='ltr'><strong>trecea</strong></span> <span class='ocrx_word' id='word_1_359' title='bbox 271 4008 328 4061; x_wconf 79' lang='grc'><strong>176.</strong></span> <span class='ocrx_word' id='word_1_360' title='bbox 346 4007 377 4057; x_wconf 85' lang='grc' dir='ltr'><strong>Ι).</strong></span> 
     </span>
    </p>

    <p class='ocr_par' dir='ltr' id='par_1_8' title="bbox 113 4091 356 4167">
     <span class='ocr_line' id='line_1_38' title="bbox 113 4091 356 4167; baseline -0.053 -12"><span class='ocrx_word' id='word_1_361' title='bbox 113 4099 139 4167; x_wconf 83' lang='grc'>2)</span> <span class='ocrx_word' id='word_1_362' title='bbox 157 4102 219 4153; x_wconf 81' lang='lat' dir='ltr'><strong>Aen.</strong></span> <span class='ocrx_word' id='word_1_363' title='bbox 237 4097 279 4147; x_wconf 84' lang='lat' dir='ltr'><strong>VI.</strong></span> <span class='ocrx_word' id='word_1_364' title='bbox 298 4091 356 4146; x_wconf 73' lang='lat' dir='ltr'><strong>tat.</strong></span> 
     </span>
    </p>

    <p class='ocr_par' dir='ltr' id='par_1_9' title="bbox 113 4177 366 4252">
     <span class='ocr_line' id='line_1_39' title="bbox 113 4177 366 4252; baseline -0.043 -13"><span class='ocrx_word' id='word_1_365' title='bbox 113 4185 139 4252; x_wconf 88' lang='grc'><strong>3)</strong></span> <span class='ocrx_word' id='word_1_366' title='bbox 157 4187 210 4238; x_wconf 77' lang='lat' dir='ltr'><strong>Cot.</strong></span> <span class='ocrx_word' id='word_1_367' title='bbox 228 4184 290 4248; x_wconf 69' lang='grc' dir='ltr'>Μαι).</span> <span class='ocrx_word' id='word_1_368' title='bbox 325 4177 366 4230; x_wconf 83' lang='grc'><strong>21.</strong></span> 
     </span>
    </p>

    <p class='ocr_par' dir='ltr' id='par_1_10' title="bbox 113 4263 352 4336">
     <span class='ocr_line' id='line_1_40' title="bbox 113 4263 352 4336; baseline -0.046 -11"><span class='ocrx_word' id='word_1_369' title='bbox 113 4267 139 4336; x_wconf 69' lang='grc'>4)</span> <span class='ocrx_word' id='word_1_370' title='bbox 157 4270 247 4323; x_wconf 73' lang='lat' dir='ltr'><strong>rtaec</strong></span> <span class='ocrx_word' id='word_1_371' title='bbox 263 4263 305 4319; x_wconf 77' lang='lat'><strong>82.</strong></span> <span class='ocrx_word' id='word_1_372' title='bbox 322 4263 352 4319; x_wconf 80' lang='lat' dir='ltr'><strong>E.</strong></span> 
     </span>
    </p>

    <p class='ocr_par' dir='ltr' id='par_1_11' title="bbox 114 4339 1204 4421">
     <span class='ocr_line' id='line_1_41' title="bbox 114 4339 1204 4421; baseline -0.014 -15"><span class='ocrx_word' id='word_1_373' title='bbox 114 4353 140 4421; x_wconf 87' lang='grc'>5)</span> <span class='ocrx_word' id='word_1_374' title='bbox 158 4356 217 4406; x_wconf 77' lang='lat' dir='ltr'><strong>Eod.</strong></span> <span class='ocrx_word' id='word_1_375' title='bbox 234 4351 275 4404; x_wconf 81' lang='lat'><strong>83.</strong></span> <span class='ocrx_word' id='word_1_376' title='bbox 291 4350 320 4402; x_wconf 86' lang='lat' dir='ltr'><strong>D.</strong></span> <span class='ocrx_word' id='word_1_377' title='bbox 334 4347 389 4398; x_wconf 87' lang='lat' dir='ltr'><strong>Vid.</strong></span> <span class='ocrx_word' id='word_1_378' title='bbox 408 4347 521 4412; x_wconf 76' lang='lat' dir='ltr'><strong>Wyttcob.</strong></span> <span class='ocrx_word' id='word_1_379' title='bbox 538 4345 571 4398; x_wconf 85' lang='lat' dir='ltr'><strong>ad</strong></span> <span class='ocrx_word' id='word_1_380' title='bbox 589 4345 612 4398; x_wconf 86' lang='lat' dir='ltr'><strong>b.</strong></span> <span class='ocrx_word' id='word_1_381' title='bbox 628 4345 645 4396; x_wconf 89' lang='grc' dir='ltr'><strong>Ι.</strong></span> <span class='ocrx_word' id='word_1_382' title='bbox 664 4353 689 4396; x_wconf 88' lang='lat' dir='ltr'><strong>et</strong></span> <span class='ocrx_word' id='word_1_383' title='bbox 707 4344 738 4396; x_wconf 86' lang='lat' dir='ltr'><strong>ad</strong></span> <span class='ocrx_word' id='word_1_384' title='bbox 756 4343 820 4396; x_wconf 80' lang='lat' dir='ltr'><strong>rtoc</strong></span> <span class='ocrx_word' id='word_1_385' title='bbox 839 4344 868 4394; x_wconf 84' lang='lat' dir='ltr'><strong>de</strong></span> <span class='ocrx_word' id='word_1_386' title='bbox 884 4357 942 4393; x_wconf 80' lang='lat' dir='ltr'><strong>rere</strong></span> <span class='ocrx_word' id='word_1_387' title='bbox 957 4357 1022 4392; x_wconf 80' lang='lat' dir='ltr'><strong>oum.</strong></span> <span class='ocrx_word' id='word_1_388' title='bbox 1040 4343 1106 4400; x_wconf 73' lang='lat' dir='ltr'><strong>aiod.</strong></span> <span class='ocrx_word' id='word_1_389' title='bbox 1121 4358 1146 4408; x_wconf 90' lang='lat' dir='ltr'><strong>p.</strong></span> <span class='ocrx_word' id='word_1_390' title='bbox 1163 4339 1204 4392; x_wconf 77' lang='lat' dir='ltr'><strong>ta.</strong></span> 
     </span>
    </p>
   </div>
   <div class='ocr_carea' id='block_1_5' title="bbox 83 4429 325 4507">
    <p class='ocr_par' dir='ltr' id='par_1_12' title="bbox 83 4429 325 4507">
     <span class='ocr_line' id='line_1_42' title="bbox 83 4429 325 4507; baseline -0.045 -12"><span class='ocrx_word' id='word_1_391' title='bbox 83 4429 325 4507; x_wconf 64' lang='lat' dir='ltr'><strong>&#39;omma</strong></span> 
     </span>
    </p>
   </div>
   <div class='ocr_carea' id='block_1_6' title="bbox 0 0 1392 5048">
    <p class='ocr_par' dir='ltr' id='par_1_13' title="bbox 0 0 1392 5048">
     <span class='ocr_line' id='line_1_43' title="bbox 0 0 1392 5048; baseline 0 1"><span class='ocrx_word' id='word_1_392' title='bbox 0 0 1392 5048; x_wconf 95' lang='lat' dir='ltr'><strong> </strong></span> 
     </span>
    </p>
   </div>
  </div>
 </body>
</html>
