2796 5048
672 266 728 326 bil

75 439 202 499 Socratis
240 393 306 496 cum
340 433 455 494 duobus
489 431 724 492 adolescentibus
760 430 822 489 illis
850 430 1040 510 colloquium.
1092 428 1156 490 Non
1188 433 1226 491 ita
1257 450 1327 489 sese·

76 537 200 597 Phnedo
229 533 325 593 habet.
367 529 496 592 Videtur
522 530 605 589 Plato
629 526 784 589 scribenda
813 528 920 588 Politil
938 528 979 588 sic
1000 547 1115 588 omnem
1129 527 1201 606 justi
1222 528 1317 608 philo·

76 633 211 717 sophiam
237 612 344 692 animo
362 650 421 690 esse
449 627 633 710 complexus,
655 641 687 686 ut
707 647 787 687 nunc
806 625 924 686 demum
938 639 1023 707 aptus
1043 639 1115 685 esset
1134 626 1245 700 factus,
1264 627 1316 706 qui

76 730 207 814 perfecta
234 750 297 789 eam
325 725 417 788 iorml
446 727 592 802 traderet,
612 739 660 800 et,
680 724 812 805 quamvis
841 723 937 784 locum
966 725 998 783 in
1015 724 1079 783 hac
1110 723 1172 803 ipsa
1191 722 1318 806 philoso-

76 829 149 912 phia
169 828 254 908 longe
274 824 484 886 difficillimum
504 836 657 898 tractaret,
678 823 750 883 mira
770 821 803 882 id
826 822 934 882 faceret
953 821 1106 881 facilitate.
1148 821 1205 879 Nec
1225 821 1319 882 solum

74 926 206 1008 perlecta
233 924 294 994 dici
321 923 410 1001 hujus
439 921 547 1002 dialogi
578 922 670 981 forma
698 932 808 1001 potest,
840 918 891 979 sed
918 919 1024 978 lubens
1043 918 1116 979 adeo
1132 931 1232 978 auctor
1249 922 1317 981 scri·

74 1023 171 1085 bendi
202 1020 407 1084 difficultatem
443 1019 559 1079 auxisse
589 1018 726 1093 videtur,
759 1031 790 1077 ut
821 1016 970 1098 dialogum
1001 1016 1117 1095 dialogo
1142 1015 1318 1080 includeret.

76 1097 210 1181 Primum
237 1119 316 1179 enim
340 1115 524 1178 Phaedonem
543 1137 611 1176 cum
629 1116 786 1177 Echecrate
808 1114 947 1175 Phliunte
973 1112 1211 1174 confabulantem
1228 1114 1318 1192 feeit,

77 1233 144 1283 tum
172 1219 204 1278 in
230 1216 282 1277 hos
310 1235 454 1276 sermones
481 1215 522 1274 sic
543 1215 665 1274 inclusit
683 1213 808 1273 Socratis
827 1213 859 1272 in
878 1233 991 1281 carcere
1010 1234 1076 1274 cum
1094 1219 1195 1278 amicis
1213 1238 1318 1279 sermo·

79 1336 153 1391 nes,
184 1326 216 1373 ut
243 1326 400 1396 perpetuus
429 1313 467 1373 sit
494 1311 533 1372 ad
560 1311 649 1373 linem
674 1331 763 1390 usque
792 1309 957 1370 Phaedonis
985 1325 1014 1371 et
1033 1312 1199 1375 Echecratis
1216 1337 1318 1377 sermo.

78 1417 182 1475 Parem
208 1408 419 1491 quodammodo
438 1409 548 1491 dialogi
573 1411 713 1476 rationem
733 1410 766 1469 in
794 1407 997 1479 Ciceronisde
1016 1422 1135 1470 oratore
1155 1413 1239 1474 libris
1257 1436 1319 1474 cer·

80 1513 199 1579 nimus:
219 1508 252 1567 in
277 1507 448 1568 enarrandis
479 1508 592 1583 Crassi,
614 1507 736 1568 Antonii
765 1514 999 1586 caeterorumque
1015 1511 1214 1587 sermonibus,
1235 1533 1321 1573 suum

79 1611 144 1690 ipse
162 1627 231 1690 cum
249 1605 365 1682 Quin-to
378 1606 467 1686 fratre
485 1626 664 1680 sermonem,
684 1625 770 1685 quem
789 1603 827 1663 ab
850 1605 938 1677 initio
964 1605 1149 1684 instituerat,
1168 1611 1322 1671 continuat

79 1704 253 1767 identidem.
295 1705 352 1765 Hic
377 1717 473 1764 autem
500 1703 531 1762 in
560 1702 685 1794 dialogis
703 1705 765 1782 ejus
785 1703 915 1763 omnium
932 1704 1158 1784 perfectissimus
1176 1721 1319 1769 censetur.

546 1896 599 1955 Dc
620 1905 710 1957 vitu
732 1900 862 1956 touta.

123 2094 235 2155 Verum
242 2139 251 2170 ,
277 2095 418 2177 explicito
447 2095 479 2154 in
509 2091 589 2153 bunc
615 2092 734 2154 modum
760 2091 890 2153 Platonis
919 2090 956 2151 dc
976 2095 1137 2156 animorum
1156 2099 1321 2160 immortali·

81 2206 141 2253 tate
167 2193 295 2274 placito,
326 2191 524 2271 accedendum
539 2193 601 2271 jam
621 2190 708 2252 nobis
727 2191 826 2271 estad
845 2181 1012 2272 νικητήρια,
1041 2195 1168 2271 justitiae
1187 2199 1323 2260 virtutis-

81 2311 139 2371 que
158 2278 432 2373 praemia‚quibus
452 2289 581 2349 Socrates
609 2289 690 2371 apud
710 2311 775 2349 eum
805 2290 943 2373 deinceps
963 2293 1094 2370 justum,
1115 2295 1154 2353 sic
1180 2296 1325 2376 reportata

82 2388 121 2449 ab
145 2389 274 2468 injusto,
304 2388 459 2469 tyrannico
492 2389 547 2447 isto
576 2389 658 2464 viro,
690 2389 833 2466 victorid,
862 2391 1028 2452 ornandum
1054 2405 1160 2452 censet.
1219 2393 1324 2453 Narrat

83 2488 176 2568 igitur
205 2500 346 2548 uetustam
365 2484 412 2557 ,de
440 2486 497 2545 Ere
525 2487 663 2546 Armenio
692 2487 753 2547 sive
780 2488 910 2548 fabulam
937 2491 999 2549 sire
1027 2488 1233 2566 traditionem,
1253 2493 1324 2570 qui,

83 2599 235 2668 postquam
262 2597 391 2644 mortuus
421 2584 536 2661 iuerat,
567 2585 599 2644 in
629 2585 719 2645 uitam
751 2585 870 2645 rediisse
897 2584 1069 2662 dicebatur,
1100 2608 1229 2668 quaeque
1256 2589 1322 2648 illic

83 2681 201 2745 uiderat
227 2683 456 2761 audiveratque,
478 2683 633 2763 aperuisse.
674 2683 852 2744 Interfuerat
868 2683 990 2744 solemni
1009 2684 1162 2746 hominum
1190 2707 1256 2746 curn
1274 2688 1323 2747 ho·

86 2802 192 2841 norum
236 2795 298 2840 tum
343 2781 484 2841 malorum
520 2780 658 2859 judicio,
699 2779 737 2841 de
765 2772 833 2860 'quo
871 2783 911 2841 ita
952 2783 1098 2844 narrabat.
1169 2786 1321 2864 Postquam

85 2901 132 2950 ex,
155 2900 274 2961 corpore
305 2880 417 2939 exierat
456 2879 548 2961 ipsius
582 2881 715 2954 animus,
744 2881 778 2940 in
813 2879 910 2940 locum
950 2901 978 2941 se
1013 2880 1160 2962 quendam
1188 2881 1325 2945 divinum

30 3026 38 3033 .
87 2979 222 3053 venisse,
252 2977 304 3036 ubi
333 2966 392 3037 duo
420 2990 514 3037 essent
541 2991 650 3054 terrae,
682 2978 859 3059 totidemque
895 2979 970 3039 coeli
998 2979 1113 3040 hiatus:
1144 2980 1252 3043 vidisse
1276 3004 1326 3042 au·

85 3091 146 3137 tem
175 3071 240 3136 illic
264 3075 381 3153 judices
407 3073 559 3149 sedentes,
590 3077 641 3154 qui
671 3077 783 3136 animos
806 3077 995 3155 judicarent,
1026 3099 1059 3138 ac
1086 3081 1179 3157 justos
1206 3080 1325 3161 quidem

86 3172 126 3234 ad
139 3220 142 3227 .
156 3171 288 3232 dextram
317 3173 349 3232 in
375 3173 488 3232 coelum
516 3172 670 3232 escendere
689 3175 848 3252 juberent,
876 3177 999 3254 injustos
1025 3198 1093 3237 vero
1121 3177 1160 3238 ad
1180 3180 1327 3255 sinistram

87 3273 122 3331 in
150 3272 236 3331 imam
266 3264 371 3330 terram
399 3269 575 3331 descendere
587 3316 597 3346 ,
619 3266 753 3351 utrosque
772 3264 982 3353 eorum,'quae
998 3273 1224 3354 judicaverant,
1244 3277 1328 3357 signa

87 3369 226 3430 ferentes.
269 3369 304 3427 ln
334 3369 413 3427 hunc
439 3369 529 3449 igitur
556 3389 585 3427 se
615 3369 712 3429 locum
734 3372 867 3449 uenisse,
888 3366 1011 3452 cunique
1030 3372 1069 3433 ad
1094 3371 1209 3451 judices
1236 3394 1328 3434 acces·

88 3467 189 3542 sisset,
211 3466 278 3526 illos
305 3465 400 3544 ajebat
430 3466 556 3542 dixisse,
579 3465 675 3528 redire
704 3469 799 3550 ipsum
815 3469 864 3530 ·ad
885 3470 1017 3529 homines
1037 3483 1185 3551 oportere,
1207 3472 1330 3552 atquae

88 3563 154 3624 illic
185 3563 306 3625 vidisset
331 3565 493 3648 nunciaret.
537 3562 669 3625 Viderat'
683 3567 773 3646 igitur
800 3587 851 3647 per
879 3566 931 3626 bos
961 3566 1034 3627 coeli
1064 3579 1213 3646 terraeque
1233 3568 1331 3630 hiatus

88 3662 201 3722 animos
228 3661 286 3722 latl
306 3663 450 3722 sententid
465 3662 620 3741 abeuntes;
643 3685 695 3745 per
714 3664 818 3724 alteros
835 3678 930 3724 autem
949 3665 1048 3725 hiatus
1071 3662 1225 3725 redeuntes
1243 3667 1330 3729 illinc

89 3761 221 3836 animos,
242 3761 293 3839 qui
314 3774 420 3820 eterra
439 3760 635 3821 ascendebant
645 3808 654 3838 ,
679 3762 821 3843 pulvere,
850 3762 981 3843 squalore
999 3763 1146 3842 macieque
1166 3764 1330 3841 confectos,

89 3856 144 3936 qui
173 3876 241 3917 vero
269 3878 284 3916 e
314 3859 394 3918 coelo
414 3856 651 3935 descendebant,
672 3882 769 3941 puros.
812 3861 870 3921 ch
890 3875 985 3921 autem
1003 3874 1122 3921 cunctos
1143 3862 1278 3921 narrabat
1297 3863 1331 3922 iu

89 3967 191 4036 prato,
224 3967 363 4034 tanquam
385 3955 493 4015 celebri
524 3957 557 4015 in
586 3971 752 4034 conventu,
782 3959 841 4018 sibi
867 3960 995 4020 inuicem
1019 3959 1138 4034 obuios,
1167 3958 1332 4041 complexos

89 4074 120 4113 se
149 4066 251 4112 mutuo
277 4053 368 4113 fuisse
394 4073 427 4112 ac
454 4068 655 4134 percontatos,
684 4077 757 4134 quae
778 4057 838 4115 suis
865 4057 898 4116 in
918 4056 1085 4137 regionibus
1104 4056 1265 4132 uidissent,
1286 4058 1332 4117 in·

85 4153 183 4229 justos
210 4151 330 4230 quidem
357 4149 488 4212 dolentes
517 4173 550 4211 ac
579 4152 701 4229 flentes,
722 4153 863 4214 malorum
893 4154 1048 4231 memoria,
1069 4174 1143 4236 quae
1168 4153 1223 4213 sub
1247 4155 1335 4215 terris

89 4262 188 4309 essent
211 4250 358 4329 perpessi,
385 4254 478 4326 justos
505 4269 574 4312 vcro
584 4295 594 4326 ,
614 4253 664 4330 qui
684 4251 721 4312 de
745 4252 826 4313 coelo
846 4252 1077 4327 descenderant,
1098 4237 1135 4311 de
1155 4250 1271 4311 deliciis
1289 4272 1332 4311 re·

90 4347 196 4409 tulisse
225 4345 415 4426 infinitaeque
443 4347 655 4427 pulcritudinis
679 4350 861 4431 spectaculis.
883 4349 913 4431 l)
954 4352 1032 4412 Haec
1051 4349 1196 4411 Socrates:
1227 4349 1335 4428 quibus

90 4477 338 4494 ..ιι-ι·-

129 4552 156 4619 t)
174 4555 213 4606 ne
230 4557 293 4623 rep.
312 4555 343 4608 x.
363 4553 422 4608 err.
443 4553 471 4608 c.
490 4583 525 4594 -
541 4552 600 4608 615.
620 4555 651 4607 s.
