2796 5048
659 220 716 280 tto

80 383 172 457 verit,
193 396 224 441 ut
243 402 357 443 sensum
374 382 518 462 quendam
542 382 725 456 interiorem,
746 384 837 463 ipsius
864 384 952 442 animi
978 403 1113 457 sensum,
1139 382 1173 439 in
1195 382 1301 462 scriptis

80 483 138 541 suis
152 483 350 541 memoraverit
363 482 533 542 identidem.
557 479 587 560 l)
604 479 690 555 Quod
704 480 843 561 placitum
856 480 907 560 alii
921 482 978 541 alia
991 482 1180 559 maximeque
1193 476 1300 539 diverat

80 580 191 639 ratione
208 579 384 660 explicatum
402 580 528 641 iverunt.
550 579 622 638 Nam
638 592 733 658 patres
752 577 886 638 ecclesiae
906 578 942 638 de
962 581 1051 639 animi
1066 577 1211 637 facultate
1229 596 1297 637 accc·

78 690 203 758 perunt,
224 698 280 756 qua
300 676 403 738 divina
417 691 520 737 natura
534 678 726 758 percipiatur,
746 676 940 757 placitumque
954 676 992 736 ad
1010 677 1184 756 religionem
1199 694 1298 735 aocom·

80 775 251 835 modarunt:
273 772 304 853 2)
323 776 495 834 recentiores
513 776 572 834 lere
591 794 756 857 organum,
780 774 858 854 quod
876 775 980 836 dicunt
988 776 1009 852 ,'
1021 777 1137 835 walo
1156 770 1298 839 intellexe-

78 866 166 948 rimt,
186 895 243 953 quo
270 871 411 932 mundum
435 873 569 933 moralem
593 874 798 955 perspicimus:
821 874 917 931 neutri
953 873 1069 952 quidem
1098 871 1134 932 id
1158 869 1297 943 dicenter,

80 968 159 1052 quod
177 971 340 1031 abhorreret
358 970 444 1051 plane
470 993 486 1030 a
512 966 693 1053 philosophia
718 971 874 1030 Platonica.
920 971 1117 1030 Veruntamen
1146 970 1232 1029 Plato
1251 986 1295 1027 mc

79 1070 247 1150 religionem
266 1069 405 1151 spectavit
432 1071 565 1150 proprie,
586 1092 639 1129 nec
672 1070 821 1129 interiores
841 1083 950 1147 nostrqs
975 1070 1064 1128 animi
1086 1088 1207 1128 seusus:
1227 1086 1293 1124 urea

81 1179 141 1227 tem
166 1169 310 1249 respexit,
330 1187 384 1225 τον
404 1167 487 1241 νοῦν,
509 1183 537 1230 et
561 1169 702 1230 mundum
727 1188 850 1248 voqrov,
870 1175 991 1245 uerique
1028 1167 1061 1226 in
1089 1166 1145 1226 boc
1167 1160 1313 1225 cernendi.

79 1265 245 1327 facultatem
261 1267 315 1325 bac
336 1289 406 1328 voce
425 1269 573 1350 expressit.
614 1250 670 1329 Sed
688 1289 747 1328 rem
765 1291 818 1328 nos
837 1267 997 1326 accuratius
1022 1279 1104 1325 etex
1124 1265 1198 1373 ipsis
1215 1260 1293 1344 philt-

80 1364 163 1446 sophi
182 1364 335 1445 principiis
354 1366 541 1446 explicemus.

121 1461 258 1520 Sensibus
270 1462 339 1537 ille,
359 1477 391 1522 ut
408 1464 553 1537 vidimus,
574 1464 627 1522 hoc
647 1463 811 1538 tribuebat,
822 1476 854 1522 ut
869 1461 1000 1521 derebus
1014 1461 1143 1519 externis
1156 1468 1290 1518 monerent
1306 1520 1311 1531 ,

80 1559 285 1637 certioremque
304 1561 432 1621 facerent
456 1564 602 1639 animum,
626 1560 657 1642 3)
676 1552 738 1622 vim
756 1576 849 1623 autem
867 1559 1013 1639 quandam
1028 1559 1232 1640 praecipuam,
1249 1555 1286 1613 bu·

77 1658 181 1735 jusque
210 1659 316 1736 negotii
344 1660 511 1720 facultatem
539 1660 712 1740 singularem
732 1661 808 1722 visui
839 1661 931 1717 inesse
954 1657 1105 1730 censebat,
1127 1652 1286 1737 quippeqti

80 1754 212 1813 acumine
226 1776 325 1816 sensus
338 1772 462 1818 caeteros
479 1773 631 1839 superaret.
652 1758 816 1821 Declaravit
833 1759 873 1816 ita
893 1771 958 1838 apte
968 1802 976 1831 ‚
986 1755 1228 1836 quemadmodum
1242 1751 1284 1811 ani·

81 1873 144 1911 mus
162 1852 281 1913 insitum
309 1855 365 1914 sibi
384 1859 455 1917 -veri
482 1877 604 1916 amorem
634 1879 685 1938 per
712 1878 828 1931 sensus,
849 1869 986 1933 tanquam
1006 1855 1150 1929 nuncios,
1172 1866 1286 1930 tanqrm

81 1951 254 2030 cognitionis
282 1974 348 2012 suae
375 1955 585 2030 instrumenta,
607 1956 722 2036 explere
747 1967 916 2030 conaretur3
939 1960 1128 2012 veruntamen
1157 1951 1211 2011 boc
1230 1970 1287 2009 noo·

82 2049 152 2108 dum
176 2050 347 2128 patefecerat
373 2054 550 2132 inquirenti,
581 2075 638 2132 quo
667 2054 783 2112 tandem
802 2050 886 2111 modo
904 2054 961 2109 ilio
983 2052 1176 2132 percipiamus
1194 2060 1292 2108 mente,

81 2167 153 2227 quae
173 2147 224 2206 uni
243 2149 351 2224 menti,
373 2172 432 2209 non
451 2151 582 2213 sensibus
602 2166 722 2232 patent,
743 2150 895 2232 pulcrum,
915 2150 1043 2224 bonum,
1066 2152 1197 2228 justum,
1217 2140 1296 2207 omni·

82 2267 139 2319 no,
159 2237 196 2304 td
218 2236 303 2317 ὄντα,
324 2267 396 2324 quae
417 2269 476 2306 non
497 2269 555 2308 esse
574 2250 735 2324 videntur,
757 2249 807 2308 sed
825 2258 907 2309 eunt.
948 2249 1019 2308 Nam
1038 2249 1171 2326 quamvis
1190 2248 1227 2306 sit
1242 2254 1301 2303 ao&

82 2343 206 2404 videndi
225 2366 324 2405 sensus
350 2344 421 2419 ille,
442 2347 628 2424 quantumvis
657 2348 774 2408 accedat
801 2345 839 2406 ad
864 2369 897 2406 ea
923 2346 1092 2421 sentienda,
1112 2366 1186 2425 quae
1213 2348 1304 2402 mente

82 2443 302 2523 percipiuntur,
317 2457 413 2503 tamen
427 2446 520 2503 cernit
537 2459 649 2504 tantum
668 2466 700 2505 ea
720 2466 792 2524 qnae
811 2444 965 2519 videntur,
976 2464 1048 2523 quae
1064 2444 1229 2523 cogitantur
1245 2452 1306 2499 nou

82 2552 175 2620 potest
188 2527 314 2603 cerbere.
335 2543 399 2618 Quo
415 2543 505 2623 igitur
519 2546 608 2624 magis
621 2544 696 2603 banc
715 2544 860 2625 propriam
872 2545 976 2603 mentis
995 2542 1162 2603 facultatem
1180 2538 1307 2607 declara·

82 2651 126 2698 ret
135 2684 143 2713 ‚
152 2661 265 2719 quoque
275 2641 358 2701 nobis
376 2641 542 2702 evidentius
557 2644 746 2724 patefaceret,
762 2639 835 2719 quid
849 2641 991 2720 agendum
1005 2639 1178 2722 philosopho
1188 2638 1226 2699 sit
1234 2648 1305 2716 ,qiu

76 2739 231 2799 veritatem
246 2739 410 2833 adspicere,
420 2763 480 2801 non
496 2742 619 2823 imagine
636 2761 815 2821 expr,essam
831 2738 899 2797 sed
891 2760 1000 2819 ipsam
1012 2739 1085 2798 sed
1076 2752 1237 2818 mtegram,
1255 2720 1309 2793 sed

82 2856 157 2949 pura
175 2837 208 2896 in
235 2837 300 2897 luce
320 2818 519 2919 splendentem
547 2852 681 2921 cuperet,
709 2837 824 2897 oculum
851 2839 1019 2898 memoravit
1046 2837 1137 2896 animi
1163 2830 1309 2897 subindeae

84 2925 171 3012 ὄμμα
190 2934 245 3016 τῆς
265 2935 382 3018 ψυχῆς,
403 2939 546 2999 sexcentis
563 2937 654 2998 oculis
680 2936 836 3018 potiorem,
857 2937 963 3016 quippe
983 2957 1039 3014 quo
1064 2956 1122 2994 uno
1145 2938 1311 2993 cerneretur

84 3035 199 3098 veritas.
242 3037 328 3098 Hunc
348 3053 443 3099 autem
462 3036 596 3112 oculum,
617 3037 720 3096 mentis
740 3026 877 3116 ὄργανον,
899 3047 930 3093 ut
954 3034 1116 3114 negligitur
1128 3054 1146 3091 a
1163 3031 1310 3139 plerisqqo

45 3145 47 3148 ⁴
85 3146 113 3192 et
133 3153 248 3194 coecum
268 3136 301 3195 lit
316 3158 347 3195 ac
362 3138 437 3217 perit
455 3137 515 3195 fere
524 3135 711 3217 ,disciplinis
726 3138 839 3197 monuit
854 3157 870 3195 a
883 3150 982 3195 tenera
1002 3132 1072 3193 inde
1088 3145 1198 3207 aetate,
1218 3126 1311 3189 maxi

84 3252 185 3310 meque
203 3226 407 3313 matbemaqicis
430 3248 457 3292 et
477 3232 636 3292 dialecticis
657 3233 915 3314 disquisitionibus
943 3252 1007 3290 cum
1035 3177 1234 3289 suscitandim
1249 3238 1315 3287 effi

83 3331 118 3390 in
136 3344 247 3406 mente,
269 3345 329 3391 turn
347 3330 538 3413 purgandum.
569 3332 640 3390 Nam
655 3324 699 3391 ¹sic
719 3333 835 3392 demum
854 3332 916 3389 fieri
935 3351 1033 3411 posse,
1053 3342 1087 3387 ut
1106 3328 1185 3407 quod
1201 3325 1318 3387 arden‘

84 3428 191 3487 tissime
209 3451 333 3490 amemus
354 3431 493 3507 uniceque
520 3429 653 3510 amplecti
683 3445 772 3490 totum
791 3432 956 3511 cupiamus,
977 3430 1072 3509 ipsum
1099 3427 1167 3486 dico
1186 3444 1318 3493 vnum,

86 3525 119 3585 id
136 3527 213 3604 quod
232 3539 294 3604 aet,
315 3549 368 3587 nec
389 3528 470 3586 falsis
490 3550 541 3587 nos
561 3527 637 3587 ludit
656 3530 830 3609 imaginibus
841 3575 849 3603 ,
870 3529 923 3587 boc
948 3528 1035 3606 igitur
1059 3527 1224 3585 intueamur
1245 3520 1316 3603 pla*

88 3644 142 3699 ne,
162 3645 228 3684 cum
246 3648 335 3707 eoque
362 3627 504 3706 congressi
523 3648 583 3686 non
603 3625 675 3685 falsa
694 3640 722 3686 et
741 3629 860 3702 inania,
881 3626 931 3686 sed
957 3646 1025 3685 vera
1052 3624 1217 3705 pariamus,
1235 3628 1320 3702 qua&

87 3743 185 3793 veram
206 3725 368 3807 provehant
383 3724 502 3784 humani
517 3726 628 3804 generis
646 3725 822 3786 felicitatem.
865 3725 993 3785 Sublime
1013 3722 1067 3781 boc
1089 3743 1158 3783 sane
1183 3734 1224 3781 est
1239 3719 1320 3801 pla*

86 3820 177 3881 citum
194 3822 338 3897 Platonis,
359 3821 550 3903 significatum
564 3825 624 3901 jam
644 3824 676 3883 in
695 3823 843 3900 Phaedro,
864 3823 914 3883 sed
931 3824 964 3882 in
981 3820 1086 3880 Politia
1110 3819 1148 3879 ad
1172 3821 1320 3901 optinet!

88 3919 299 3981 institutionem
323 3921 478 4001 diligenter
505 3908 686 3981 adhibitum:
709 3922 792 3983 nobis
822 3944 889 3983 vero
915 3920 1075 4003 prudenter
1098 3933 1141 3979 est
1165 3918 1320 4000 accipient‘

88 4016 177 4093 dum,
198 4039 235 4077 ne
252 4019 415 4100 importuni
434 4017 586 4100 diligentia
605 4021 742 4100 inanique
757 4021 946 4101 inquisitione
961 4017 998 4078 de
1017 4039 1116 4078 sensus
1134 4018 1221 4095 hujus
1236 4008 1315 4071 sede

124 4243 150 4308 1)
168 4247 204 4296 lle
216 4247 277 4316 step,
295 4244 423 4298 vrtuti,
442 4245 471 4295 E.
489 4243 547 4295 533.
567 4245 599 4295 D·
1127 4264 1133 4275 ¹
1270 4272 1297 4337 ο

123 4329 148 4393 2)
169 4331 225 4382 Vid.
249 4333 320 4398 Wytt.
339 4332 371 4382 ad
385 4330 450 4381 Plut.
470 4329 502 4380 de
517 4330 541 4381 S.
560 4329 589 4381 N.
608 4330 637 4381 V.
656 4348 680 4397 p.
700 4331 742 4382 95.

123 4414 150 4477 3)
170 4415 209 4467 Cl·
227 4419 328 4486 deltop.
348 4416 399 4466 Vll.
418 4413 475 4466 523.
494 4415 523 4466 l).
542 4414 599 4466 524.
618 4416 648 4466 l).
699 4458 702 4463 .
