2796 5048
684 211 723 268 96

94 371 146 430 illa
164 372 197 429 iu
217 369 345 428 Phaedro
365 372 500 443 maxime,
530 369 654 429 subinde
673 373 758 430 etiam
776 373 808 429 in
826 370 991 454 Symposio:
1021 387 1139 452 uterque
1159 394 1230 433 vero
1257 375 1309 435 dia·

94 471 173 550 logus
192 489 225 528 eo
244 469 364 526 maxime
383 468 504 527 consilio
523 471 645 549 scriptus
664 466 778 575 ⁶⁵*
796 471 884 528 amori
903 471 1014 550 vulgari
1036 472 1166 530 Uranius
1193 456 1325 552 oppones

93 582 172 627 retur
189 588 285 642 amor,
303 567 352 646 qui
374 568 503 646 proxime
522 581 563 624 est
583 588 648 625 cum
668 568 776 628 virtute
796 581 823 626 et
843 568 944 647 pulcro
964 569 1063 627 morali
1088 571 1266 648 conjunctus
1286 584 1309 629 et

9 708 16 714 -
92 679 237 746 cognatus.
279 665 423 738 Omnino,
444 664 522 742 quod
542 665 640 723 laudat
659 664 738 724 Plato
756 669 932 745 maximeque
957 668 1156 742 commendat,
1187 683 1308 749 spectau-

93 765 161 824 dum
175 763 251 824 idem
265 763 348 822 nobis
361 765 497 843 proponit
512 765 543 820 in
563 762 741 842 dialogorum
760 767 898 844 personis.
924 769 1053 824 Amorem
1071 767 1151 824 hunc
1172 767 1306 825 Urauium

92 884 151 921 non
165 845 339 941 descriptum
357 874 470 920 tantum
490 863 521 917 in
542 861 706 937 ejuslibris
724 863 950 942 contemplamur
960 910 967 936 ,
991 864 1069 942 quod
1087 865 1204 923 faciunt
1223 864 1305 923 Phae·

92 961 175 1034 drus,
187 960 337 1018 Pausanias
348 973 375 1018 et
385 960 457 1017 miri
471 958 624 1037 elegantial,
641 972 673 1016 ut
687 959 771 1018 modo
786 960 926 1035 diximus,
940 962 1062 1040 Agatho,
1080 961 1130 1021 sed
1146 963 1304 1043 exprimunt

92 1079 155 1117 eum
173 1078 263 1117 mores
283 1072 310 1116 et
329 1078 470 1115 sermones
485 1056 625 1130 Socratis,
641 1056 691 1116 sed
711 1060 839 1116 referunt
852 1079 916 1116 eum
930 1058 1030 1139 plane,
1052 1060 1102 1137 qui
1117 1080 1186 1117 cum
1201 1059 1303 1120 Socrate

90 1156 312 1235 colloquuntur,
330 1153 533 1235 adolescentes.
560 1156 681 1213 Cernere
701 1156 785 1214 nobis
807 1155 1000 1215 adolescentes
1018 1157 1152 1216 videmur
1162 1203 1171 1231 ‚
1193 1158 1226 1216 in
1244 1158 1302 1237 qui-

88 1255 142 1314 bus
159 1255 272 1312 animus
290 1251 390 1332 pulcer
409 1272 474 1309 cum
491 1252 592 1332 pulcro
612 1274 727 1333 corpore
755 1254 927 1313 mirabiliter
953 1257 1112 1315 consentit:
1135 1255 1216 1334 quod
1242 1255 1300 1337 pul-

87 1354 239 1412 cerrimum
257 1371 315 1408 esse
333 1349 526 1429 spectaculum
546 1349 641 1425 dixit,
661 1353 683 1409 si
704 1354 751 1410 cui
772 1353 803 1411 id
819 1352 904 1411 liceat
915 1367 1059 1433 spectare.
1081 1352 1162 1428 Quid
1177 1354 1299 1435 pulcrum

18 1444 24 1455 ²
86 1452 173 1510 sitin
192 1447 318 1519 artibus,
337 1447 409 1526 quid
428 1447 552 1508 habeant
576 1450 644 1509 artis
672 1471 756 1530 opera
785 1452 1043 1531 praestantissima,
1065 1474 1121 1531 quo
1151 1450 1298 1525 efficiatur,

87 1563 118 1607 ut
136 1548 221 1607 nobis
230 1544 330 1626 pulcra
341 1545 497 1604 videantur
507 1593 515 1620 ,
535 1546 614 1606 baud
632 1549 788 1626 exquisivit
809 1546 876 1606 data
898 1549 983 1629 opera
1000 1548 1097 1609 Plato:
1118 1572 1187 1610 nam
1211 1544 1299 1631 λώβην

86 1647 206 1706 vocabat
223 1635 383 1723 prpqrmrir
405 1665 517 1704 omnem
528 1690 536 1717 ,
557 1665 628 1721 quae
647 1646 778 1706 sensibus
803 1645 1018 1726 gratificaretur.
1044 1646 1072 1727 l)
1110 1648 1169 1709 Sed
1187 1651 1300 1733 dialugit

3 1728 5 1735 Ι
85 1746 146 1825 ipse
164 1747 223 1804 suis
240 1745 372 1826 pulcrum
392 1743 548 1823 expressit,
569 1743 647 1820 quod
673 1744 750 1803 idem
769 1759 840 1837 esset
866 1743 991 1818 bonum,
1016 1747 1145 1827 exempla
1163 1755 1259 1830 poetis
1277 1762 1301 1809 et

86 1842 244 1902 oratoribus
267 1842 429 1916 exbibens,
455 1861 527 1919 quae
555 1840 587 1897 hi
616 1840 653 1900 ad
682 1843 794 1922 generis
821 1842 940 1900 humaui
968 1842 1088 1903 salutem
1116 1846 1301 1909 imitarentur.

85 1942 242 2020 Quinque
266 1942 354 2020 magis
372 1953 498 2021 pateret,
520 1942 665 1997 contemni
691 1961 707 1997 a
734 1962 763 1999 se
790 1940 942 2020 pulcrum,
963 1940 1041 2018 quod
1060 1963 1121 2001 non
1141 1944 1222 2005 idem
1238 1960 1302 2007 estet

84 2040 212 2114 bonum,
232 2040 328 2098 animo
355 2052 448 2097 autem
475 2037 551 2095 bono
580 2058 682 2118 corpus
710 2037 784 2096 effici
805 2037 1028 2118 pulcerrimum,
1055 2040 1250 2102 Theaetetum
1264 2046 1302 2105 iu·
1342 2046 1344 2067 '

39 2174 44 2186 .
84 2137 189 2212 duxit,
209 2139 242 2214 in
260 2137 429 2218 cognomine
448 2134 578 2213 dialogo,
608 2137 687 2215 turpi
717 2136 827 2217 specie,
849 2149 923 2194 certe
952 2157 1011 2195 non
1040 2138 1181 2212 formosa,
1204 2140 1255 2202 sed
1275 2162 1304 2202 ec

84 2237 221 2316 ingenio,
251 2256 283 2295 eo
311 2236 400 2293 animi
429 2232 571 2304 candore,
601 2253 632 2290 ea
659 2235 776 2292 omnino
801 2233 993 2308 amabilitate,
1015 2249 1046 2294 ut
1066 2236 1165 2323 nullus
1194 2241 1228 2298 in
1247 2243 1305 2319 ejus

85 2334 198 2414 scriptis
216 2332 381 2392 adolescens
406 2331 489 2390 nobis
509 2350 538 2387 se
562 2330 740 2390 commendet
758 2333 853 2411 magis.
896 2333 952 2406 Qui
972 2347 1035 2413 post
1054 2334 1203 2395 Platonem
1222 2340 1304 2398 exsti·

84 2444 182 2489 terunt
201 2429 367 2510 philosophi
378 2475 386 2504 ,
407 2443 557 2509 praecepta
578 2429 709 2510 plerique
728 2429 912 2489 tradiderunt
935 2430 982 2489 vel
1001 2433 1070 2490 artis
1088 2432 1136 2492 uel
1154 2434 1305 2496 doctrinae

83 2528 266 2603 tractandae,
294 2527 371 2607 quod
399 2528 517 2586 minime
547 2549 614 2586 sane
641 2526 768 2606 neglexit
797 2527 894 2602 Plato;
925 2526 975 2586 sed
1001 2529 1068 2604 hic,
1089 2531 1247 2594 scribendo
1274 2536 1304 2595 in

82 2628 200 2707 primis,
222 2647 305 2707 opera
326 2627 358 2685 in
376 2626 470 2684 lucem
490 2625 601 2699 edidit,
623 2647 637 2684 e
658 2625 763 2705 quibus
782 2627 837 2705 ipsi
856 2639 1004 2705 praecepta
1023 2641 1192 2707 peteremus.
1220 2631 1304 2705 Quod

83 2740 115 2784 ut
135 2727 167 2783 in
187 2725 300 2784 creticis
317 2727 377 2802 ejus
396 2725 510 2804 scriptis
526 2725 586 2802 jam
613 2725 680 2782 satis
702 2723 785 2781 nobis
812 2724 923 2803 patuit,
944 2724 984 2782 ita
1004 2726 1114 2804 patebit
1142 2726 1252 2789 deinde
1273 2732 1302 2791 iu

82 2822 163 2896 illis,
184 2843 255 2902 quae
273 2809 400 2881 studium
418 2823 479 2882 veri
500 2836 528 2880 et
545 2823 606 2882 veri
625 2820 794 2900 assequendi
815 2835 902 2878 artem
922 2837 1060 2902 spectant.
1083 2826 1170 2884 Totus
1191 2827 1304 2886 Theae-

82 2936 174 2995 tetus,
195 2935 223 2980 et
249 2921 337 2999 magis
364 2921 448 2978 etiam
476 2918 608 2999 Sophista
637 2935 664 2979 ct
692 2919 847 2991 Politieus,
879 2919 1040 3000 exemplum
1065 2936 1106 2981 est
1134 2923 1302 2985 dialecticae

82 3018 269 3084 exercendae,
282 3019 368 3090 artis,
389 3038 472 3095 quam
493 3018 524 3074 in
544 3017 672 3076 Phaedro
691 3031 757 3075 ante
778 3016 995 3076 adumbraverat
1013 3033 1040 3077 et
1058 3035 1154 3100 postea
1171 3023 1206 3080 in
1225 3023 1301 3083 Poli-

81 3119 121 3175 tia
150 3115 368 3195 diligentissimc
398 3113 569 3194 descripsit:
602 3116 772 3174 Theaetetus
801 3137 868 3174 vero
895 3116 1079 3196 disciplinam
1108 3116 1297 3195 Socraticam,

80 3207 260 3294 μαιευτικήν,
281 3214 361 3292 quasi
379 3214 411 3271 in
429 3210 521 3292 effigie
540 3213 623 3271 nobis
645 3213 789 3292 proponit.
831 3212 877 3270 Sic
899 3212 998 3286 Plato,
1019 3236 1091 3293 quae
1110 3215 1158 3274 vel
1182 3218 1299 3298 ingenio

3 3344 8 3351 ·
81 3318 308 3396 excogitaverat,
329 3311 377 3372 uel
395 3312 495 3368 animo‘
507 3309 665 3384 sentiebat,
687 3331 746 3368 non
766 3312 915 3369 sententiis
941 3312 1112 3390 quibusdam
1137 3329 1189 3381 aut
1216 3318 1296 3377 ratio

81 3413 207 3474 cinando
226 3427 253 3471 et
272 3407 513 3490 argumentando,
532 3407 602 3481 sed,
622 3413 768 3487 poetarum
796 3409 904 3481 instar,
926 3412 1035 3485 formet
1057 3412 1214 3494 praecipue
1232 3414 1295 3474 scri·

82 3527 195 3593 ptorum
215 3509 346 3590 exposuit
367 3522 394 3565 et
413 3507 560 3585 expressit.
587 3505 684 3563 Fuisse
703 3506 756 3564 boc
776 3508 924 3587 proprium
942 3508 1058 3568 videtur
1066 3510 1157 3589 ipsius
1166 3511 1294 3592 ingenio,

83 3625 114 3669 ut
131 3609 208 3669 nihil
227 3623 293 3667 ante
310 3608 363 3665 rite
383 3604 552 3685 explicitum
571 3606 801 3684 propositumque
820 3605 1024 3681 arbitraretur,
1044 3627 1130 3686 quam
1148 3608 1180 3667 id
1207 3609 1296 3670 oculis

81 3708 247 3786 subjecisset
271 3705 444 3785 legentium,
466 3703 536 3781 quin
565 3703 648 3761 etiam
660 3749 667 3776 ,
690 3718 721 3762 ut
748 3705 780 3761 in
808 3703 952 3777 dramate,
973 3706 1062 3763 vitam
1088 3706 1114 3762 ei
1134 3722 1295 3788 motumque

80 3805 213 3867 dedisset.
255 3804 391 3862 Finxerat
410 3803 442 3859 in
462 3800 564 3859 Politia
585 3802 703 3881 optimos
721 3802 845 3860 civitatis
871 3802 1019 3875 custodeS,
1040 3804 1161 3882 optimos
1187 3808 1294 3887 princi·

78 3926 128 3985 pes
139 3951 147 3978 ,
168 3904 217 3982 qui
238 3903 344 3983 optima
364 3900 473 3958 ratione
491 3919 548 3957 rem
572 3898 719 3979 publicam
738 3897 928 3962 defenderent
950 3914 1033 3978 atque
1051 3899 1294 3965 administrarent.

79 4003 191 4078 Quibus
209 4000 341 4061 omnibus
360 4011 424 4077 apte
444 3996 594 4076 descriptis
612 4010 639 4054 et
656 4009 791 4073 tanquam
811 3998 843 4054 in
866 3997 963 4055 tabula
991 3997 1167 4058 adumbratis
1193 4022 1229 4061 ac
1250 4002 1294 4064 de·

79 4102 184 4182 pictis,
205 4114 315 4158 tantum
337 4095 451 4168 aberat,
473 4108 504 4152 ut
522 4093 575 4152 hoc
604 4093 659 4173 ipsi
682 4093 871 4168 satisfaceret,
892 4108 924 4152 ut
951 4094 1093 4154 Socratem
1116 4097 1149 4155 in
1177 4098 1296 4161 Timaeo

77 4199 220 4259 dicentem
238 4197 397 4256 induceret.
423 4192 544 4251 ‹ibudito
560 4194 618 4267 jam
639 4191 674 4250 de
693 4192 824 4266 civitate,
843 4215 926 4271 quam
942 4194 1131 4268 absolvimus,
1152 4200 1296 4276 quomodo

111 4439 133 4501 1)
155 4441 192 4490 ne
209 4441 269 4507 nep.
285 4438 314 4489 x.
335 4435 391 4487 595.
414 4422 443 4485 tr.
