2796 5048
676 199 734 258 485

80 363 121 424 ad
150 362 282 438 bonum,
302 362 339 424 ad
366 366 477 442 justum
495 363 689 441 divinumque
709 378 932 438 converterent,
953 384 1010 440 quo
1030 364 1118 442 magis
1139 375 1167 420 et
1184 363 1239 443 ipsi
1254 366 1328 423 ‘vere
1370 380 1373 387 ·

73 462 252 543 judicarent
282 461 318 522 de
347 461 433 521 rebus
462 462 614 535 omnibus,
637 476 665 521 et
694 463 726 520 in
745 461 869 520 aliorum
889 459 1070 520 commodum
1091 459 1268 538 salutemque
1286 484 1328 520 sa·

79 561 226 643 pientiam
257 581 336 621 suam
362 561 539 620 conferrent.
582 561 645 618 Hoc
673 559 745 618 adeo
771 560 916 640 proposito
947 559 984 619 de
1018 559 1128 619 mundo
1153 559 1251 643 νοητῷ
1270 575 1327 621 tam

77 657 243 737 diligenter
270 658 338 737 egit.
379 657 610 739 Metaphysicam
634 679 693 717 non
724 658 889 738 spectabat,
911 659 974 720 sive
1002 649 1058 737 τήν
1077 652 1202 741 πρώτην
1227 661 1327 735 illam,

78 776 170 835 quam
191 756 360 815 Aristoteles
383 756 520 830 vocabat,
542 752 729 837 φιλοσοφίαν.
776 758 854 814 Haec
885 755 921 814 de
939 756 998 836 ipsa
1020 761 1145 818 auctoris
1163 762 1327 834 sententia,

79 876 143 913 non
164 853 289 937 negotiis
307 852 548 916 administrandis
577 857 713 917 humanis
737 852 932 927 inserviebat,
954 855 1004 915 sed
1026 869 1086 915 tota
1106 878 1202 916 rerum
1222 850 1328 919 caussis

78 951 293 1031 exquirendis,
315 951 556 1033 explicandisque
583 955 695 1015 divinis
725 953 860 1014 omuibus
891 966 919 1011 et
944 952 1082 1013 humenis
1101 955 1188 1014 rebus
1207 978 1328 1039 occupa·

76 1049 179 1110 batur.
202 1046 233 1130 l)
272 1049 354 1108 Plato
375 1071 443 1109 vero
464 1050 540 1111 hanc
560 1054 620 1112 Deo
640 1053 809 1131 relinquens
829 1051 1020 1130 sapientiam,
1041 1072 1098 1128 quo
1116 1056 1223 1112 certius
1243 1056 1326 1114 malis

77 1148 221 1207 humanis
248 1146 408 1206 remedium
435 1150 565 1225 afferret,
598 1172 650 1231 per
681 1151 854 1231 disciplinas
876 1162 1005 1207 avertere
1026 1169 1226 1228 generosorum
1242 1155 1327 1231 juve·
1360 1134 1363 1141 ¹

77 1267 153 1305 num
177 1260 319 1305 mentesa
338 1246 465 1306 risibilis
482 1248 586 1308 mundi
608 1248 738 1323 umbris,
759 1261 844 1327 atque
872 1245 909 1305 ad
925 1248 1031 1307 mundi
1050 1246 1160 1327 νοητοῦ
1177 1250 1326 1309 veritatem

75 1356 253 1404 convertere
271 1341 393 1404 studuit.
415 1343 462 1404 Sic
480 1346 593 1405 scilicet
609 1347 741 1427 sperabat
762 1347 823 1405 sore
846 1358 896 1417 ut,
917 1365 981 1403 cum
1002 1347 1187 1430 philosophia
1206 1349 1236 1406 in
1256 1350 1326 1428 pris·

75 1442 176 1501 tinam
205 1440 375 1521 dignitatem
402 1445 659 1523 auctoritatemque
681 1446 898 1519 restitueretur,
926 1457 987 1503 tum
1008 1465 1141 1525 peream
1168 1447 1328 1527 graviores-

73 1559 137 1619 que
154 1538 329 1619 disciplinas
340 1542 465 1618 juvenes
480 1540 517 1600 ad
527 1542 706 1623 respublicas
725 1541 865 1622 regendas
887 1543 1115 1604 informarentur
1133 1559 1219 1606 recte.

143 1758 204 1818 Da
235 1762 472 1819 adhibenda
502 1762 628 1822 robur
656 1765 884 1843 politicis,
914 1770 1181 1842 utperfecta
1203 1775 1265 1824 sit

185 1866 361 1933 civitae,
391 1882 478 1918 cum
507 1862 674 1939 pulcri,
705 1870 788 1918 tum
810 1863 1211 1940 veripht'loaopha'a.

119 2077 297 2140 Accedimus
325 2080 365 2138 ita
391 2101 480 2161 prope
509 2081 547 2142 ad
572 2083 744 2142 sententiam
765 2080 974 2161 explicandam
997 2081 1126 2140 Platonis
1146 2083 1183 2141 de
1201 2083 1325 2163 philoso-

75 2178 208 2261 phorum
235 2177 268 2235 in
291 2177 441 2258 republica
464 2181 645 2241 auctoritate.
676 2179 785 2238 Verum
806 2177 855 2237 htc
874 2177 911 2237 de
931 2178 1114 2259 philosophia
1141 2202 1208 2240 cum
1229 2180 1326 2261 pulcri

76 2289 146 2335 tum
174 2275 236 2335 reri
265 2273 342 2334 illud
371 2274 644 2338 animadvertamus.
687 2277 818 2337 Tractari
850 2290 970 2355 utraque
1003 2299 1018 2335 a
1046 2278 1251 2358 metaphysicis
1278 2277 1327 2337 vel

78 2372 170 2433 nullo
196 2373 344 2455 proposito
374 2364 445 2433 solet
474 2373 522 2435 vel
549 2396 582 2433 eo
608 2375 773 2447 duntaxat,
796 2388 828 2432 ut
848 2395 885 2434 ex
908 2375 1056 2435 altissimis
1075 2376 1326 2454 remotissimisque

75 2470 238 2553 principiis
264 2490 309 2528 res
337 2472 542 2550 gravissimae,
562 2492 635 2549 quae
661 2472 731 2531 illuc
752 2474 941 2545 referuntur,
964 2472 1119 2533 ducantur.
1162 2475 1250 2552 Cujus
1270 2488 1326 2532 stu·

75 2569 125 2629 dii
151 2569 184 2627 in
215 2568 333 2628 civitate
363 2567 569 2647 hominumque
598 2570 658 2628 vita
683 2571 737 2629 vix
761 2569 815 2627 ulli
835 2583 976 2649 apparent
999 2570 1119 2630 fructus.
1161 2570 1237 2629 Sunt
1255 2571 1325 2643 alii,

76 2669 131 2746 qui
159 2666 243 2725 missa
274 2665 487 2747 metaphysicae
519 2668 664 2751 ipsiusque
693 2667 865 2726 dialecticae
896 2665 1075 2739 subtilitate,
1108 2682 1257 2744 utramque
1287 2666 1325 2725 ad

76 2764 252 2847 popularem
278 2779 394 2844 captum
421 2764 648 2825 accommodent.
692 2766 793 2824 Neutri
814 2765 847 2825 id
869 2778 978 2844 agunt,
999 2763 1077 2841 quod
1096 2765 1240 2844 postulare
1260 2764 1325 2845 phi·

77 2860 234 2943 losophia,
255 2861 397 2921 Socratica
419 2861 538 2942 quidem
558 2877 586 2922 et
614 2863 784 2936 Platonica,
808 2863 935 2922 videtur.
978 2863 1073 2940 Hujus
1090 2863 1168 2920 enim
1189 2875 1325 2921 constans

76 2960 260 3041 propositum
291 2972 351 3033 est,
382 2973 414 3019 ut
442 2982 493 3042 per
521 2961 615 3042 pulcri
643 2958 770 3019 studium
797 2974 892 3034 artes,
922 2981 973 3040 per
1003 2961 1063 3021 reri
1085 2958 1211 3018 studium
1232 2958 1325 3018 disci-

76 3056 182 3139 plinae
209 3058 354 3137 graviores
385 3058 423 3118 ad
453 3080 551 3118 veram
580 3056 832 3118 accommodentur
860 3057 1035 3136 valeantque
1064 3058 1177 3137 generis
1203 3057 1324 3115 humani

76 3154 222 3232 salutem;
245 3154 295 3215 sed
321 3158 439 3236 exsequi
468 3157 522 3216 hoc
552 3158 731 3238 propositum
757 3155 843 3235 jubet
860 3156 951 3236 ipsius
971 3155 1140 3214 dialecticae
1160 3155 1323 3235 diligentia.

76 3254 118 3314 Et
148 3252 229 3313 Plato
253 3253 372 3333 quidem
402 3253 438 3312 de
464 3255 575 3315 artibus
604 3254 753 3335 literisque
774 3277 806 3315 ac
826 3255 995 3336 disciplinis
1013 3255 1173 3315 tractandis
1193 3275 1253 3313 non
1272 3273 1326 3332 pe-

75 3351 206 3412 culiares
231 3351 371 3431 quosdam
398 3351 516 3413 libellos
543 3355 676 3434 scripsit,
698 3355 748 3414 sed
776 3357 866 3436 ipsam
892 3369 920 3414 et
945 3354 1041 3435 pulcri
1062 3368 1090 3413 et
1111 3354 1173 3414 veri
1192 3350 1324 3431 philoso-

76 3449 183 3531 phiam
208 3449 261 3509 illo
289 3452 321 3508 in
350 3470 436 3531 opere
458 3453 609 3532 exposuit,
630 3473 687 3530 quo
714 3451 751 3510 de
768 3453 898 3532 politicis
918 3452 1003 3509 rebus
1025 3450 1208 3529 perfectoque
1228 3448 1321 3525 reipu·
1354 3472 1356 3477 ’

76 3546 177 3609 blicae
206 3562 281 3608 statu
307 3561 411 3628 ageret.
453 3550 544 3608 Locus
569 3549 648 3607 enim
668 3548 716 3606 hic
739 3548 824 3605 rebus
844 3561 902 3605 tam
922 3547 1033 3624 magnis
1053 3560 1137 3623 atque
1158 3542 1323 3603 illustribus

77 3646 170 3704 unice
199 3660 258 3705 erat
285 3659 389 3726 aptus,
411 3660 439 3705 et
460 3646 562 3718 nobis,
585 3647 616 3704 ni
638 3644 744 3718 fallor,
765 3657 915 3724 postquam
935 3642 992 3700 huc
1013 3643 1220 3721 pervenimus,
1242 3663 1322 3701 nunc

77 3743 198 3803 demum
223 3764 268 3802 res
294 3743 363 3802 illae
393 3745 577 3824 gravissimae
608 3744 640 3802 in
661 3743 726 3801 luce
747 3742 856 3822 positae
875 3739 1023 3799 videntur.
1068 3739 1255 3799 Admiramur
1274 3740 1323 3798 hlc

75 3855 177 3900 autem
201 3841 402 3922 philosophiae
429 3841 595 3902 Platonicae
624 3862 683 3900 nou
711 3839 804 3898 solum
833 3837 1013 3910 ubertatem,
1035 3837 1086 3897 sed
1108 3837 1323 3919 simplicitatem

73 3939 178 3998 etiam.
220 3940 288 3999 Uno
317 3938 370 3998 illa
396 3954 561 4000 constanter
592 3954 689 3999 tenore
719 3936 870 4018 procedit,
899 3949 987 4015 utque
1017 3938 1203 4018 aprincipio
1222 3934 1260 3994 ad
1279 3956 1324 3992 res

75 4036 300 4118 perspiciendas
324 4038 459 4118 politicas
487 4037 691 4118 praeparavit,
713 4037 752 4095 ita
779 4035 848 4112 htc,
871 4034 920 4093 ubi
948 4055 995 4094 eas
1020 4035 1159 4113 exponit,
1180 4031 1218 4091 ad
1236 4051 1324 4112 supe-

113 4375 148 4440 ι)
165 4375 243 4426 raon
260 4392 288 4442 p.
305 4374 365 4428 aaa.
