2796 5048
659 192 699 251 25

63 355 96 417 id
111 357 207 438 potuit
223 375 356 437 peragere
373 368 401 413 et
418 356 528 436 peregit
550 353 695 436 praeclare
713 352 958 434 Wyttenhachia,
985 353 1084 412 aetatis
1102 352 1163 416 illa,
1174 366 1285 414 nostrae

63 473 201 546 Diotime,
224 472 328 549 juncta
349 469 422 530 olim
436 470 500 530 viro
512 470 668 528 arctissima
687 461 917 544 necessitudine,
938 481 966 527 et
986 467 1074 557 digua
1091 489 1164 547 qaae
1181 468 1285 528 colere·

61 601 108 646 tur
125 586 164 646 ab
184 586 284 644 aetatis
301 605 367 643 suae
381 583 508 644 Socrate.
538 583 614 643 Mihi
636 583 721 643 unice
740 582 916 665 explendum
931 596 990 642 erat
1008 584 1123 663 pietatis
1142 581 1284 659 officium,

59 722 116 780 quo
135 699 253 759 nullum
271 698 363 758 habeo
381 701 507 760 sanctius
517 744 526 775 ,
548 713 580 758 ut
602 699 755 786 recolerem
779 718 844 756 cum
868 698 931 757 viro
949 698 1120 758 amicissimo
1138 699 1286 759 desidera-

58 816 164 876 tissimi
192 817 384 897 praeceptoris
402 817 583 890 memoriam,
604 829 666 875 tum
694 835 761 874 vcro
786 814 858 894 grati
883 834 997 872 sensum
1020 815 1109 874 animi
1130 835 1194 874 cum
1213 817 1287 875 seri·
1312 837 1313 840 ’

57 931 160 993 hendo
181 931 381 1005 effunderem,
403 945 465 990 tum
491 930 587 1012 palam
605 929 790 990 declararem.
831 928 1021 1014 Quamobrem
1048 929 1085 989 da
1109 929 1181 988 mihi
1208 913 1289 991 hanc
1333 977 1337 994 ,

60 1047 197 1120 veniam,
219 1047 373 1120 Creuzere,
394 1060 426 1106 ut
453 1045 601 1127 epistolam
626 1045 701 1105 hanc
729 1058 757 1104 et
784 1038 867 1104 edam
889 1044 1007 1126 publice
1026 1058 1054 1104 et
1080 1043 1189 1104 Initiia
1206 1044 1287 1104 hisce

56 1163 261 1240 philosophiae
281 1160 477 1242 Platonicae,
504 1158 695 1223 dedicationis
717 1160 797 1235 loco,
811 1162 1003 1241 praemittam.
1049 1159 1164 1220 Etenim
1181 1174 1213 1219 ut
1233 1182 1287 1220 vo-

59 1276 204 1336 luntatem
232 1295 296 1355 erga
325 1295 368 1333 me
397 1288 474 1333 tuam
499 1274 667 1350 declarasti,
692 1274 878 1335 inscribenda
906 1295 968 1334 meo
995 1275 1107 1334 nomini
1123 1288 1172 1333 tua
1191 1274 1286 1334 Procli

59 1377 208 1465 editione¹,
239 1390 278 1448 ita
308 1391 394 1470 cupio
423 1388 622 1464 vehementer,
653 1404 684 1449 ut
712 1390 790 1450 meae
811 1391 918 1519 pari&
941 1402 969 1449 et
988 1388 1186 1451 observantiae
1205 1390 1285 1449 inte

59 1519 89 1565 et
108 1505 252 1566 amicitiae
273 1519 488 1564 monumentum
514 1519 613 1565 exstet.
656 1506 701 1565 Tu
729 1527 816 1580 vero,
837 1527 883 1565 vrr
901 1505 1140 1586 praestantissime
1157 1505 1286 1585 mihique

59 1613 226 1695 carissime,
246 1619 286 1678 sic
305 1640 390 1701 perge
413 1633 441 1678 et
459 1619 550 1679 literis
572 1642 686 1702 operam
711 1642 817 1697 navare
836 1634 864 1679 et
883 1595 1220 1696 meama1·e,'utadhuc
1239 1621 1285 1679 fe-

58 1734 146 1809 cisti,
166 1733 277 1813 tibique
296 1733 333 1793 de
353 1755 397 1792 me
416 1734 603 1815 persuadeas,
624 1736 656 1795 in
674 1735 823 1810 omnibus,
844 1737 900 1816 qui
913 1709 1006 1795 tecum
1020 1737 1184 1817 jungrmtur
1206 1758 1285 1797 eom-

58 1850 144 1909 muni
173 1849 302 1909 Platonis
320 1870 433 1924 amore,
464 1821 687 1912 neminem'esse
714 1852 765 1930 qui
779 1822 816 1911 ¹te
835 1865 863 1911 et
880 1851 1027 1910 Platonem
1053 1866 1126 1912 amet
1146 1855 1236 1934 magis
1257 1867 1285 1914 et

56 1963 228 2025 admiretur.
269 1964 351 2024 Vale.
393 1963 500 2046 Scripsi
521 1955 645 2049 Trajecti
665 1964 838 2027 Batavorum
855 1987 892 2026 m.
912 1965 979 2026 Jan.
1000 1987 1025 2027 a.
1050 1967 1136 2028 1825.

867 2114 885 2153 9

951 2210 962 2251 i
