2796 5048
631 263 687 320 211

58 436 117 495 3ant
145 437 173 482 et
200 423 242 482 rei
272 422 405 482 studeant
436 422 573 481 familiari
599 437 626 482 et
646 426 771 484 fructum
790 424 896 485 laboris
914 425 957 484 sui
978 425 1126 484 hominum
1144 427 1272 487 societati

58 510 232 601 lupertiant:
263 521 380 581 discreti
411 541 507 579 omnes
534 543 550 579 a
579 543 608 580 sc
636 523 781 596 invicem,
811 543 980 603 quamquam
1011 544 1070 582 non
1095 525 1134 584 ita
1164 525 1272 601 alieni,

58 616 122 691 (tuin
149 617 309 678 identidem
338 618 394 677 sihi
423 632 521 677 mutuo
551 602 632 700 op⁸em
661 634 815 711 praestept.
856 620 914 681 Sed
936 621 1067 700 quamvis
1094 623 1127 680 in
1151 622 1205 681 hac
1225 622 1273 682 ar'-

61 708 137 787 lium,
151 715 401 795 doctrinarumque
421 714 594 809 flivqrsitate
623 739 722 779 rerum
746 719 835 778 lateat
860 719 1075 797 conjunctionis
1102 721 1273 798 vinculum,

65 815 147 873 enati
175 827 244 873 sunt
272 829 368 898 tamen
397 812 538 891 subinde,
550 815 734 897 philosophi,
765 831 822 877 tam
846 816 924 899 apud
943 831 1068 892 veteres,
1089 839 1173 896 quam
1194 820 1272 900 apud

67 912 239 987 recentiores,
260 913 454 992 qualicunque
479 934 524 971 eas
541 913 625 973 modo
634 936 739 973 =sccum
757 916 884 987 invicem
900 917 1083 997 conjungere.
1125 918 1272 977 Celebrate

63 1021 96 1068 ert
121 1008 307 1070 Macedonico
333 1032 403 1070 aevo
425 1007 642 1090 e'yaoalorrardal
662 1059 668 1072 .
711 1014 762 1072 Uti
784 1015 861 1072 enim
885 1014 998 1092 antiqui
1016 1014 1131 1074 fabulas
1148 1029 1273 1076 vetustas

58 1098 222 1179 landriaco
244 1108 461 1191 disposuerant,
490 1114 530 1173 ita
558 1136 640 1175 nunc
670 1112 821 1196 plawhat,
849 1112 903 1171 hoc
934 1112 1062 1170 omnium
1090 1115 1194 1172 artium
1223 1115 1271 1175 do·
1344 1136 1346 1151 ·

58 1208 262 1289 minarumque
291 1208 358 1267 orbe
369 1256 377 1285 ,
398 1211 529 1291 partibus
558 1210 704 1293 dispositis
730 1212 842 1270 omnem
868 1210 1016 1269 continere
1032 1210 1158 1271 hominis
1177 1213 1273 1271 scien-

58 1302 139 1381 iam,
161 1306 189 1387 1)
228 1307 286 1366 unh
319 1321 414 1388 tamen
440 1310 559 1390 excepta
585 1302 787 1401 philosophia,
817 1329 889 1387 quae
916 1306 1099 1369 honoratiore
1124 1330 1182 1368 esse
1208 1308 1271 1370 loco

58 1405 184 1517 ronenqa
213 1404 387 1482 videbatur,
418 1430 471 1467 nec
501 1429 566 1467 cum
598 1394 716 1468 caeter&
745 1404 963 1468 confundenda.
985 1403 1017 1487 2)
1066 1406 1123 1466 Sed
1150 1420 1183 1465 ut
1212 1422 1272 1468 erat

58 1486 125 1560 ‚a'ec
142 1470 307 1564 distributio
326 1504 549 1587 disciplinarum
569 1506 703 1565 utilitatis
723 1504 821 1571 caussa
838 1505 1016 1584 excogitata,
1037 1526 1092 1583 quo
1108 1505 1144 1587 iis
1157 1504 1272 1564 facilius

58 1596 231 1678 luderetur,
251 1603 292 1660 ita
317 1616 380 1684 post
400 1603 554 1662 multorum
573 1604 724 1695 decursan
745 1602 921 1661 sacculorum
941 1604 1051 1662 exstitit
1070 1604 1103 1662 in
1120 1603 1271 1663 Britannia

58 1699 142 1758 laco
165 1701 412 1776 Verulamius,
436 1702 488 1780 qui
498 1747 507 1776 ,
527 1723 584 1780 qua
603 1716 662 1760 erat
681 1702 792 1781 ingenii
812 1701 1046 1783 perspicacitate,
1067 1714 1218 1780 antequam
1239 1703 1271 1761 in

58 1790 152 1857 lasses
177 1796 419 1859 distribuerentur
446 1797 611 1875 doctrinae,
642 1799 769 1879 singulas
795 1813 823 1858 et
850 1796 1043 1879 explorandas
1064 1799 1194 1874 censuit,
1221 1813 1271 1874 ut,

58 1908 127 1952 uae
153 1910 223 1956 esset
251 1900 389 1977 cujusque
419 1912 539 1973 natura,
561 1912 688 1980 pateret,
710 1911 738 1956 ct
758 1919 772 1955 e
792 1896 851 1956 suis
876 1916 1001 1975 quasque
1018 1897 1128 1976 ingenii
1146 1897 1271 1957 faculta-

59 1984 147 2068 bus,
173 2008 308 2076 tanquam
335 1995 465 2054 fontibus
476 1994 663 2071 ,ducendas
685 1994 717 2075 3)
758 1993 842 2069 Quod
862 1992 1019 2074 placitum,
1039 2008 1103 2075 post
1129 1995 1270 2054 Baconem

58 2087 212 2165 egleetum
233 2094 292 2153 fere
302 2140 310 2168 ,
331 2094 489 2153 instaurata
508 2096 653 2174 superiore
672 2092 785 2153 sacculo
803 2091 986 2174 philosophih
996 2138 1004 2167 ,
1025 2091 1144 2151 mirifice
1160 2092 1271 2181 placuit

58 2180 228 2272 filosophis
240 2238 249 2267 ,
288 2192 454 2271 praesertim
493 2192 705 2252 Gallosrancis:
746 2211 874 2281 quorum*
904 2191 1066 2272 principes,
1106 2190 1271 2250 auctoribus

58 2279 287 2348 l’Alemherto
307 2302 335 2346 et
351 2288 583 2350 Condillacio
593 2336 602 2366 ,
624 2278 739 2372 explere
755 2289 879 2370 anglici,
889 2288 1055 2370 philosophi
1075 2303 1174 2350 votum
1191 2310 1270 2349 sum-

58 2396 91 2436 no
114 2384 212 2445 ardore
232 2385 414 2447 studuerunt.
444 2388 620 2468 Quamquam
641 2411 685 2446 res
703 2410 762 2447 non
780 2389 821 2446 ita
837 2386 960 2461 cecidit,
982 2400 1013 2444 ut
1029 2386 1103 2446 Baco
1123 2401 1271 2468 optaverat

58 2487 74 2533 rt
101 2477 158 2563 ipsi
188 2483 408 2544 contenderunt.
448 2487 518 2546 Nam
544 2507 597 2545 nec
614 2487 682 2545 satis
699 2485 879 2566 exploratum
894 2486 989 2543 suerat
1005 2485 1152 2564 ingenium
1171 2484 1269 2545 huma-

65 2592 135 2655 rum,
149 2596 179 2640 ut
199 2604 295 2641 omnes
312 2582 381 2642 inde
401 2584 696 2661 artesltloctrinacque
716 2582 801 2642 facile
821 2582 1008 2656 ducerentur,
1028 2582 1187 2661 ductaeque
1200 2582 1270 2641 inde

71 2674 264 2752 xplicarentur
291 2681 363 2739 rite:
386 2696 413 2741 et
442 2681 613 2763 prodierunt
631 2703 645 2739 e
665 2697 745 2740 vasto
763 2658 907 2763 pffiposito
935 2683 1194 2767 encyclopaedz'ae,
1215 2681 1268 2739 uti·

75 2768 157 2835 *asina
183 2799 251 2837 sane
272 2800 357 2859 opera
378 2794 406 2838 ct
426 2780 463 2839 ad
483 2778 627 2859 augendas
647 2772 920 2860 locupletarflasque
941 2778 1086 2838 doctrinas
1105 2780 1288 2859 aptissima„

82 2886 111 2927 110
137 2877 290 2935 necessaria
327 2876 434 2953 hodie,
464 2877 513 2937 scd
541 2877 783 2959 encyclopacdiac
813 2891 925 2952 tamen,
957 2879 976 2936 i.
1007 2898 1031 2936 e.
1063 2878 1267 2954 vocabularia,

87 2967 156 3032 tibus
183 2989 257 3034 artes
283 2989 310 3034 et
340 2976 506 3049 doctrinae,
538 2978 594 3035 nisi
624 2977 772 3035 literarum
797 2975 898 3034 ordine
909 3023 917 3051 ,
940 2976 1023 3035 nullo
1051 2978 1269 3037 continerentur

89 3064 177 3132 incolo.
219 3074 260 3132 Ut
290 3095 416 3155 unquam
434 3074 467 3135 in
486 3074 580 3134 lucem
601 3076 658 3134 tale
675 3073 857 3156 proditurum
876 3075 912 3133 sit
930 3096 1015 3156 opus,
1045 3075 1129 3153 quale
1146 3075 1201 3134 sibi
1219 3097 1268 3156 spe
1341 3122 1344 3127 .

112 3171 313 3252 exspectatione
344 3142 539 3243 infomffint
563 3173 827 3254 encyclopaedistae
854 3173 920 3248 illi,
942 3189 982 3232 est
1007 3174 1085 3253 quod
1110 3194 1268 3257 vereamuq.

95 3256 114 3322 td
136 3270 297 3348 quicunque
328 3269 376 3330 vel
404 3270 458 3329 hoc
487 3270 536 3330 vel
566 3271 659 3329 simile
689 3273 833 3350 negotium
854 3271 891 3331 ad
912 3293 1051 3330 summum
1072 3272 1268 3331 doctrinarum

96 3364 271 3427 tolumcntum
298 3369 358 3427 sive
388 3391 466 3428 nunc
498 3368 691 3444 meditantur,
721 3373 782 3429 sive
807 3372 950 3451 peracturi
978 3386 1045 3430 sunt
1073 3384 1188 3451 postea,
1216 3369 1268 3429 hos

98 3467 190 3527 ruebit
218 3481 246 3526 et
265 3466 413 3526 Platonem
432 3468 543 3547 legere,
565 3477 703 3526 nec'sane
724 3469 876 3549 repudiare
895 3472 1069 3529 Ciceronem.
1110 3468 1190 3527 Plato
1208 3489 1267 3527 rem
1299 3458 1303 3467 ⁴

99 3574 153 3639 tm,
175 3580 206 3624 ut
234 3558 326 3624 om'nis
353 3587 405 3624 nos
433 3566 532 3625 docuit
562 3566 691 3645 superior
719 3566 893 3647 disputatio,
914 3569 950 3626 ab
966 3569 1036 3648 ipsis
1054 3568 1208 3647 principiis
1225 3588 1267 3625 rc·

100 3655 142 3721 [iit.
182 3664 299 3745 Semper
326 3664 492 3723 attendebat
521 3665 649 3723 animum
669 3678 816 3740 nostrum,
837 3687 868 3724 ac
889 3667 949 3724 sive
968 3666 1004 3725 de
1023 3665 1133 3725 artibus
1152 3687 1266 3745 quaere-

99 3766 149 3834 111,
168 3783 240 3841 quae
259 3761 295 3820 ad
313 3762 520 3822 humanitatem
538 3763 702 3843 pertinent,
718 3763 754 3821 de
773 3765 896 3837 musica,
913 3763 949 3823 de
968 3765 1045 3844 poisi
1055 3811 1063 3840 ,
1085 3763 1120 3822 de
1137 3766 1267 3846 pictura,

98 3847 214 3935 iprum}
244 3861 379 3935 caeteris,
401 3882 497 3920 omnes
528 3882 564 3918 ex
590 3863 695 3940 pulcri
724 3882 834 3937 amore,
855 3877 990 3941 tanquam
1009 3864 1088 3922 fonte
1105 3863 1266 3937 communi,

107 3958 290 4018 naturalibus
328 3958 454 4018 hominis
481 3959 585 4018 studiis
617 3982 648 4019 ac
679 3960 827 4036 sensibuS,
857 3982 892 4019 ex
918 3963 1053 4022 imitandi
1086 3962 1198 4035 studio,
1230 3981 1265 4018 ex

93 4046 176 4114 thmi
202 4058 423 4137 harmoniaeque
442 4079 526 4117 sensu
546 4036 706 4121 deri'iavit:
729 4060 789 4119 sive
808 4062 935 4137 quaestio
952 4061 1105 4141 agebatur,
1127 4080 1198 4137 quae
1216 4059 1265 4118 do·

87 4178 299 4226 &lb-,-

82 4264 93 4337 l
118 4274 182 4334 vu.
201 4286 287 4347 ouini.
306 4287 366 4336 rasi.
386 4287 429 4337 or.
448 4289 467 4337 1.
487 4286 528 4336 10.
548 4286 571 4337 1.

79 4360 83 4396 t
111 4358 190 4422 Plut.
209 4375 238 4424 dc
256 4374 352 4423 eduam.
371 4388 396 4438 p.
414 4373 438 4422 7.
458 4371 485 4424 C.
506 4372 553 4423 Cll.
571 4373 646 4424 Initio
664 4390 688 4440 p.
707 4372 748 4424 37.

108 4441 234 4509 Bacmrs
258 4458 351 4508 werra.
370 4459 389 4505 1.
410 4457 450 4507 ro.
469 4457 521 4508 111.
541 4457 592 4515 110
609 4464 634 4508 a
651 4457 692 4508 rx.
710 4457 768 4508 ror.
787 4459 834 4509 rr.
854 4458 934 4509 rona.
954 4457 1027 4509 rear.

1009 4542 1062 4601 14*
