2796 5048
658 249 714 307 132

80 400 201 472 Nam'in
221 410 373 471 Phaedone
392 412 446 472 hoc
462 411 600 494 placitum
619 430 653 471 oo
672 408 794 469 consilio
812 410 972 489 expositum
992 406 1207 489 probatumque
1226 411 1298 472 inve·

83 512 195 584 nimus,
222 521 271 583 ut,
297 522 363 569 ante
389 510 476 571 fuisse
498 508 607 569 animos
634 520 762 583 nostros,
782 526 868 585 quam
897 526 1097 582 nasceremur,
1116 510 1296 589 pateret3iu

80 606 208 667 Phaedro
228 619 322 667 autem
340 608 418 667 etin
437 608 571 669 universa
591 606 719 665 Platonis
733 604 915 686 philosophia
937 618 1013 664 arcte
1032 604 1110 664 idem
1129 626 1198 665 cum
1215 606 1293 688 placi·

80 707 116 765 tis
134 702 171 764 de
189 705 290 785 pulcro
305 719 333 764 et
351 726 444 766 amore
467 708 656 784 conjunctum
676 719 734 778 est,
757 717 865 762 utnon
886 702 996 777 solum,
1016 702 1089 780 quid
1107 704 1148 764 sit
1168 706 1291 779 macen,

80 802 129 862 sed
150 804 235 877 item,
257 802 334 863 unde
353 804 526 884 repetendus
553 804 589 863 sit
617 804 710 861 ordor
729 801 780 860 ille
809 802 962 875 discendi,
982 821 1039 880 quo
1052 794 1171 881 'flagrem
1199 802 1287 878 horno,
1327 804 1331 909 q

79 899 235 961 elliciatur:
257 902 337 979 quod
351 904 487 983 perspicit
506 914 607 983 sponte
625 902 676 982 qui
695 900 836 980 hymnum
855 899 984 959 Platonis
1002 900 1035 956 in
1056 914 1183 959 amoretn
1193 946 1202 975 ,
1217 920 1285 981 quae·

80 1021 133 1076 que
153 1021 205 1059 nos
222 1000 257 1059 de
276 1021 308 1059 co
327 999 474 1075 diximus,
494 998 630 1059 memoria
649 1012 745 1073 tenct3
769 998 818 1057 scd
836 1019 893 1076 quo
917 1019 949 1056 ea
967 996 1083 1056 facilius
1098 998 1162 1075 jam
1181 998 1215 1057 in
1237 998 1282 1061 ttn'

80 1097 289 1178 philosophiam
308 1097 514 1172 adhibeamus,
535 1118 603 1177 age,
622 1097 765 1176 hymnum
783 1095 867 1156 illum
893 1096 1074 1155 attendamus
1092 1094 1210 1171 denuo,
1229 1095 1286 1155 ruit-

79 1196 171 1275 sisque
188 1196 307 1277 poeticis
333 1194 526 1275 imaginibus,
546 1196 627 1270 sive,
648 1195 726 1273 quod
749 1194 864 1269 malim,
886 1193 1032 1275 explicitis
1051 1192 1133 1269 illis,
1156 1206 1209 1269 ut,
1227 1191 1294 1273 quid
1322 1226 1327 1239 ·

79 1295 262 1370 contineant,
283 1293 481 1374 intelligatur,
509 1314 569 1352 rem
596 1293 686 1374 ipsam
713 1313 750 1351 ex
771 1293 833 1374 ipsa
855 1282 985 1352 Platonis
1003 1304 1098 1351 mente
1122 1304 1151 1351 et
1174 1290 1301 1373 philoso·
1329 1274 1331 1285 Ι

80 1392 148 1472 phia
166 1390 311 1451 declarare
330 1392 465 1452 nitamur.

216 1588 436 1648 Pulcroe'n
467 1596 601 1647 animo
630 1594 828 1651 oscitaret,
858 1608 1032 1645 amorem
1054 1594 1156 1646 oert'.

122 1784 245 1859 Sensus,
270 1784 366 1865 prouti
394 1782 478 1844 modo
506 1782 651 1858 vidimus,
673 1782 740 1841 lieet
769 1803 829 1841 non
854 1802 972 1857 verum,
992 1782 1054 1843 sive
1073 1780 1105 1841 id
1131 1783 1210 1861 quod
1235 1780 1304 1841 ec!
1313 1808 1323 1841 r

81 1881 316 1962 conspiciendum
343 1881 428 1942 nohis
455 1881 628 1963 praebeant,
649 1895 745 1940 tamen
769 1877 918 1955 efficiunt,
941 1894 972 1939 ut
997 1879 1197 1961 percipiendis
1215 1878 1325 1939 retu*

81 1979 207 2061 pulcris,
228 1980 331 2055 bonis,
356 1981 392 2039 iis
420 1980 538 2040 omnino
566 1999 638 2059 quae
664 2000 723 2038 esse
751 1978 912 2053 videntur,
933 1978 1108 2037 instauretur
1138 1979 1170 2038 in
1196 1964 1329 2038 aninit

82 2080 185 2139 nostris
203 2080 293 2161 ipsius
313 2077 427 2158 pulcri,
447 2076 538 2152 honi,
560 2097 657 2136 eorum
675 2097 747 2155 quae
767 2087 839 2135 aunt
849 2122 857 2151 ‚
878 2096 1007 2155 quaeque
1025 2076 1089 2136 illic
1108 2075 1219 2136 fuimus
1232 2086 1328 2137 coll·

80 2174 229 2257 templati,
249 2176 392 2234 memoria.
432 2174 468 2234 Id
487 2188 581 2234 autem
601 2174 702 2233 nullus
719 2172 808 2234 efficit
835 2172 1097 2234 sensus'efficacius
1114 2174 1331 2257 pleniusqufli

82 2293 167 2350 quarn
185 2273 263 2331 visus
292 2286 395 2331 noster.
436 2271 487 2332 Est
515 2274 593 2331 enim
616 2272 665 2332 hic
685 2268 722 2332 ad
741 2274 853 2351 pulcro
877 2292 1048 2333 conversus:
1070 2272 1183 2353 pulcris
1208 2276 1331 2335 autel!

82 2370 160 2429 nihil
180 2384 220 2428 est
238 2370 316 2448 quod
328 2382 427 2449 tangat
444 2383 568 2430 mentem
584 2370 678 2430 acrius
696 2371 949 2450 vehementiusque
965 2385 1085 2431 moveat.
1105 2373 1177 2431 Nam
1194 2368 1331 2433 haten*

83 2482 208 2527 caeterae
235 2466 316 2526 ideae
335 2468 366 2526 in
389 2467 475 2526 rebus
499 2467 576 2528 hisce
597 2469 700 2529 nostris
722 2469 874 2528 simulacra
900 2469 1058 2547 quaedam,
1081 2483 1112 2529 ut
1141 2471 1250 2532 bonum
1264 2472 1330 2531 iu

83 2565 181 2639 bonis,
196 2567 306 2644 justum
324 2568 356 2625 in
371 2566 473 2644 justis,
495 2580 624 2627 sanctum
642 2568 680 2675 ip
693 2568 799 2627 sanctis
827 2580 885 2626 tarn
911 2567 1050 2646 negotiis,
1070 2588 1158 2645 quam
1179 2562 1328 2631 homini‘

67 2663 136 2723 ,bus
155 2684 186 2723 ac
204 2664 401 2740 facinoribus,
424 2663 474 2724 sed
492 2665 642 2741 simulacra
670 2679 728 2725 tam
757 2666 853 2740 clara,
874 2678 931 2724 tam
960 2664 1103 2741 illustria,
1123 2688 1212 2746 quam
1233 2666 1326 2751 pul&

83 2782 163 2821 crum
173 2807 181 2836 ,
202 2783 262 2822 non
284 2761 401 2823 habent.
443 2763 481 2821 Et
498 2785 566 2824 vero
581 2764 662 2824 ideae
679 2763 766 2838 illae,
786 2762 885 2842 quales
904 2764 962 2822 sint
971 2808 980 2837 ,
1001 2763 1156 2843 cogitando
1174 2754 1331 2847 asoeq'tffls

4 2929 9 2941 .
84 2881 148 2938 mur
164 2881 263 2939 aegre:
285 2881 351 2918 nam
369 2861 498 2920 sensibus
517 2883 576 2921 non
596 2876 696 2943 patent
723 2861 815 2936 hona,
841 2863 937 2939 justa,
958 2846 1073 2920 saiicta:
1095 2884 1150 2922 nec
1173 2864 1308 2927 videmus

28 2962 33 2972 ‘
84 2958 153 3031 illa,
174 2979 266 3037 neque
283 2942 426 3017 audimus'
436 2959 532 3019 ullove
549 2980 632 3019 sensu
651 2961 834 3041 percipimus.
880 2959 1031 3017 Pulcrum
1056 2958 1144 3040 quale
1168 2964 1225 3042 sit,
1243 2957 1316 3049 ipib'

86 3058 150 3115 visu
170 3058 279 3134 assequi
298 3056 383 3115 licet:
405 3057 497 3116 oculis
517 3060 595 3143 enim
616 3073 716 3140 patent
734 3059 854 3139 pulcra,
876 3072 972 3138 estque
989 3058 1037 3119 hie
1057 3081 1158 3121 sensus
1176 3066 1298 3127 omniu

85 3175 218 3213 sensuum
241 3154 324 3234 longe
353 3155 541 3216 acutissimus.
572 3154 601 3237 l)
620 3156 722 3216 Pulcra
745 3157 849 3216 iccirco
868 3157 902 3217 in
928 3157 982 3216 hac
1010 3158 1181 3220 conditione
1209 3176 1301 3225 noctu

87 3253 145 3311 vim
163 3252 270 3311 hahent
288 3255 459 3334 praecipue,
489 3268 521 3313 ut
548 3255 700 3336 superioris
719 3254 936 3315 reminiscamur
964 3255 1059 3331 vitae,
1084 3278 1218 3341 quaeque
1245 3262 1303 3325 illie

87 3348 231 3425 vidimud,
253 3367 346 3411 mente
366 3352 449 3411 nobis
477 3366 687 3434 repraesentare
714 3351 821 3413 denuo·
835 3354 992 3435 possimus,
1013 3354 1243 3439 exardescatque
1268 3363 1306 3423 ita

87 3449 118 3506 in
147 3449 249 3508 animis
270 3451 373 3509 nostris
397 3451 532 3510 scientiae
553 3450 699 3532 ipsiusque
718 3452 846 3511 veritatis
866 3451 981 3533 cupido.
1003 3451 1035 3533 2)

127 3545 243 3607 Scilicet
261 3570 320 3607 non
339 3550 378 3608 ita
396 3549 481 3608 nohis
499 3548 537 3608 de
555 3570 623 3610 vero
638 3550 882 3624 existimandum,
897 3552 977 3629 quasi
996 3550 1144 3615 diversum
1164 3555 1204 3615 sit
1222 3554 1309 3638 plane

119 3832 143 3897 1)
162 3833 189 3883 ln
210 3835 332 3900 proximis
355 3837 471 3887 nonnihil
491 3797 638 3889 mutandum
657 3837 765 3888 videtur.
784 3818 871 3902 ’Όψις
899 3821 955 3909 peip
982 3820 1054 3908 η’μῖν
1081 3821 1216 3914 ὀξυτάτη
1252 3834 1311 3897 τῶν

87 3921 137 3988 dui
161 3927 215 3986 τοῦ
241 3921 378 4004 σώματος
405 3922 522 4007 ἔρχεται
548 3923 732 4011 αἰσθήσεων,
752 3917 777 4014 ᾗ
798 3920 942 4009 φρόνησις
963 3923 1020 4009 οὐχ
1041 3923 1158 4009 ὁρᾶται.
1204 3946 1310 4018 Legen-

86 4041 216 4090 domest:
242 4018 425 4109 αἰσθήσεων·
448 4054 466 4110 η
490 4027 525 4090 δὲ
546 4026 691 4112 φρόνησις
712 4068 750 4077 -

119 4139 144 4205 2)
167 4144 266 4210 ΡΙιαεᾴν
291 4139 349 4190 250.
373 4140 411 4191 ct.
439 4158 514 4207 supra
532 4159 556 4207 p.
572 4141 612 4193 72.
632 4142 745 4192 Platonis
772 4143 805 4193 de
819 4122 977 4213 ἀναμνήσει
992 4142 1134 4193 doctrinam
1156 4154 1233 4197 arcte
1251 4164 1309 4201 eme

41 4300 46 4315 ο
87 4249 142 4283 curn
168 4235 283 4285 doctrina
306 4234 338 4283 dc
362 4234 452 4299 pulcro
476 4233 652 4298 conjunctam,
676 4235 752 4285 docte
774 4245 959 4304 accurateque,
981 4244 1009 4285 ut
1026 4235 1104 4297 solet,
1127 4240 1308 4301 posteriorum

85 4320 145 4368 item
166 4320 316 4384 scriptorum
340 4316 489 4369 auctoritate
510 4319 694 4372 demonstravit
714 4321 827 4373 Creator.
847 4322 879 4372 ad
898 4320 963 4372 Prot
985 4321 1017 4371 de
1030 4319 1111 4386 pulcr.
1127 4336 1155 4387 p.
1179 4322 1234 4377 166
1250 4340 1304 4393 sqq.

85 4402 140 4453 Vid.
156 4403 216 4453 item
236 4402 280 4453 Ast
294 4402 325 4452 ad
343 4402 449 4454 l'haedr.
464 4401 522 4454 249.
539 4403 567 4455 C.
