2796 5048
672 208 713 267 tt

77 377 204 449 cultum,
225 374 316 435 literis
334 373 527 455 perpolitum,
547 342 719 450 quibuscum
737 370 885 430 lubentius
903 370 1007 448 aliquis
1020 368 1114 463 lhodie
1133 370 1171 430 de
1193 371 1307 430 Cicero·

46 548 47 553 ,
79 512 135 565 ne,
155 489 192 549 de
213 487 356 569 Virgilio,
385 486 422 546 de
450 486 587 561 Horatio,
617 485 654 545 dc
683 485 877 567 Xenophonte
904 500 932 545 et
959 485 1077 545 Platone
1106 485 1312 566 colloquatur,

78 627 162 685 quam
182 605 243 664 illis
263 602 438 683 temporibus
452 623 517 660 cum
538 601 630 661 doctis
648 621 680 658 ac
704 600 824 660 literatis
843 601 997 682 plerisque.
1038 601 1134 660 Nolim
1152 600 1208 660 hoc
1229 600 1311 660 idem

78 720 203 779 tribuere
221 719 275 779 soli
303 717 539 798 Wyttenbachio.
586 717 715 774 Fuerunt
743 715 813 790 alii,
834 736 956 795 quorum
975 716 1119 775 institutio
1139 737 1172 775 eo
1198 716 1310 797 qaleret

64 834 356 916 quamplurimum:
387 808 553 912 sironingae
579 832 720 892 Rhocrius
743 845 771 890 et
791 829 920 905 boardi,
941 830 1179 911 Wassenbergius
1197 822 1310 891 Franc-

79 964 282 1032 que1·ae‚tum
312 969 380 1009 vero
405 948 513 1034 'Leidac
541 947 697 1020 busacius,
719 948 835 1023 ecujus
863 944 961 1004 schola
979 965 1045 1004 cum
1064 944 1116 1005 alii
1135 945 1312 1026 prodierunt

78 1064 214 1147 plaeclari
242 1063 390 1122 literarum
417 1061 565 1135 doctores,
591 1075 652 1121 tum
680 1060 821 1120 Sluiterus
848 1081 945 1135 meus,
976 1061 1057 1140 ipso,
1084 1060 1174 1120 eheu!
1207 1060 1311 1121 aetatis

81 1180 150 1239 flore
168 1177 271 1238 acerbo
290 1177 375 1237 nobis
402 1176 462 1234 lato
484 1180 619 1256 ereptus!
642 1176 679 1271 lli
697 1177 759 1257 ipsa
775 1175 902 1256 profecto
917 1187 1087 1234 commutata
1107 1189 1175 1234 sunt
1194 1188 1311 1256 tempo-

79 1316 127 1353 ra:
149 1312 277 1373 quaeque
297 1292 330 1350 in
349 1290 468 1350 Batavia
493 1291 621 1349 cernitur
639 1291 827 1349 humanitatis
850 1291 1026 1370 progressio,
1048 1288 1169 1349 eandem
1187 1303 1218 1350 et
1234 1289 1311 1351 alibi

78 1423 106 1468 et
132 1410 164 1470 in
192 1422 260 1481 tua,
289 1392 446 1478 Creuzerc,
470 1424 556 1484 quarn
583 1404 730 1480 illustras,
756 1404 910 1464 Germania
941 1403 1206 1466 animadvertimus.
1250 1404 1314 1467 Sed

74 1502 153 1582 hanc
172 1521 252 1603 apud
270 1543 321 1580 nos
338 1520 562 1602 progressionem
582 1541 656 1579 unus
675 1521 804 1579 omniurn
822 1519 943 1578 maxime
961 1519 1096 1600 provexit
1115 1519 1310 1581 acceleravit-

79 1659 134 1725 qua
152 1636 405 1718 Wyttenbachius.
447 1636 542 1710 Quum
562 1656 612 1715 ego
631 1649 697 1696 ante
716 1636 769 1695 hos
786 1633 1002 1713 duodetriginta
1021 1653 1112 1694 annos
1131 1633 1312 1695 Amstcloda·

81 1774 157 1812 mum
176 1753 325 1826 venirem,
345 1751 504 1811 mirahatur
532 1751 578 1811 vir
598 1771 724 1810 summus
734 1796 743 1824 ‚
764 1749 843 1808 adire
863 1749 971 1830 ipsum'
987 1749 1198 1808 adolescentem
1216 1747 1331 1819 Plato-2

84 1869 131 1927 nis
148 1867 264 1947 legendi
283 1866 435 1947 cupidum.
473 1867 556 1926 Nunc
585 1866 617 1925 in
641 1865 804 1924 Academiis
827 1865 931 1923 nostris
949 1879 976 1922 et
996 1844 1151 1923 Athenaeis
1168 1884 1230 1942 non
1246 1877 1312 1924 tan·

80 1997 142 2042 tum
170 1982 307 2041 lectiones
333 1981 479 2040 habentui·
496 1979 678 2055 Platonicae,
700 1981 863 2057 frequentes
892 1978 1065 2037 discentium
1094 1999 1234 2053 numero,
1259 1979 1312 2040 sed

77 2100 207 2178 jungunt
224 2097 308 2156 ctiam
328 2091 388 2154 sua¹
406 2108 506 2176 sponte
530 2096 655 2172 juvenes
672 2094 823 2166 sodalitia,
845 2095 876 2152 in
903 2093 1009 2172 quibus
1037 2094 1185 2155 Platonem
1211 2093 1312 2175 legant

81 2231 176 2270 secum
195 2211 322 2270 invicem
346 2225 374 2269 et
400 2211 634 2288 iuer-protentus.
676 2208 812 2267 Eduntur
839 2207 1000 2268 identidem
1028 2211 1184 2290 specimina
1213 2209 1310 2269 litera·

82 2327 143 2399 ria,
165 2345 231 2383 cum
247 2324 304 2413 alia
322 2323 360 2382 de
378 2323 506 2402 antiquis
524 2323 712 2404 scriptoribus
732 2338 760 2382 et
774 2298 909 2383 historiae
923 2322 1139 2405 philosophicae
1159 2347 1311 2406 argumen-

82 2440 138 2513 tis,
159 2452 220 2497 tum
233 2438 400 2513 Platonica,
420 2458 492 2517 quae
515 2439 675 2520 conscripta
701 2461 717 2498 a
741 2437 904 2514 tironibus,
926 2441 1070 2499 veteranis
1085 2439 1164 2500 haud
1183 2439 1311 2502 videan-

81 2565 129 2611 tur
158 2552 289 2633 indigna.
337 2559 475 2613 Auctores
502 2566 596 2612 autem
622 2554 731 2614 habent
755 2553 914 2634 discipulos
942 2555 1001 2612 fere
1029 2575 1145 2631 eorum,
1170 2557 1222 2634 qui
1252 2559 1311 2638 ipsi

81 2667 198 2727 luerunt
225 2667 444 2749 Wyttenbachii
471 2667 629 2749 discipuli,
650 2684 699 2745 ut,
727 2691 799 2750 quae
819 2669 973 2730 novissime
991 2667 1114 2749 prodiit,
1132 2672 1240 2732 eximia
1256 2673 1313 2733 illa

80 2783 199 2844 Groenii
217 2784 456 2866 Prosopographia
475 2783 631 2843 Platonica.
673 2785 803 2844 Fuerunt
821 2784 946 2842 omnino·
965 2796 1030 2842 ante
1048 2784 1311 2864 Wyttenbachium
1355 2830 1358 2836 -

81 2913 109 2957 et
129 2897 183 2955 orti
203 2912 270 2957 sunt
289 2900 349 2976 ejus
365 2911 475 2971 aetate,
496 2888 546 2976 qui
563 2897 736 2958 humanitati
755 2901 787 2958 in
803 2899 882 2957 hisce
900 2893 982 2980 terris
1001 2899 1106 2957 eximie
1124 2900 1310 2980 prodessent,

81 3013 131 3071 sed
151 3012 278 3073 studium
296 3012 495 3094 philosophiae
523 3012 700 3087 Socraticae,
721 3011 849 3071 studium
868 3011 995 3071 Platonis
1015 3028 1042 3074 et
1063 3016 1230 3090 Ciceronis,
1250 3031 1309 3077 stu·

82 3126 163 3186 dium
181 3127 213 3186 in
232 3128 332 3207 primis
351 3127 486 3187 historiae
505 3127 740 3207 philosophicae,
761 3128 811 3205 qui
831 3126 884 3185 hoc
904 3129 1059 3203 excitaret,
1082 3151 1157 3188 unus
1175 3145 1311 3212 repertus

82 3255 125 3299 est-
141 3241 393 3320 Wyttenhacbius.
426 3239 506 3300 Idem
523 3255 618 3300 autem
644 3241 723 3301 illud
748 3256 888 3320 quantum
907 3242 1002 3302 valeat
1019 3244 1057 3304 ad
1077 3245 1161 3304 nulla
1177 3267 1239 3306 non
1256 3246 1310 3307 do·

7 3406 10 3414 .
82 3371 191 3445 ctorum
210 3357 358 3416 hominum
371 3377 475 3437 genera
495 3356 656 3417 erudienda
676 3371 703 3416 et
717 3356 893 3430 excolenda,
919 3378 984 3445 cipp
1002 3359 1201 3440 philosophiae
1222 3361 1308 3422 uber·

81 3485 123 3529 tas
137 3469 237 3547 docet,
256 3485 317 3532 tum
334 3472 500 3553 comprobat
512 3472 686 3552 exemplum
706 3474 863 3534 Ciceronis.
962 3444 968 3459 Ι

122 3587 198 3645 Haec
224 3587 332 3662 habui,
353 3588 593 3668 praestantissime
621 3589 775 3662 Creuzerc,
803 3609 875 3667 quae
905 3588 941 3648 de
967 3589 1194 3670 Wyttenbachic
1221 3612 1308 3669 meo,

82 3700 140 3758 imo
159 3714 273 3776 nostro,
292 3701 330 3762 ad
357 3716 384 3762 tc
407 3702 621 3784 perscriberem.
662 3703 698 3762 In
715 3690 821 3782 quibus
839 3704 1017 3765 desiderabis
1035 3725 1100 3762 cum
1119 3705 1176 3764 alia
1194 3708 1309 3786 multa,

84 3828 144 3874 turn
163 3815 243 3874 illam
261 3818 397 3876 orationis
417 3819 476 3878 vim
495 3832 523 3876 et
540 3790 668 3899 copiam,
689 3840 761 3898 quae
778 3832 858 3880 tanto
876 3819 1049 3880 celebrando
1069 3822 1132 3882 viro
1150 3843 1203 3902 par
1219 3825 1259 3882 sit
1278 3839 1310 3886 et

83 3930 299 3990 accommodata.
341 3933 400 4013 Ego
426 3947 521 3993 autem
548 3955 618 4012 non¹
634 3934 757 4013 elogium
781 3934 904 3994 scribere
921 3917 1142 4017 Wyttenbachii
1160 3958 1309 4018 aggressus

84 4065 163 4121 sum3
194 4044 244 4104 sed
266 4050 382 4108 narravi
410 4049 596 4130 simpliciter,
621 4070 693 4127 quae
711 4063 739 4107 te
758 4049 895 4130 putabam
914 4051 950 4111 dc
969 4054 1112 4112 communi
1139 4053 1229 4112 amico
1249 4076 1308 4114 no-

82 4172 138 4217 stro
148 4204 156 4233 ,
176 4181 237 4219 meo
256 4178 348 4221 autem
368 4161 483 4222 doctore
496 4178 524 4223 ct
541 4162 615 4222 duce
632 4165 665 4223 in
684 4164 731 4223 his
744 4165 853 4240 literis,
876 4167 1009 4225 lubenter
1029 4188 1088 4227 esse
1109 4144 1306 4248 accepturum.

82 4273 179 4352 Neque
196 4277 422 4371 etiam·suscepi‚
444 4291 494 4352 ut,
511 4277 617 4357 quibus
634 4279 760 4340 moribus
773 4281 860 4341 luerit
874 4283 921 4343 vir
936 4281 1075 4359 eximius,
1096 4283 1200 4363 quibus
1213 4286 1307 4346 animi

82 4387 211 4448 sensibus
229 4391 348 4452 excelsis
364 4391 401 4454 de
419 4391 503 4453 rebus
522 4393 633 4454 divinis
652 4410 679 4455 et
696 4395 846 4472 humanis,
863 4396 1033 4457 adumbrare
1042 4413 1190 4460 tentarem.
1234 4400 1307 4462 Una
