2796 5048
621 222 677 280 221

59 380 129 445 do!
161 385 228 443 Nati
259 396 342 442 erant
366 380 403 442 ad
429 364 640 464 philosophiam
658 368 782 457 strabi,
802 402 914 462 quoque
932 380 1074 441 ardebant
1092 378 1261 459 inquirendi

60 481 156 558 udio,
176 480 273 543 haud»
281 480 430 540 cessabant
458 481 710 562 philosophando,
731 479 822 540 donee
851 500 946 539 rerum
973 500 1084 539 caussas
1102 478 1163 539 sive
1180 498 1262 541 veras

59 580 215 661 aperissent
243 579 304 639 sive
333 578 487 651 finxissent
513 578 686 659 probabiles.
732 578 849 664 ¹Quibus
875 578 938 657 quis
967 548 1288 654 animadversis'l'or-⁸

59 696 112 735 rare
140 674 266 753 efficiat,
287 691 319 735 ut
344 678 468 759 sapienti
490 678 641 759 proposito
669 677 729 736 has'
748 676 893 735 doctrinas
920 675 1062 736 coluerint
1081 674 1262 750 Orientales,

59 792 149 853 uque
185 773 311 834 colamus
329 774 449 850 hodie,
480 796 576 834 eorum
604 776 693 834 secuti
721 774 903 855 exemplum,
925 775 965 833 sic
995 773 1117 834 Graecos
1136 772 1262 832 evolasse

59 884 166 953 asuero,
186 887 324 953 spectasse
338 873 426 965 'quod
454 874 596 955 placeret,
617 873 694 952 quod
720 894 787 933 vero
805 872 875 931 utile
895 886 966 931 esset
983 870 1148 932 hominibus
1165 869 1262 930 homi-

59 988 167 1049 amque
194 971 323 1030 societati
350 970 520 1050 neglexisse.
562 954 618 1031 (mi
644 993 694 1052 ego
723 970 881 1030 sententiae
910 969 990 1029 haud
1009 969 1094 1031 facile
1112 968 1260 1039 assentiar.
1275 934 1306 981 ’β

61 1064 226 1142 llt'litatem,
244 1068 353 1143 fateor,
373 1090 434 1128 non
452 1083 617 1150 spectarunt
639 1070 790 1155 continpo,
810 1089 882 1146 quae
900 1066 960 1128 virt
976 1056 1123 1146 ¹obmmodc
1141 1081 1261 1148 apteque

66 1164 226 1246 wigerda
253 1167 400 1225 cernitur:
431 1188 514 1246 quam
535 1188 600 1226 uam
628 1167 661 1224 in
689 1166 759 1246 ipsis
786 1164 847 1224 illis
873 1164 910 1224 de
934 1166 1069 1225 universo
1093 1164 1261 1225 fictionibus
1342 1188 1344 1193 ’

67 1260 125 1345 lud
156 1264 332 1340 defuerunt,
353 1286 424 1344 quae
454 1189 611 1346 Copehnico
641 1278 669 1323 et
695 1265 834 1323 Newtono
863 1264 942 1326 viam
969 1277 1085 1346 possent
1113 1263 1261 1336 indicare,

66 1380 108 1441 {aa
128 1362 164 1421 ad
193 1383 334 1423 summum
362 1363 438 1423 vitae
466 1377 577 1423 nostrae
614 1361 836 1421 emolumentum
869 1362 1069 1421 astronomiam
1097 1373 1261 1420 tractarent.

65 1454 122 1535 ded,
139 1461 248 1535 fateor,
269 1483 330 1521 non
359 1474 524 1542 spectarunt
552 1460 621 1520 haec
651 1460 822 1540 Pythagorei
834 1483 842 1535 3
865 1472 1053 1623 suffimen
1084 1480 1143 1518 non
1173 1424 1319 1633 unm

64 1559 248 1645 {utilitatis
275 1581 380 1640 genus:
403 1574 444 1619 est
469 1558 546 1618 illud
574 1561 678 1634 etiam,
698 1559 777 1618 baud
803 1579 870 1617 sane
984 1556 1161 1631 mncndum,
1185 1556 1237 1638 qu'

59 1646 255 1835 mres,
276 1657 326 1717 sed
349 1658 386 1717 ad
416 1646 561 1717 hominem
587 1659 729 1738 pertinet,
750 1657 828 1734 quod
855 1656 981 1715 hominis
999 1655 1159 1715 erudiendo
1177 1675 1265 1714 exco-

72 1760 96 1831 j
171 1776 187 1815 e
222 1756 342 1835 ingenio
378 1757 554 1833 continetur.
604 1757 660 1816 Nos
688 1756 870 1835 geometriam
898 1774 957 1812 non
985 1753 1122 1812 metiendi
1152 1766 1265 1811 tantum

63 1852 144 1913 aaut
177 1867 347 1928 tractamus,
377 1853 428 1913 sed
460 1874 613 1934 puerorum
638 1852 809 1912 adhibemus
834 1851 1031 1910 institutioni:
1063 1853 1145 1929 cujus
1175 1849 1265 1909 studii

64 1939 128 2025 [ω’
144 1938 193 2009 sit
208 1965 236 2009 et
263 1965 370 2032 quanta
400 1951 529 2026 utilitas,
550 1966 578 2011 et
601 1952 744 2010 cernimus
763 1948 892 2029 quotidie
910 1961 938 2006 et
956 1949 1012 2029 ipsi
1032 1969 1128 2007 sumus
1148 1970 1164 2007 a
1183 1962 1266 2007 tene-

65 2042 96 2101 fl’t
118 2049 236 2129 experti.
280 2049 315 2108 Id
334 2063 428 2109 autem
448 2049 565 2108 Graecis
583 2049 736 2108 debemus:
759 2070 818 2106 non
837 2044 1164 2145 Euclidi,·quamquam
1180 2045 1267 2123 hujus

67 2136 183 2225 Στοιχεῖα
212 2167 244 2206 eo
264 2147 428 2231 ‘valuerunt
457 2147 632 2229 plurimum3
660 2146 711 2207 sed
739 2145 942 2226 Pythagoreis,
962 2145 1013 2224 qui
1033 2134 1161 2204 auctores
1179 2143 1267 2222 hujus

69 2245 137 2306 audii
164 2247 348 2326 institutique
374 2245 503 2306 habendi
532 2260 618 2321 sunt,
639 2259 699 2304 tum
725 2264 793 2304 vero
810 2243 934 2302 Platoni.
976 2241 1042 2301 Sint
1060 2243 1148 2322 igitur
1164 2214 1211 2303 in
1230 2239 1268 2299 dc

70 2340 133 2405 abus
158 2344 286 2428 physicis
313 2345 352 2404 sic
377 2344 531 2426 philosoph
563 2334 592 2361 “
611 2358 643 2403 ut
661 2344 750 2402 risum
769 2343 915 2415 excitent,
937 2362 990 2400 nec
1008 2340 1269 2421 immerito,-pby-

72 2438 117 2503 leis
132 2445 252 2504 nostris:
275 2444 349 2502 hanc
369 2442 458 2502 iidem
477 2464 513 2502 ex
531 2356 682 2523 glmetria
701 2440 865 2518 artibusque
890 2438 1096 2501 mathematicis
1116 2439 1269 2499 utilitatem

74 2537 127 2601 riae
152 2543 301 2601 hominum
329 2556 357 2600 et
385 2542 513 2609 societati
533 2540 745 2612 conciliarunt,
766 2560 821 2617 qua
840 2559 956 2612 omnes,
977 2539 1033 2639 'wi
1053 2539 1176 2597 maxime
1187 2526 1269 2619 ffi

76 2634 118 2714 ici,
134 2653 239 2720 negant
257 2641 390 2717 majorem
411 2661 469 2699 esse
489 2639 588 2698 ullam.
629 2639 707 2713 Quae
725 2659 792 2697 sane
810 2656 947 2717 perquam
967 2649 1034 2694 sunt
1053 2636 1136 2694 nobis
1155 2637 1186 2693 in
1203 2632 1249 2693 his
1259 2679 1268 2708 ,

78 2752 126 2811 pac
138 2751 308 2849 tractamus'
328 2737 463 2797 tenenda.
504 2739 576 2796 Nam
594 2750 733 2816 quantum
751 2735 927 2793 inveniendo
947 2733 1070 2794 Graecos
1089 2731 1269 2806 Orientales,

79 2848 159 2894 utum
195 2835 298 2895 Graeci
334 2849 504 2916 superarunt
539 2834 701 2895 Orientales
729 2854 881 2912 omnesque
909 2832 1030 2915 populos
1056 2852 1121 2889 cum
1143 2832 1269 2910 philoco-
1320 2831 1324 2841 ¹

81 2917 180 3008 laudm
200 2947 262 2992 tum
289 2933 455 2994 adhibenda
481 2933 667 3016 philosophia
686 2933 723 2993 ad
739 2931 868 2991 acuenda
888 2929 1101 3008 excolendaque
1121 2929 1270 2988 hominum

82 3033 172 3109 genia.
214 3033 271 3092 Nos
300 3046 394 3091 autem
422 3033 462 3093 ita
492 3034 630 3092 maximos
658 3032 777 3090 fecimus
795 3031 828 3089 in
847 3030 1022 3109 gravissimis
1041 3027 1182 3087 doctrinis
1200 3047 1269 3107 pro·

82 3146 176 3206 ossus,
208 3145 239 3190 ut
264 3131 400 3211 prolicere
428 3152 464 3190 ex
491 3146 674 3210 utrorumque
689 3129 828 3189 inventis
847 3128 1006 3207 studiisque
1023 3126 1060 3186 ad
1080 3147 1173 3186 veram
1192 3125 1269 3186 vitae

84 3223 205 3289 tilitatem
233 3229 437 3289 studiosissime
464 3230 679 3291 tentaverimus.
720 3227 757 3286 Et
775 3227 814 3285 sic
834 3225 949 3305 quidem
968 3224 1149 3309 procedimus
1167 3243 1217 3297 eo,
1238 3235 1270 3280 ut

83 3340 228 3395 ttnoratam
256 3327 434 3408 explicemus
459 3328 586 3387 Platonis
612 3327 802 3399 sententiam,
832 3346 890 3384 esse
918 3345 1101 3385 numerorum
1130 3314 1268 3402 μάθημα

83 3438 90 3475 ¹
112 3423 146 3483 iia
171 3424 347 3484 censendum
374 3424 556 3507 discipliniS,
577 3448 649 3506 quae
664 3424 707 3503 ,ad
728 3418 830 3504 νόησιν
852 3423 1000 3485 adducant
1019 3438 1161 3499 mentem,
1182 3425 1271 3505 quip-

80 3533 91 3571 Β
116 3516 243 3584 iteranda
263 3518 338 3604 πρός
358 3519 466 3585 οὐσίαν.
509 3524 567 3585 Sed
588 3528 677 3606 ipsam
707 3526 887 3585 attendamus
914 3523 1000 3599 hujus
1022 3521 1195 3601 disciplinae
1215 3543 1268 3581 na-

76 3630 172 3698 llam..
643 3626 646 3631 '

83 3712 127 3783 111
153 3726 230 3785 omni
255 3716 414 3811 stffiprum
434 3744 555 3806 genere,
577 3724 601 3782 si
620 3744 636 3780 a
655 3721 861 3785 mathematicis
877 3718 1057 3792 discesseris,
1079 3715 1151 3796 quid
1170 3739 1269 3779 verum

68 3817 100 3885 l»
126 3812 312 3901 oonjlltimus,
332 3822 519 3904 auguramur,
540 3823 650 3902 assequi
678 3820 840 3894 studemus3
863 3831 1002 3877 assecutos
1030 3836 1097 3876 vero
1124 3838 1175 3875 nos
1194 3838 1270 3890 esse,

63 3920 102 3971 ’Π
135 3916 220 3981 facile
245 3922 494 3982 contenderimus:
527 3919 790 4001 eumque'laudare
811 3917 933 3977 maxime
953 3914 1089 3991 solemus,
1110 3916 1159 3994 qui
1180 3915 1270 3972 mini-

58 4018 128 4104 Ρη
143 4016 246 4079 tribuit
263 4022 434 4098 conjecturis
452 4022 510 4080 suis
530 4021 735 4081 auctoritatem.
776 4017 812 4074 In
830 3996 1006 4073 arithmetica
1028 4034 1095 4073 vero
1112 4026 1140 4071 et
1158 4033 1271 4092 geome-

57 4114 95 4161 ¹⁸
135 4135 200 4174 vera
228 4131 296 4176 sunt
324 4121 438 4196 omnia,
467 4119 569 4179 nullus
603 4117 779 4197 relinquitur
815 4111 1033 4194 probabilitati,
1064 4124 1095 4168 ut
1123 4112 1155 4169 in
1186 4109 1271 4169 rebus

57 4212 170 4272 stertis
180 4259 188 4289 ‚
210 4213 307 4275 locus:
330 4217 409 4296 isque
438 4219 562 4277 maxime
581 4213 781 4276 excludendus
799 4210 1060 4270 mathematicorum
1079 4208 1166 4267 choro
1185 4202 1271 4267 vik-

57 4307 78 4345 Γ
96 4345 115 4372 2
142 4311 187 4387 qui
201 4334 254 4395 pro
274 4336 342 4374 vero
359 4337 387 4374 se
406 4315 660 4377 verisimilitudine
679 4315 719 4372 ait
738 4332 795 4370 esse
814 4321 989 4369 contentum.
1031 4307 1153 4365 Exstant
1164 4306 1196 4363 iit
1213 4303 1270 4401 alla

57 4405 157 4464 avis
179 4409 358 4493 disciplina,
385 4415 490 4494 quibus
519 4416 622 4475 intimo
640 4415 736 4472 animo
757 4409 842 4469 fidem
861 4405 1034 4480 habeamus,
1056 4405 1085 4462 in
1105 4402 1190 4463 rebus
1207 4423 1269 4461 mo-
