2796 5048
634 230 689 291 301

57 397 131 473 [uod
153 397 291 477 scriptum
311 409 372 468 est,
392 392 520 473 appellat
540 391 603 453 illio
631 386 721 473 λόγον
747 390 860 467 ζοῖντος
879 391 927 454 κατ’
949 387 1093 475 ἐμψύχου
1117 388 1276 471 εἴδωλον,

57 501 185 554 ¹iuratis
215 502 402 571 auimutique
431 501 576 551 sermome
602 498 879 557 simulacrum.
904 495 933 577 l)
973 498 1054 571 Quae
1073 510 1277 559 sanescnten·

57 590 106 653 iae
136 596 179 654 sic
208 608 327 653 naturae
353 590 549 671 respondent,
570 593 610 651 sic
636 593 764 654 nativam
783 595 913 653 referunt
930 593 1055 666 hominis
1073 596 1105 655 in
1125 594 1278 677 cogitando

57 692 255 771 oquendoque
282 691 438 764 rationem,
469 702 502 748 ut
529 690 613 749 docta
632 713 692 750 non
711 705 812 771 egeant
830 693 1074 774 interpretatione.
1116 693 1174 755 Sed
1194 692 1278 753 nobis

57 791 199 849 seminem
234 791 301 848 item
335 787 416 847 Plato
447 789 618 868 cogitantem
654 789 853 870 dicentemque
883 790 969 850 simul
996 792 1150 873 proponit,
1180 791 1277 852 ductis

57 890 178 947 uaximc
206 909 243 947 er
270 888 392 947 Homero
423 887 580 969 exemplis,
611 911 641 948 v.
671 909 696 949 c.
726 888 778 947 ubi
803 889 937 969 Ulyssem
954 893 1038 971 potita
1055 888 1096 949 sic
1114 889 1276 951 solitarium

57 986 206 1063 rogitando
227 983 370 1045 dicentem
390 1005 540 1064 secumque
560 987 771 1065 colloquentem
789 986 921 1047 inducit:

209 1078 342 1144 Τέτλαθι
364 1077 421 1163 δη,
443 1079 566 1165 κραδίη·
588 1081 637 1143 καὶ
657 1077 794 1165 κύντερον
813 1076 884 1145 itta
904 1106 962 1145 ποτ
989 1078 1082 1166 ἔτλης
1093 1082 1126 1167 2)

63 1176 163 1245 sinitis
190 1199 248 1261 est,
271 1198 302 1244 ut
321 1186 473 1258 novimus,
495 1205 647 1265 puerorum
671 1186 760 1245 ratio·
782 1188 938 1266 cogitantes
957 1187 1005 1247 illi
1024 1208 1120 1247 secum
1140 1186 1202 1271 ipsi
1215 1189 1278 1249 fere

66 1232 248 1360 liquuntur,
261 1296 292 1343 ut
320 1284 398 1344 idem
426 1284 513 1364 plane
543 1283 620 1365 apud
650 1305 697 1343 eos
724 1292 859 1394 cagiture
878 1297 907 1343 et
924 1287 1022 1344 dicere
1041 1288 1087 1347 sit.
1128 1286 1187 1347 Nec
1206 1307 1276 1349 vero

69 1394 204 1455 namium
225 1382 295 1441 haec
314 1396 426 1441 tantum
446 1394 494 1440 aut
512 1381 660 1441 hominum
672 1384 751 1461 ,qui
770 1404 787 1441 a
806 1384 897 1463 poe'tis
916 1384 1081 1465 linguntur,
1100 1384 1277 1447 consuetudo

72 1490 119 1535 ut:
136 1482 194 1563 ipsc
214 1480 395 1561 Xenophon,
416 1494 449 1539 ut
468 1481 581 1561 scripsit
599 1480 632 1539 in
648 1484 800 1556 Anabusi,
821 1502 903 1556 oum,
924 1483 1085 1543 interfectis
1105 1482 1279 1545 Graecorum

70 1568 178 1637 ducibus
184 1625 194 1655 ,
215 1579 253 1638 ad
267 1600 390 1639 summas
407 1578 438 1637 hi
459 1579 604 1657 angustias
618 1578 728 1639 redacti
748 1593 857 1654 essent,
877 1581 941 1661 pari
956 1581 1066 1640 ratione
1073 1580 1279 1662 ,reputando,

65 1678 178 1735 urum
171 1699 231 1758 ipse
249 1677 483 1757 colloquebatur.
510 1673 542 1738 τί
567 1671 750 1755 κατάκειμαι·
778 1672 800 1759 η’
827 1673 942 1749 di}
890 1672 926 1739 rei
925 1672 1181 1758 ξ·προβαδντι“
1158 1702 1223 1758 αμα
1243 1674 1280 1742 δὲ

59 1770 103 1855 ’,ἤ
123 1770 184 1857 η’μέ
182 1800 222 1861 pp
241 1771 318 1851 sinor
337 1799 408 1851 τους
428 1776 583 1857 πολεμίους
603 1772 694 1860 ηξειν·
715 1801 741 1840 α
730 1776 797 1840 δὲ
817 1768 1010 1862 γενησόμεθα
1030 1778 1081 1841 ἐπὶ
1100 1784 1229 1863 βασιλεῖ,
1249 1778 1282 1843 τί

57 1862 210 1977 limatum
235 1874 280 1961 μή
307 1875 378 1961 oripi
403 1873 498 1942 πάντα
523 1877 581 1960 μὲν
600 1905 639 1943 τα
631 1875 857 1963 χαλεπώτατα
878 1876 1050 1957 ἐπιδόντας,
1070 1906 1168 1945 narra
1188 1878 1224 1945 di
1242 1878 1282 1947 uri

57 1949 210 2042 meritura
243 1976 413 2058 παθόντας,
446 1977 659 2064 υβριζομὲνοος
684 1979 866 2060 α’ποδανεῖνς
895 2007 977 2059 οπανς
1005 1981 1041 2046 δὲ
1068 1978 1279 2067 ἀμυνούμεθα,

58 2068 159 2159 ν’δεις
182 2079 444 2166 παρασκευάζεται,
466 2081 529 2147 οὐδ’
550 2085 739 2167 ἐπιμελεῖται,
760 2082 835 2149 ivit
855 2085 1070 2167 ammeluetu,
1094 2080 1193 2171 ὥσπερ
1215 2083 1281 2161 ἔξδν

58 2184 184 2267 συχίαν
204 2180 290 2266 ἔχειν.
328 2181 399 2269 Emi
421 2181 474 2249 adr
494 2183 549 2250 τδν
569 2188 601 2250 ἐκ
621 2186 708 2263 ποίας
726 2184 839 2266 πόλεως
860 2185 990 2274 οτρατδν
1009 2190 1168 2272 προσδοκῶ
1187 2192 1281 2255 ταῦτα

58 2278 187 2364 (Qum
217 2290 303 2351 uolua
329 2286 356 2351 δ
379 2285 491 2375 ἠλικίαν
517 2290 641 2378 ἐμαυτῷ
668 2292 768 2355 ἐλθεῖν
795 2289 930 2374 α’ναμὲνω
942 2318 952 2369 ;
980 2288 1016 2354 od
1041 2286 1099 2374 ysip
1125 2286 1212 2377 ἔγωγ’
1237 2288 1280 2357 ἔτι

58 2380 252 2476 modiusque
287 2386 392 2472 ἔσομαι
398 2442 408 2469 ,
448 2388 500 2455 alr
539 2389 668 2476 τήμερον
707 2382 813 2475 udaiei
850 2390 982 2476 ἒμαντδν
1017 2400 1080 2468 τοῖς
1109 2392 1278 2476 πολεμίοις·

58 2494 137 2591 'fid
146 2502 234 2573 jaceo
264 2496 336 2555 tto?
369 2496 648 2579 Norpragreditur
666 2510 697 2558 et
714 2509 956 2578 quamprimum
975 2501 1139 2587 illuserit,
1159 2522 1278 2561 seueru-

58 2604 178 2653 ὕποπτοι
198 2604 258 2671 est,
279 2598 374 2654 hostes
392 2598 581 2656 adventuras.
598 2594 721 2675 ¹Quodsi
737 2597 831 2678 Regis
849 2606 1070 2676 iapateetutem
1087 2604 1276 2673 verterimus,

58 2692 130 2765 fuid
155 2696 305 2771 probibet,
335 2703 492 2773 qaorniuas
517 2702 702 2777 gravissima
730 2706 921 2774 quaequae!
949 2696 1153 2773 adspiciuntur
1175 2707 1205 2755 et
1224 2719 1279 2775 pu·

58 2790 191 2868 ttumur,
222 2796 465 2873 contumeliisque
489 2794 596 2871 affecti
616 2794 780 2852 nocemur?
812 2792 960 2873 anpacto
979 2804 1092 2852 aestuet
1112 2802 1214 2853 tutari
1233 2797 1279 2853 de·

59 2886 195 2966 Mutus,
215 2894 254 2951 ad
280 2895 314 2950 id
342 2915 372 2951 se
398 2916 481 2952 uema
501 2902 656 2972 corrparat
673 2915 766 2971 aeque
784 2894 1090 2963 resallicarueest;
1105 2895 1157 2954 sed
1170 2896 1280 2953 tritta

62 2988 209 3065 jeconias,
240 2998 328 3069 quusi
355 2994 436 3050 nobis
466 3000 567 3050 otiosis
594 3015 654 3050 esse
682 2993 781 3050 liceat.
822 2991 900 3073 Ego·
914 3013 982 3050 vero
1001 3012 1134 3069 quartam
1152 3014 1188 3051 eu
1208 2994 1280 3053 arie

58 3080 162 3147 'Quem
187 3091 257 3148 duee
275 3092 442 3164 factarum
470 3090 626 3168 exspecto?
647 3110 736 3168 quam
754 3099 885 3148 aetatem
903 3086 1101 3169 mihimetipsi
1118 3102 1280 3151 uenturam

75 3175 218 3257 mmor?
247 3186 308 3245 Nec
337 3195 417 3245 enim
446 3195 644 3247 maturiorem
674 3189 714 3246 ad
742 3199 870 3247 aetatem
885 3196 1081 3267 peruertiom,
1103 3198 1131 3249 ei
1149 3191 1280 3250 herulus

78 3274 144 3343 tou,
171 3308 217 3343 me
244 3288 390 3345 dedidere.
412 3284 444 3366 3)
484 3286 584 3346 Simile
610 3285 682 3367 quid
701 3284 737 3345 de
756 3308 785 3346 se
805 3301 902 3346 narrat
920 3287 1037 3347 Servius
1055 3286 1221 3369 Sulpicius,
1241 3289 1279 3350 ad

78 3372 224 3443 Cimonem
244 3383 373 3445 scribens
390 3384 427 3445 de
446 3400 536 3445 morte
554 3385 686 3445 Tulliae:
705 3407 742 3444 eu
762 3386 840 3444 Asia
861 3387 997 3461 rediens,
1018 3408 1086 3445 cam
1105 3389 1140 3445 ab
1159 3386 1279 3467 Aegina

76 3468 213 3559 Megaram
242 3505 346 3543 uersus
372 3492 565 3565 navigarem,
597 3493 676 3561 coepi
706 3494 843 3566 regiones
870 3493 1072 3545 circumirem
1097 3494 1278 3563 prospicere.

74 3566 193 3638 Parme
212 3592 280 3639 erut
297 3582 438 3662 Aegina:
459 3594 530 3641 unte
548 3583 695 3663 Megara:
716 3585 823 3642 deutra
841 3584 1004 3643 Piraeeus:
1026 3591 1155 3644 sinistra
1174 3582 1278 3645 Coriu-

74 3672 148 3737 ttae:
174 3701 248 3757 qaae
270 3682 376 3759 (ppido
400 3682 525 3761 quodam
549 3693 677 3760 tempore
692 3685 917 3759 floreat-issima
928 3684 1087 3759 fueruat,
1108 3706 1189 3743 nuuc
1204 3704 1280 3761 pro-

75 3784 158 3837 urata
177 3789 206 3837 et
224 3780 330 3837 diruta
349 3790 420 3838 ante
438 3784 534 3839 oculas
545 3789 664 3858 jaceat.
706 3781 793 3860 Coepi
810 3790 922 3863 eportet
937 3804 1051 3841 utacum
1070 3790 1279 3865 acceptiora:

72 3868 141 3935 iem!
163 3899 213 3936 aas
232 3878 404 3936 domunculi
420 3882 635 3959 indipuamar,
657 3892 684 3940 si
702 3888 770 3959 quir
793 3890 930 3940 nastrum
947 3889 1070 3941 interiit
1090 3894 1146 3941 eut
1165 3890 1277 3943 occisus

68 3984 120 4051 stt,
149 3996 275 4055 quarum
301 3984 365 4034 rita
392 3979 508 4036 breuior
531 4002 591 4038 esse
610 3982 710 4055 debet,
731 4002 799 4038 eum
819 4001 877 4038 uuo
897 3981 955 4039 lora
975 3990 1019 4038 tot
1036 3983 1174 4061 oppiduim
1191 3982 1277 4038 cada·

66 4094 128 4133 reru
150 4080 289 4151 projectu
306 4076 440 4152 jaceat?
474 4077 566 4136 Viam
594 4090 628 4137 tu
655 4089 702 4155 te,
735 4078 825 4138 Serri
835 4124 844 4153 ,
874 4079 1006 4138 cohibere
1034 4090 1065 4137 et
1092 4086 1260 4138 meminisse

89 4251 116 4315 1)
134 4251 245 4303 Plsuedr.
263 4250 321 4303 2⁷6.
341 4250 372 4303 Α.
392 4251 438 4303 cit.
458 4256 534 4307 letitia
549 4270 572 4317 p.
591 4253 655 4318 176,
674 4254 732 4306 177.

88 4350 115 4413 a)
136 4349 211 4400 uum.
228 4350 310 4415 αμα.
332 4333 366 4400 v'.
389 4365 427 4401 vs.
449 4348 490 4401 te.
510 4348 548 4400 cs.
567 4348 640 4400 stato
659 4351 688 4400 a
705 4352 767 4420 usp.
784 4350 826 4401 tu.
844 4348 902 4401 seo.
921 4350 948 4397 o.

86 4446 115 4509 3)
134 4444 253 4512 Xenoph.
272 4446 351 4496 Auul-
372 4445 414 4496 111.
433 4445 463 4503 1,
483 4444 523 4497 10.
