2796 5048
666 248 724 310 505

68 417 160 496 magis
179 418 265 479 etiam
285 415 323 476 ad
342 416 465 476 interius
483 413 725 496 perscrutandum
744 414 1032 495 cognoscendumque
1050 416 1196 480 hominem
1219 422 1306 483 valet.

69 515 151 591 Quid
179 513 276 574 dicam
298 514 336 573 de
365 534 478 572 ramma
504 516 593 587 lano,
621 512 660 572 de
681 514 803 590 finibus
828 515 970 572 bonoram
999 524 1030 573 et
1048 519 1214 594 malarum,
1234 541 1307 599 quae

66 614 201 694 quaestio
223 613 360 694 princeps
383 612 440 671 1111
464 611 600 673 inomni
623 625 752 671 veterum
776 626 916 671 sectarum
941 613 1061 674 ethica?
1104 618 1233 690 Quantas
1255 618 1308 677 illa

65 731 212 792 quamque
241 731 342 791 graves
385 709 451 768 11111
477 723 506 769 11
539 709 748 796 controversias
786 710 864 769 inter
902 709 1090 793 philosophos
1119 715 1308 791 excitaverit,

64 822 172 871 notum
193 821 253 883 est;
276 806 345 882 sed,
364 809 388 867 si
416 805 489 886 quid
514 805 616 882 aliud,
638 806 708 867 haec
736 808 863 868 civitatis
893 829 958 867 cum
984 808 1102 869 homine
1125 825 1153 871 et
1182 811 1309 873 hominis

63 928 134 968 eum
153 908 273 970 civitate
292 907 467 987 comparatio
485 905 574 963 linem
592 905 743 985 imponere
769 905 815 967 bis
833 906 1071 967 altercationibus
1091 911 1195 990 potuit.
1237 913 1309 972 Nam

63 1007 107 1065 ita
128 1026 183 1064 nos
201 1003 300 1079 illud,
320 1003 399 1084 quod
419 1004 526 1083 vulgo,
540 1018 580 1063 .ut
600 1004 662 1085 ipsa
687 1004 817 1064 Platonis
846 983 909 1064 utar
934 1006 1167 1087 comparatione,
1188 1011 1309 1070 minutis

62 1104 209 1184 scriptum
238 1102 330 1174 literis
352 1102 476 1183 legitur,
497 1103 530 1161 in
550 1102 646 1182 amplo
671 1102 724 1161 illo
746 1102 858 1162 theatro
880 1123 976 1162 rerum
994 1104 1204 1178 humanarum,
1227 1109 1308 1187 quasi

62 1202 181 1281 magnis
199 1201 292 1260 literis
311 1201 461 1282 1111111111
475 1214 655 1282 spectamus,
676 1221 730 1259 nec
756 1200 846 1261 latere
874 1223 952 1276 111,
965 1202 1037 1282 quid
1058 1203 1096 1263 sit
1113 1203 1224 1263 bonum
1247 1207 1309 1266 sive

61 1316 210 1359 summum
237 1298 364 1374 bonum,
395 1312 498 1380 potest.
540 1300 598 1359 Nec
628 1320 696 1359 vero
725 1298 812 1358 hodie
840 1301 958 1359 inutilis
996 1322 1054 1360 esse
1084 1301 1154 1371 baec
1182 1301 1309 1361 hominis

61 1383 243 1478 explorandi
276 1398 351 1457 ratio
379 1396 507 1458 11111111.
559 1399 631 1457 Nam
660 1418 725 1456 cum
756 1397 814 1456 alia
841 1398 917 1459 bene
948 1399 1059 1475 multa,
1092 1415 1152 1459 tum
1183 1401 1308 1461 maxime

61 1516 141 1576 quae
170 1494 208 1554 ad
235 1495 341 1571 illum,
370 1497 421 1575 qui
451 1497 537 1556 nobis
564 1497 659 1573 inest,
687 1489 794 1574 θυμόν
821 1498 964 1573 attinent,
985 1499 1027 1558 sic
1047 1497 1163 1559 demum
1182 1500 1216 1559 in
1231 1499 1309 1560 *luce

62 1609 230 1676 ponuntur.

106 1692 306 1773 intelligimus
329 1692 452 1768 exinde,
473 1696 574 1774 quanti
606 1695 690 1754 nohis
708 1697 796 1777 pretii
817 1695 871 1754 hoc
888 1695 1071 1773 antiquitatis
1088 1710 1308 1756 monumentum

62 1788 237 1851 faciendam
265 1791 312 1852 sit.
354 1791 393 1850 Et
417 1813 486 1851 sane
512 1794 672 1873 singulare
694 1792 899 1874 propemodum
919 1815 991 1873 opus
1011 1792 1071 1852 dici
1091 1807 1193 1875 potest.
1235 1795 1307 1852 Nam

62 1888 108 1950 111
134 1887 223 1948 nobis
246 1889 279 1948 in
303 1889 357 1948 illo
385 1889 479 1949 ethica
508 1889 650 1967 traditur,
678 1905 723 1966 ut,
754 1893 887 1970 quamvis
905 1891 1098 1951 recentiorum
1116 1892 1245 1951 omnium
1271 1892 1313 1965 de¹

62 1987 121 2057 hoc
151 2001 320 2068 argumento
348 1988 440 2048 libros
468 1988 637 2068 legerimus,
665 2012 741 2048 aava
768 2012 885 2072 prorsus
905 1989 1038 2050 doctrina
1058 1990 1202 2050 videatur.
1244 1993 1308 2064 Quo

61 2095 165 2145 autem
185 2087 307 2145 rectius
339 2089 576 2167 praestantissimi
606 2088 694 2167 hujus
726 2091 820 2170 operis
851 2089 1044 2171 perspiciatur
1072 2091 1164 2163 ratio,
1194 2109 1309 2169 quoque

62 2184 160 2262 magis
187 2185 249 2264 ipsa
277 2181 407 2244 Platonis
430 2184 549 2265 politica
578 2187 761 2262 illustretur,
794 2208 898 2268 operae
925 2186 1051 2268 pretium
1079 2186 1214 2262 videtur,
1243 2187 1309 2267 pri-

64 2282 194 2343 marium
220 2304 286 2342 cum
311 2304 344 2342 eo
371 2284 519 2343 Ciceronis
540 2306 631 2365 opus,
663 2286 752 2345 simili
773 2286 860 2345 titulo
879 2285 1098 2364 daliepulliea
1116 2286 1307 2366 inscriptum,

64 2379 210 2440 conferre.
252 2383 324 2441 Nam
348 2382 438 2460 hujus
459 2383 528 2441 item
553 2385 646 2459 ratio,
674 2384 724 2443 ubi
747 2385 785 2445 de
811 2386 932 2463 antiqua
954 2384 1074 2465 politica
1092 2385 1219 2463 agimus,
1240 2376 1308 2463 per*

62 2478 220 2561 spicienda
250 2493 328 2538 recte
354 2493 414 2554 est,
440 2479 487 2538 1111
512 2481 545 2539 11
568 2483 671 2562 primis
698 2483 896 2562 temporibus,
918 2482 1025 2561 quibus
1044 2483 1084 2541 sic
1103 2496 1146 2541 est
1163 2483 1309 2561 integrum

62 2579 253 2653 restitutum,
275 2593 327 2654 ut,
349 2579 372 2637 si
400 2579 497 2637 minus
525 2577 561 2639 de
592 2601 625 2638 eo
651 2593 731 2654 1111,
752 2594 828 2639 11111
853 2581 892 2639 de
911 2582 973 2656 ejus
993 2579 1125 2660 partibus
1144 2580 1309 2660 praecipuis

61 2690 154 2755 atque
175 2679 311 2739 universa
330 2678 555 2752 distributione,
577 2677 768 2759 probabiliter
783 2677 918 2756 judicare
939 2677 1033 2737 liceat.

187 2875 387 2934 Politice
423 2875 685 2934 Platonicae
725 2899 790 2934 ac.
818 2875 1102 2935 Ciceroniani
1148 2872 1191 2930 cle

344 2976 573 3054 republica
597 2982 744 3050 operia
764 2980 1041 3052 comparatio.

108 3170 221 3228 Pariter
248 3170 337 3249 igitur
364 3185 392 3230 et
416 3171 497 3230 Plato
524 3185 552 3230 et
576 3172 696 3244 Cicero,
726 3172 758 3229 in
779 3169 933 3231 scribendo
955 3183 1073 3248 uterque
1098 3168 1237 3250 palmaria
1255 3188 1322 3224 suo-

64 3286 175 3348 opere,
204 3288 270 3328 cum
291 3269 432 3344 ethicam,
461 3274 522 3328 tum
541 3270 691 3351 politicam
708 3267 855 3349 complexi
874 3283 957 3345 sunt,
980 3267 1031 3328 sed
1047 3268 1146 3328 Cicero
1167 3265 1306 3325 continuo

63 3385 215 3446 aggressus
233 3367 382 3447 politicam
408 3382 468 3443 est,
486 3369 568 3428 Plato
591 3390 678 3443 vero,
706 3367 743 3427 ab
770 3368 866 3427 ethica
884 3388 1022 3439 exorsus,
1044 3366 1082 3426 ad
1099 3365 1248 3444 politicam
1265 3375 1306 3421 est

64 3483 234 3546 progressus
261 3478 289 3523 11
313 3465 388 3524 haue
414 3466 551 3525 adhibuit
573 3466 612 3525 ad
636 3467 717 3524 illam
737 3465 952 3546 explicandam.
995 3461 1178 3523 Ciceroniani
1196 3458 1305 3538 dialogi

61 3550 224 3622 exordium
250 3562 427 3622 demonstrat
457 3563 542 3622 nobis
568 3565 727 3636 continuo,
757 3561 830 3642 quid
859 3562 983 3621 maxime
1008 3557 1164 3619 scribenda
1192 3571 1306 3638 specta·

64 3659 155 3720 verit.
197 3659 248 3718 Est
277 3659 355 3719 illud
385 3681 475 3719 unum
504 3661 536 3719 in
562 3661 662 3740 paucis
689 3662 812 3721 maxime
837 3661 976 3720 Cicerone
1003 3658 1146 3737 dignum,
1175 3656 1224 3735 qui
1244 3656 1305 3737 ipse

64 3758 110 3817 sic
140 3757 273 3817 eruditus
301 3758 334 3817 in
360 3758 468 3818 scholis
503 3758 742 3839 philosophorum
771 3760 842 3833 fuit,
871 3773 903 3818 ut
930 3779 990 3816 nou
1017 3755 1157 3837 deinceps
1185 3756 1217 3814 in
1248 3753 1306 3812 otio

63 3854 342 3936 philosopharetur,
360 3855 411 3917 sed
430 3857 644 3938 philosophiam
663 3858 700 3919 ad
721 3859 849 3919 civitatis
866 3878 967 3930 usum,
987 3855 1062 3935 quin
1081 3851 1225 3913 etiamad
1244 3872 1306 3910 eam

63 3967 146 4013 recte
176 3953 396 4034 gubernandam
422 3954 583 4015 adhiberet.
626 3956 711 4015 Viros
740 3957 828 4036 igitm·
856 3956 1017 4029 continuo,
1040 3953 1110 4032 qui,
1136 3950 1239 4029 spretis
1258 3971 1304 4008 vo·

65 4051 252 4132 luptatibus,
284 4075 371 4112 unam
391 4054 516 4112 maxime
536 4054 663 4114 civitatis
688 4075 754 4113 suae
777 4055 897 4113 salutem
925 4052 1084 4134 provehere
1109 4049 1307 4126 studuissent,

59 4149 153 4229 justis
188 4149 325 4210 laudibus
361 4151 505 4210 celebrat:
547 4152 626 4230 quod
663 4152 792 4212 studium
821 4160 950 4210 virtutis
979 4157 1186 4231 necearitatena
1213 4160 1304 4207 vocat.

69 4246 173 4307 Urium
199 4250 249 4306 liae
276 4252 398 4328 definio,
426 4261 544 4310 tantam
570 4274 630 4311 erae
660 4261 965 4311 necessitatem
985 4250 1307 4327 eiriuiiaganeri

65 4350 224 4406 bominum
249 4369 269 4404 a
299 4359 430 4424 1111111,
451 4359 628 4424 tantumque
656 4371 831 4410 amarem
850 4352 891 4408 ad
909 4370 1093 4409 communem
1111 4348 1242 4410 salutem
1258 4347 1306 4403 da·

58 4447 252 4522 sendradum
280 4450 403 4522 ilatum,
439 4458 477 4520 at
504 4468 539 4505 aa
567 4457 613 4506 eia
640 4457 740 4507 arania
769 4450 976 4509 blandimenta
1002 4449 1167 4529 voluptatis
1193 4451 1306 4524 aliique
