2796 5048
676 269 735 331 573

89 437 166 496 licet.
226 431 422 514 Spectandum
452 431 537 492 nobis
565 433 598 492 in
627 453 659 491 eo
689 430 789 505 dedit,
820 429 1061 511 quemadmodum
1090 433 1128 495 ad
1158 437 1316 517 perlectum

88 531 254 615 exemplum
281 533 359 591 Deus
380 531 522 591 mundum
552 532 773 607 informaverit3
797 529 898 589 sedin
920 532 1067 590 bominem
1088 534 1229 612 maxime,
1250 551 1319 598 tan-

88 652 173 713 quam
192 631 324 691 divinam
344 628 507 708 quandam,
528 651 588 689 non
605 643 768 694 terrestrem
788 628 937 708 plantam,
959 642 1083 688 mentem
1103 645 1228 692 nostram
1245 657 1319 696 con·
1384 669 1385 672 ¹

89 732 185 792 vertit.
227 729 376 789 Praeclara
395 727 458 786 illie
479 727 605 787 hominis
631 727 786 808 descriptio
806 741 915 787 exstat:
937 748 993 806 qua
1013 727 1051 786 ad
1072 727 1159 788 finem
1180 732 1319 813 perductis

87 832 166 905 fere,
187 829 241 887 hoc
260 825 393 886 additur:
414 819 448 887 τό
464 823 500 886 δὲ
514 816 555 907 όν)
566 824 633 907 περὶ
654 825 708 887 τοῦ
727 818 910 907 κυριωτάτου
925 819 995 906 παρ’
1007 819 1081 906 η’μῖν
1097 830 1202 911 ψυχῆς
1221 827 1320 907 εἴδους

86 934 270 994 διανοεῖσθαι
292 930 343 991 del*
359 927 449 1014 τῇδε,
472 921 514 1003 αἱς
535 921 693 1017 cloacina*
715 928 844 1007 δαίμονα
865 924 939 1002 θεός
954 922 1066 1014 ἑκάστῳ
1088 925 1199 994 δέδοικε
1215 935 1319 1013 τοῦτο,

85 1033 104 1096 ό
129 1030 176 1119 dq'
203 1055 321 1116 φαμεν
346 1031 471 1122 οἰκεῖν
486 1026 554 1111 μὲν
580 1024 685 1113 ήμῶν
711 1025 763 1091 ἐπ’
788 1025 886 1117 ἄκρῳ
914 1032 963 1118 τῷ
984 1025 1142 1112 στόματι,
1164 1032 1254 1118 πρός
1276 1034 1319 1099 δὲ

82 1133 148 1219 τήν
185 1136 226 1197 ἕν
261 1126 400 1221 αι’ρανῷ
434 1128 642 1215 ξυγγένειαν
678 1127 749 1195 dud
784 1135 849 1216 γῆς
882 1127 981 1215 η’μᾶς
1017 1130 1146 1217 αἴρειν·
1169 1141 1204 1199 de
1229 1150 1317 1220 prae·

83 1246 274 1300 stantissinea
305 1246 403 1296 animi
432 1245 531 1297 nostri
555 1244 649 1314 ipecie
674 1245 722 1295 ita
748 1238 960 1325 sentiendum,
991 1240 1071 1297 bunc
1103 1244 1185 1301 nubis
1207 1252 1318 1325 singu-

83 1342 123 1398 lis
146 1338 264 1412 Deum,
296 1336 442 1416 tanquam
470 1328 662 1411 daemonem,
694 1338 867 1411 tribuisse,¹
884 1338 1066 1416 eundemque
1097 1346 1138 1397 in
1167 1364 1329 1402 summa·

83 1446 255 1517 corporis
292 1457 378 1494 arce
411 1437 536 1497 sedem.
565 1437 716 1510 babere,
757 1456 891 1513 nosque
926 1457 998 1514 per
1034 1448 1203 1500 nostram
1237 1464 1316 1501 cum

83 1539 181 1597 coelo
217 1543 471 1616 cognationem
498 1556 517 1591 a
544 1544 650 1593 ternu
679 1536 869 1593 retollere.
903 1531 933 1613 1)
971 1532 1058 1595 Unde
1085 1541 1215 1598 certatim
1245 1561 1311 1601 cum

84 1643 203 1717 politae,
224 1647 285 1699 tum
306 1631 472 1723 philosophi
492 1634 686 1715 profecerunt.
731 1635 856 1693 Doctum
876 1633 945 1693 inde
966 1634 1144 1696 Ouidianum
1170 1636 1248 1696 illud
1267 1659 1316 1698 ce-

83 1734 306 1795 lebratissimum
326 1746 368 1791 est
389 1733 420 1791 in
433 1733 740 1814 ‚Metamorphosibum

236 1831 399 1910 Pronaque
417 1853 485 1890 cum
504 1843 637 1912 spectent
656 1834 805 1891 animalia
826 1841 947 1890 caetera
965 1840 1095 1906 terram,

238 1929 278 1989 Os
300 1932 416 1989 bomini
437 1932 561 1990 sublime
581 1933 682 2006 dedit,
704 1933 873 2010 coelumque
893 1935 979 1987 tueri

234 2028 356 2104 «lussit,
376 2038 407 2088 et
426 2040 537 2089 erectos
559 2032 599 2089 ad
619 2033 723 2091 sidera
745 2031 849 2089 tollere
870 2029 983 2087 cultus.
1005 2026 1037 2107 2)

83 2128 159 2186 Tum
186 2128 357 2188 Tullianum
385 2129 417 2187 in
447 2126 581 2208 Legibus.
633 2130 741 2210 Ipsum
769 2138 869 2187 autem
891 2129 1046 2193 ‚bominem
1068 2128 1170 2187 endem
1195 2139 1311 2189 natura

58 2216 141 2284 'non
160 2227 253 2285 solum
271 2226 427 2286 celeritate
446 2235 557 2288 mentis
570 2238 706 2309 ornauit,
727 2230 888 2289 sedetiam
909 2249 1031 2302 sensus,
1057 2223 1203 2304 tanquam
1220 2231 1312 2288 satel-

86 2323 173 2397 lites,
194 2329 340 2391 attribuit
359 2347 395 2384 ac
409 2335 535 2387 nuncios
547 2352 557 2386 .·
578 2338 608 2388 et
627 2316 732 2388 rerum
748 2329 959 2405 plurimarum
975 2328 1169 2386 obscurarum
1183 2349 1312 2387 necessa·

83 2428 151 2479 riae
179 2425 398 2506 intelligentiae
427 2426 590 2500 madent,
619 2435 708 2505 quasi
726 2428 938 2501 fundamenta
972 2427 1117 2504 quaedam
1146 2433 1313 2485 scientiae:

80 2521 273 2600 figuramque
291 2530 423 2601 coeperis
442 2524 570 2583 habilem
589 2533 619 2583 et
644 2533 747 2602 aptam
776 2531 898 2602 ingenio
916 2525 1047 2583 bumana
1075 2526 1166 2584 dedit.
1208 2523 1243 2582 N
1249 2547 1308 2583 am

82 2641 161 2678 cum
183 2631 357 2680 caeteras
378 2628 590 2680 animantes
618 2624 819 2703 abjecisset
847 2623 892 2680 ad
918 2632 1086 2699 pastum,
1119 2624 1238 2681 solum
1259 2625 1312 2682 bo·

82 2727 215 2776 neinene
236 2726 378 2794 creuit,
398 2722 444 2778 ad
463 2722 629 2799 coelique
657 2728 764 2800 quasi
790 2719 1032 2803 cognationis*
1047 2722 1312 2800 domiciliique

81 2823 245 2891 pristini
265 2829 494 2895 conspectum
516 2827 710 2880 excitavit.
732 2817 763 2900 3)
803 2820 845 2879 Ut
864 2833 958 2878 autem
984 2819 1074 2877 larmir
1098 2832 1181 2899 atquc
1207 2820 1310 2881 indole

81 2911 161 2993 apud
179 2912 326 2973 Platonem
345 2913 429 2976 homo
440 2965 449 2994 ,
470 2919 509 2977 ite
528 2930 662 2978 sensuum
682 2918 894 2993 destinatione,
915 2937 980 2975 cum
1004 2917 1063 2977 Deo
1084 2917 1310 2979 similitudinem

81 3025 109 3069 et
136 3012 335 3090 cognationem
358 3016 454 3077 refert.
496 3018 538 3077 Eo
564 3016 686 3077 consilio
715 3017 860 3095 nos-dicit
890 3017 922 3075 in
949 3015 1125 3096 pulcerrimo
1155 3016 1265 3079 mundo
1293 3040 1310 3078 a

80 3109 141 3167 Deo
159 3107 313 3187 collocatos
335 3133 413 3188 esse,
436 3128 467 3174 ut
488 3117 526 3176 ad
544 3116 672 3176 universi
691 3114 823 3175 ordinem
842 3126 1072 3194 concentumque
1099 3119 1225 3196 partium
1246 3140 1310 3178 om-

79 3207 177 3281 nium,
199 3222 327 3269 nostrum
346 3211 402 3292 ipsi
419 3214 565 3289 animum,
586 3213 626 3274 ad
644 3215 697 3274 Dei
712 3214 897 3296 exemplum,
915 3234 1157 3295 componeremus.
1183 3235 1198 3266 ι(
1207 3214 1309 3275 Visum

79 3305 182 3381 nobis,
204 3308 263 3382 ait,
283 3324 434 3395 propterea
454 3315 577 3373 maxime
599 3314 718 3394 largitus
738 3314 814 3372 Deus
831 3327 890 3387 est,
916 3307 967 3375 ἵνα
987 3305 1040 3386 τός
1062 3310 1094 3373 ἒν
1116 3308 1235 3400 ου’ρανῷ
1254 3312 1310 3375 τοῦ

78 3404 131 3463 νοῦ
151 3399 316 3481 κατιδόντες
337 3403 508 3491 περιόδους,
535 3408 732 3494 χρησαίμεθα
756 3408 804 3471 ἐπὶ
825 3403 880 3487 τός
900 3407 1065 3495 περιφοραῖς
1086 3410 1141 3489 τός
1165 3416 1219 3497 τῆς
1239 3409 1309 3496 παρ’

77 3499 151 3587 η’μῖν
184 3501 361 3590 διανοήσεως
371 3557 381 3585 ,
412 3511 556 3594 ξυγγενεῖς
587 3511 707 3588 ἐκείναις
733 3508 836 3591 υόσας,
864 3510 1039 3598 α’ταρόκτοις
1073 3513 1308 3600 τεταραγμένοις·

77 3602 261 3688 ἐκμαθόντες
276 3608 325 3689 δὲ,
346 3612 395 3672 καὶ
416 3612 568 3696 λογισμῶν
580 3610 655 3678 κατα
673 3605 764 3699 φόοιν
782 3612 953 3701 ὀρθότητος
969 3615 1183 3701 μετασχόντες,
1198 3617 1309 3703 μεμαό-

77 3734 160 3791 μενοι
182 3705 236 3786 τοὶς
256 3711 312 3774 τοῦ
332 3716 424 3792 θεοῦ,
448 3711 566 3794 πάντας
583 3714 721 3796 ’ἀπλανεῖς
741 3714 844 3798 οόσας,
867 3718 921 3798 τός
941 3721 974 3785 ἒν
993 3717 1067 3808 ἡμῖν
1087 3719 1309 3808 πεπλανημένας

76 3811 359 3897 καταοτγσαίμεθα·
379 3832 415 3879 ut
432 3832 540 3881 mentis
557 3831 779 3901 conversiones,
801 3849 877 3908 quac
895 3835 929 3886 in
947 3830 1022 3887 coele
1042 3830 1191 3903 obtinent,
1205 3837 1307 3887 intui-

77 3926 122 3992 ti,
143 3920 380 3980 discursionibus
407 3929 517 3980 neentis
543 3931 683 3999 nostrae,
704 3923 863 3986 ordinatas
889 3928 1076 3987 inordinatis
1100 3929 1309 4005 perturbatis-

77 4039 150 4096 que,
173 4019 386 4079 adhibeamus:
407 4020 572 4100 iidemque,
592 4030 722 4103 cognitis
742 4026 826 4101 illis,
853 4047 888 4085 ac
913 4037 1070 4104 percepto,
1091 4028 1166 4106 quod
1191 4031 1310 4086 natura

111 4294 137 4360 1)
159 4297 256 4349 Timaeo
271 4297 306 4350 90
321 4298 352 4353 Α.
375 4299 415 4353 Cf·
432 4301 466 4352 dl
482 4298 511 4354 G.
530 4299 564 4354 69
582 4304 613 4355 l).

110 4378 136 4445 2)
154 4384 253 4436 Metam.
272 4386 292 4436 1.
306 4384 416 4437 itt-86.

110 4466 136 4535 3)
156 4467 206 4521 Cic.
220 4471 250 4522 de
263 4471 336 4539 Ιαγγ.
353 4471 373 4524 l.
385 4469 411 4522 9.
