2796 5048
691 228 729 285 58

84 402 186 450 nomen
211 391 450 470 audivitiLysiue
460 435 469 462 ,
490 390 626 469 perspicit
650 392 802 461 continuo,
824 387 895 466 quid
917 391 995 447 intus
1027 390 1112 468 agitet
1134 390 1252 463 animo,
1279 411 1315 448 ro·

83 504 183 570 gatque
202 510 286 563 eum,
309 503 339 548 ut
357 510 452 547 secum
470 488 659 547 communicet
675 488 881 571 pulcerrimum
902 487 1012 545 scilicet
1034 487 1117 544 illum
1145 501 1173 545 ct
1191 487 1314 546 disertis·

82 590 183 646 simum
204 587 305 667 Lysiae
329 607 494 646 sennonem.
547 585 693 645 Phaedrus
720 586 844 666 primum
868 605 1016 658 recusare,
1047 599 1078 643 ut
1098 605 1159 643 mos
1187 585 1246 645 fert
1262 588 1310 663 ju-

22 700 25 705 '
83 687 227 758 ventutis,
253 706 310 764 quo
341 705 442 765 nempe
468 685 556 765 magis
586 684 704 742 instaret
725 683 852 762 rogando
879 682 1024 742 Socrates:
1056 682 1165 742 deinde
1185 704 1312 764 peragere

83 783 235 858 lubenter,
256 783 363 863 quippe
393 783 471 842 intus
495 783 591 841 auimo
611 781 757 860 gaudens,
779 800 859 862 posse
880 802 908 840 se
937 802 1014 839 nune
1043 782 1145 860 Lysiae
1174 780 1312 849 celebrare

82 882 275 960 eloquentiam
294 894 322 940 et
342 902 409 940 vero
436 901 515 939 suam
534 880 603 938 item
622 879 788 939 ostendere:
818 893 879 938 tum
899 879 981 937 ambo
1003 879 1158 959 procedere
1177 892 1206 938 et
1226 878 1311 939 locum

82 981 250 1058 exquirere,
272 979 322 1038 uhi
342 979 415 1038 alter
434 964 558 1058 legeret,
578 977 692 1037 audiret
709 977 879 1056 Lysiamque
898 976 1090 1035 admiraretm·
1110 977 1201 1036 alter:
1233 977 1310 1036 inre·

25 1131 31 1147 ,
84 1079 146 1137 uire
174 1092 267 1137 autem
286 1076 370 1158 longe
398 1077 627 1136 amoenissimum
651 1077 683 1134 in
702 1076 779 1134 Ilissi
799 1077 862 1157 ripa
880 1075 934 1134 sub
952 1075 1069 1155 platano
1089 1075 1199 1156 patulis
1217 1074 1309 1135 diffiul

83 1177 177 1235 ramis.
218 1176 262 1234 lbi
279 1177 339 1253 jam
356 1172 503 1233 Phaedrus
523 1194 679 1233 sermonem
694 1175 795 1233 recitat
814 1173 969 1254 singularis
987 1173 1075 1254 plane
1094 1174 1308 1252 argumenti‚et

83 1275 175 1354 ipsum
189 1273 377 1353 singula1em,
391 1271 482 1331 multa
501 1286 560 1331 arte
574 1273 755 1346 confectum,
777 1272 930 1332 verborum
944 1270 1165 1349 dictionumque
1181 1272 1308 1333 varietate

82 1373 245 1451 insignem,
267 1369 316 1429 sed
342 1369 536 1450 hancipsam
555 1370 592 1428 ob
618 1391 744 1430 caussam
768 1370 941 1428 mirabiliter
961 1369 1122 1450 placentem
1150 1371 1266 1448 juveni.
1286 1367 1308 1447 l)

81 1471 190 1544 Quint
212 1467 299 1527 finem
318 1468 387 1527 fecit
411 1466 547 1548 legendi,
576 1468 649 1547 quid
669 1468 723 1527 tibi
742 1468 878 1542 tandem,
900 1468 1045 1541 Socrates,
1068 1469 1183 1546 inquit,
1204 1468 1242 1528 de
1266 1468 1305 1527 lut

82 1589 211 1628 sermone
230 1567 370 1627 ridetur?
400 1586 498 1625 nonne
515 1567 619 1625 mirum
640 1568 672 1625 in
692 1565 809 1625 modurn
828 1567 948 1646 placet?
969 1565 1114 1646 Obstupui
1142 1567 1251 1647 plane,
1269 1585 1324 1637 re,

84 1665 207 1747 spondet
226 1665 295 1738 ille,
317 1665 482 1745 praesertim
498 1679 526 1723 te
544 1665 718 1746 adspiciens.
760 1667 832 1724 Nam
852 1664 998 1724 videbaris
1018 1664 1089 1723 mihi
1117 1665 1196 1725 inter
1224 1665 1303 1746 leger

84 1764 154 1823 dum
183 1762 325 1823 exsultare
354 1774 477 1843 prorsus.
529 1763 701 1843 Adspiciens
731 1764 819 1843 igitur
847 1777 875 1821 te
903 1778 930 1821 et
960 1777 1091 1837 secutus,
1119 1785 1177 1822 una
1206 1777 1305 1833 tecum,

85 1861 221 1922 divinum
241 1875 347 1941 caput,
368 1861 523 1920 bacchatus
544 1882 614 1920 sum<
666 1861 722 1920 ch
750 1861 897 1921 Phaedrus
925 1862 1081 1941 suspicari,
1109 1859 1235 1920 illudere
1262 1858 1307 1942 ipd

84 1959 243 2019 Socratem:
264 1980 399 2038 quaerere
416 1973 511 2018 autem
530 1961 621 2035 serio,
642 1974 810 2040 putaretne,
831 1960 1005 2020 Graecorum
1024 1959 1149 2038 aliquem
1172 1959 1235 2019 ullo
1252 1940 1310 2019 tem·

84 2079 152 2139 pore
171 2057 209 2117 de
230 2078 334 2117 unare
354 2070 396 2116 tut
413 2079 446 2116 ac
465 2072 545 2117 tanta
560 2058 677 2118 dixisse.
699 2058 827 2117 Socrates
848 2079 916 2117 vero
934 2078 1087 2118 memorare
1102 2064 1201 2139 poetas
1214 2058 1313 2119 mult⁰⁵

84 2170 112 2215 et
132 2157 274 2236 poeti-ias,
304 2155 376 2214 alios
406 2156 474 2214 item
495 2157 664 2235 scriptores,
693 2157 744 2235 qui
773 2156 809 2214 de
836 2176 930 2215 amore
960 2153 1153 2237 scripsissent:
1179 2175 1317 2235 quorum,

84 2255 180 2331 inquit
191 2297 199 2325 ,
220 2265 319 2332 pectus
336 2253 457 2333 plenum
477 2253 586 2311 hahens
597 2299 605 2327 ,
626 2255 719 2313 sentio
738 2275 782 2312 me
801 2268 914 2334 praeter
931 2255 1033 2313 haecce
1052 2255 1110 2313 alia
1130 2253 1247 2329 dicere,
1267 2267 1321 2314 nec

83 2351 179 2429 pejora
189 2395 198 2424 ,
216 2370 305 2429 posse.
348 2351 423 2408 Tum
442 2349 606 2426 Phaedrus,
627 2351 681 2410 hoc
691 2397 700 2426 ,
721 2352 836 2431 inquit,
858 2351 1003 2433 praeclare
1022 2352 1143 2427 dixisti,
1159 2354 1322 2434 generosis*

81 2448 170 2522 sime;
199 2469 215 2505 a
233 2448 338 2526 quihus
353 2463 446 2506 autem
460 2448 530 2506 haec
548 2450 691 2529 acceperis
708 2462 736 2508 et
750 2449 893 2529 quomodo
902 2495 910 2525 ,
927 2471 964 2509 ne
984 2450 1063 2509 dicas
1082 2450 1172 2511 velim
1181 2496 1189 2525 ,
1209 2443 1324 2511 etiamsi

82 2568 99 2604 a
127 2566 171 2604 me
199 2560 321 2626 rogatus.
369 2546 426 2607 Sed
453 2561 504 2621 tu,
525 2567 646 2626 quaeso,
667 2562 699 2607 tu
726 2570 828 2629 perage
846 2548 926 2628 quod
945 2549 1118 2630 promisisti:
1149 2550 1174 2608 si
1199 2536 1326 2616 feceris,

82 2664 187 2724 ponam
206 2665 257 2725 ego
276 2644 331 2705 tihi
351 2646 474 2726 Delphis
502 2660 623 2705 statuam
642 2667 774 2721 auream,
792 2649 877 2724 juxta
903 2668 1002 2706 meam.
1045 2648 1110 2721 Quo
1129 2646 1327 2708 adolescentis

82 2743 183 2802 ardore
202 2757 301 2824 captus
323 2742 470 2819 Socrates,
492 2765 573 2824 aegre
596 2744 714 2824 quidem
734 2759 761 2804 et
781 2746 871 2805 multo
891 2767 956 2804 cum
984 2745 1112 2826 pudore,
1133 2746 1185 2806 sed
1212 2745 1324 2828 perdit*

85 2841 162 2900 citur
180 2855 276 2900 tamen
295 2862 346 2915 eo,
368 2856 399 2901 ut
418 2845 479 2922 ipse
493 2844 601 2923 pariter
621 2844 778 2902 orationem
797 2845 981 2924 pronunciet.

58 2995 84 3012 „
121 2940 173 2998 Est
191 2954 285 2998 autem
305 2940 357 2998 illa
377 2963 436 2999 non
456 2942 495 3000 ita
514 2955 573 2999 arte
599 2941 695 3000 nitens
724 2956 751 2999 et
776 2942 948 3022 splendida,
971 2956 1002 3001 ut
1029 2943 1145 3022 Lysiae3
1168 2942 1220 3002 sed
1239 2962 1326 3003 comae

81 3036 198 3096 mendas
216 3058 244 3096 se
265 3037 463 3117 multomagis
482 3053 509 3097 et
527 3038 604 3097 lucet
622 3038 710 3119 plane
728 3039 849 3113 ordine,
869 3041 1091 3121 perspicuitate,
1112 3041 1231 3120 proprio
1251 3060 1328 3102 rer*

114 3279 137 3345 l)
156 3281 183 3332 ln
201 3282 250 3333 hoc
266 3298 385 3333 sermone
399 3281 529 3332 desiderat
543 3282 668 3348 Taylorus
685 3285 796 3333 oratoris
811 3283 903 3349 Lysiae
914 3284 1016 3334 dicendi
1031 3301 1129 3353 genus,
1150 3283 1324 3351 quamobrem

80 3369 122 3419 alii
139 3383 197 3418 eum
212 3367 305 3433 Lysiae
322 3367 484 3417 tribuendum
499 3377 596 3418 censet.
634 3366 672 3418 cf.
694 3369 748 3418 Vito
765 3369 853 3435 Lysiae
868 3386 892 3435 p.
911 3368 951 3419 59.
987 3371 1041 3420 Hoc
1060 3387 1134 3436 quam
1147 3371 1262 3437 ineptum
1271 3371 1328 3430 sit,

78 3454 141 3505 satis
168 3453 355 3504 demonstravit
380 3455 451 3519 Wytt.
476 3452 509 3502 ad
528 3453 655 3504 Plutarch
680 3456 709 3504 de
735 3457 792 3505 oud
809 3455 868 3522 phil.
886 3472 911 3521 p
930 3454 988 3505 340.
1026 3455 1072 3506 ΟΕ.
1091 3456 1217 3522 Heindorf
1230 3464 1258 3507 et
1274 3454 1335 3505 Aac

79 3538 111 3590 ad
134 3538 243 3590 Phaedr.
266 3539 291 3589 h
310 3539 327 3590 l
346 3547 372 3590 et
389 3538 479 3589 Graeca.
497 3538 657 3609 Prosopogr.
676 3539 739 3591 Plat.
760 3558 784 3607 p.
805 3539 861 3591 tts.
898 3540 976 3591 Nobis
1003 3542 1260 3593 animadvertendum
1275 3542 1330 3592 νίν

80 3624 171 3688 detur,
190 3641 244 3676 uon
252 3625 667 3726 matmaemLysiaeiuamqrem‚
687 3625 1160 3695 seddirdoqumaPlatonesignificari
1180 3608 1224 3675 l''
1209 3630 1328 3725 eypupf

78 3703 135 3790 γὰρ
168 3702 258 3790 δη
242 3732 258 3769 o
292 3707 407 3783 Λυσίας
433 3703 614 3792 πειρώμενόν
645 3732 710 3770 τινα
737 3710 797 3772 τῶν
823 3711 935 3784 aalma,
964 3735 1021 3791 ουχ
1046 3705 1094 3772 on
1120 3709 1251 3791 ἕραστου
1238 3705 1319 3771 ’.δὲ

78 3810 137 3863 227.
164 3811 192 3864 G.
230 3813 287 3873 Ouo
309 3813 460 3882 intelligitur
482 3814 619 3865 dramaticu
641 3813 732 3865 formu.
780 3815 831 3864 Sed
854 3816 919 3865 hanc
942 3816 1047 3866 formam
1068 3816 1144 3883 plane
1160 3816 1319 3881 prodirem

77 3900 176 3951 initium
191 3900 333 3950 sermonis
351 3885 418 3968 :sepi
437 3884 494 3965 μὲν
515 3887 576 3948 τῶν
593 3885 675 3965 ἐμῶν
690 3909 872 3969 πραγματων
888 3886 1088 3949 ἐπίατασαι-
1107 3898 1166 3950 230.
1194 3901 1239 3951 Ε.;
1265 3908 1311 3951 tun

78 3985 150 4035 finis·
182 3977 240 4063 ἐγώ
266 3981 323 4063 μὲν
352 3975 403 4044 οὖν
424 3978 508 4044 ἱκανά
529 4006 582 4063 μοι
607 3981 720 4062 νομίζω
749 4006 785 4042 τα
811 3979 962 4065 εἰρημένα·
986 4007 1011 4044 α
1003 3978 1069 4043 δέ
1088 4007 1115 4044 τι
1137 3981 1173 4045 ori
1194 3978 1318 4068 αποθῆς

77 4087 104 4151 (f.
135 4075 288 4150 ἒπατοθεῖς
320 4118 350 4126 -
385 4085 461 4151 Ed),
496 4070 653 4160 ἡγούμενος
690 4079 940 4157 παραλελεῖφθαι,
980 4072 1085 4157 ἐρώτα.
1111 4087 1169 4139 234.
1207 4088 1236 4140 G.
1260 4088 1309 4139 lam

77 4187 141 4222 vero
161 4171 424 4238 ejusdemscriptoris
445 4175 469 4222 in
494 4173 598 4240 dialogo
627 4171 699 4220 uliam
720 4187 793 4226 esse,
817 4171 890 4221 aliam
912 4173 986 4236 plane
1004 4175 1030 4224 in
1052 4175 1187 4236 oratione,
1213 4171 1308 4225 dicendi

77 4258 218 4318 rationem,
243 4273 318 4308 nemo
340 4267 394 4320 est,
419 4261 478 4326 quin
499 4266 591 4324 sponte
618 4256 710 4306 videat.
753 4255 887 4307 Caeterum
914 4258 979 4308 huuc
1002 4259 1094 4324 Lysiae
1114 4275 1273 4321 sermonem,
1289 4256 1307 4307 si

77 4359 129 4394 uon
156 4350 236 4393 totum
262 4343 363 4395 fluxerit
387 4362 433 4410 pro
460 4360 532 4396 more
556 4359 604 4393 suo
628 4341 717 4401 Plato,
743 4343 810 4408 quod
838 4343 914 4393 nolim
939 4342 1076 4405 affirmare,
1105 4353 1175 4396 certe
1200 4345 1233 4396 ad
1257 4358 1308 4411 pro·

79 4430 189 4494 positum
214 4445 284 4479 suum
309 4430 384 4495 plano
409 4427 617 4481 acrtommodassr
639 4425 746 4476 videtur.
