2796 5048
664 246 724 306 lbi

84 413 207 476 studuit.
249 411 288 471 Et
317 428 386 472 vero
413 408 450 470 de
471 409 612 490 sapientia
632 405 696 466 illic
716 418 744 465 et
762 404 929 486 voluptate,
958 403 1019 463 utri
1036 402 1076 463 ad
1095 402 1208 465 beatam
1227 406 1296 466 vitan

66 513 153 594 ¹plus
171 503 362 570 tribuendum
381 507 436 582 sit,
456 527 515 566 non
531 505 568 565 de
581 504 697 583 justitia
715 506 783 584 egit.
798 501 827 584 l)
854 503 911 561 ch
929 510 1027 561 autem
1048 499 1198 561 Socratici
1212 504 1298 562 ration

49 610 52 615 ’
85 608 191 682 nobis,
221 604 300 685 quod
331 605 362 663 in
381 602 498 662 Politia
519 594 646 662 sustituit
663 602 763 676 Plato,
792 599 829 660 de
849 603 908 659 vita
929 599 1036 675 beata,
1067 618 1135 658 eum
1156 598 1299 661 omninoir

82 703 202 765 modum
231 701 375 783 agendum
406 715 467 775 est,
498 710 548 774 ut,
576 700 649 778 quid
675 700 712 759 sit
730 700 877 759 inanimo
895 698 1025 757 hominis
1043 698 1183 776 justitia,
1208 712 1243 754 ex
1258 698 1301 777 ipsa

84 803 174 863 animi
207 813 309 858 natura
338 798 527 880 explicemus.
570 798 731 879 Explorate
760 797 849 878 igitur
875 795 967 854 multo
987 793 1169 875 diligentins
1189 795 1301 853 interiss-

83 914 159 979 que,
189 915 275 976 quam
302 894 399 955 adhuc
420 896 559 970 fecimus,
588 897 717 955 animum
737 892 864 955 decebit.
906 894 1111 954 Discrevimus
1129 895 1192 971 jam
1210 893 1240 950 in
1256 912 1302 951 eoa

83 993 295 1079 cupiditatibus
312 995 467 1068 rationem,
486 995 535 1053 eui
554 1013 655 1075 parere
672 995 743 1053 istae
760 990 889 1051 debente
909 992 1020 1051 socium
1038 992 1112 1050 item
1122 989 1302 1070 cupiditatum

85 1095 136 1156 sed
165 1093 215 1172 qui
246 1090 324 1151 idem
350 1091 471 1151 rationis
497 1092 630 1151 minister
655 1090 827 1170 adjutorque
854 1100 915 1165 est,
944 1087 1220 1169 deprehendimus:
1248 1085 1302 1145 urle

84 1204 179 1274 partes
211 1189 319 1262 animi,
346 1204 418 1267 quas
446 1198 531 1249 vocat
557 1188 656 1267 Plato,
685 1179 724 1249 td
754 1181 974 1269 ἔπιθνμηταόν
1003 1210 1038 1251 ac
1071 1180 1205 1267 λογικδν,
1228 1185 1304 1262 quales

86 1291 163 1363 sint,
188 1302 359 1366 cognoscere
382 1288 443 1365 jam
470 1289 626 1368 coepimus.
669 1290 778 1350 Verum
805 1290 920 1351 tertiam
937 1289 962 1349 is
981 1303 1099 1371 partem
1118 1288 1231 1368 adjecit
1248 1283 1303 1355 illis,

83 1379 121 1448 sd
142 1373 320 1464 θυμοειδὲς·
341 1385 411 1444 haec
433 1404 503 1446 vero
524 1385 671 1463 nondum,
693 1406 767 1470 quae
786 1387 824 1447 sit
841 1401 870 1447 et
888 1387 999 1466 qualis,
1018 1392 1106 1468 patet
1126 1386 1233 1469 nohis:
1251 1394 1304 1442 certe

86 1508 140 1549 nec
160 1487 289 1547 Socrates
309 1503 372 1544 eam
390 1483 423 1541 in
443 1482 554 1564 hymno
573 1487 696 1563 amoris,
725 1505 779 1546 nec
797 1486 830 1545 ita
849 1484 936 1544 senili
954 1500 1092 1545 temone
1111 1482 1222 1566 hospes
1236 1480 1304 1542 sus

87 1584 197 1645 niensis
215 1583 333 1669 nomine
353 1581 532 1642 memoravit.
562 1584 603 1644 Ut
623 1602 693 1646 vero
712 1600 778 1643 cum
795 1595 920 1642 caeteras
940 1582 1085 1659 virtutes,
1104 1595 1172 1642 tum
1189 1580 1304 1661 jussura

86 1694 288 1760 assequamur,
308 1673 471 1757 θυμοειδὲς
490 1679 568 1740 illud
587 1682 620 1739 in
639 1683 736 1743 animo
754 1694 930 1741 nostro'non
950 1681 1051 1740 minus
1061 1725 1070 1755 ,
1091 1694 1185 1761 quant
1202 1664 1303 1740 robii-

82 1800 136 1860 yov
155 1800 187 1839 ac
208 1776 243 1840 to*
263 1774 482 1861 enisopqmo'v
500 1793 528 1840 et
547 1800 715 1861 cognoscere
734 1781 830 1861 ipsum
848 1793 877 1840 et
890 1777 927 1839 ab
942 1775 988 1838 his
1005 1774 1185 1839 discernere
1197 1778 1304 1840 dehueti

82 1901 155 1941 mus.
186 1881 273 1941 Mitto
292 1895 418 1957 caetera;
437 1879 503 1955 sed,
521 1878 599 1959 quod
617 1878 764 1952 diximus,
782 1880 968 1957 conjunctam
987 1877 1072 1959 apud
1090 1878 1247 1939 Platonem
1259 1890 1304 1936 cart

83 1980 184 2040 morali
204 1980 337 2040 doctrina
359 1979 507 2061 politicam
525 1997 600 2052 esse,
619 1977 652 2038 id
672 1997 709 2036 ex
727 1977 808 2036 omni
825 1976 879 2035 hac
898 1990 994 2036 nostra
1013 1977 1172 2058 superiore
1191 1976 1304 2057 disrepta

78 2079 158 2138 tione
188 2074 269 2136 haud
297 2077 384 2138 facile
411 2076 540 2137 duxeris.
583 2073 659 2135 Sunt'
684 2068 796 2134 scilicet
823 2075 936 2156 politica
966 2073 1044 2148 iere,
1073 2088 1154 2154 quae
1184 2074 1302 2133 hacteuus

80 2174 251 2248 attulimus,
268 2174 425 2254 inquibus
443 2185 559 2232 exstant
578 2173 697 2232 sonasse
716 2192 832 2246 eorum,
855 2192 928 2251 quae
949 2170 1189 2252 investigamus,
1220 2162 1303 2253 prinei·

84 2272 152 2351 pia,
181 2269 231 2329 sed
258 2270 368 2345 latent,
389 2286 483 2344 certe,
513 2283 546 2329 ut
574 2283 732 2351 appareant
758 2267 909 2344 dilucide,
937 2268 1063 2328 aliunde
1086 2269 1212 2330 ridetur
1230 2269 1304 2328 luno

86 2365 289 2427 adhibendum
305 2386 374 2427 esse.
415 2367 626 2442 Quamobrem,
646 2389 717 2448 age,
737 2368 825 2427 aliam
843 2368 1042 2441 instituamus,
1066 2368 1219 2448 uniceque
1234 2363 1303 2448 phile

83 2463 221 2545 sophum,
247 2464 305 2523 imo
334 2463 508 2524 Socraticam
531 2464 716 2545 disquirendi
737 2466 878 2525 rationem
887 2493 904 2540 ,⁴
925 2465 951 2524 si
972 2464 1047 2524 forts
1070 2460 1115 2525 sic
1137 2465 1303 2526 licueritne

81 2562 128 2623 bis
148 2575 288 2642 et·partes
307 2563 398 2622 animi
416 2563 546 2642 singulas
565 2562 734 2642 singulatim
751 2564 937 2644 conspicere,
958 2575 1002 2636 et,
1021 2560 1099 2641 quid
1118 2564 1159 2623 sit
1179 2562 1302 2623 inanius

79 2660 214 2738 justitia,
232 2679 374 2739 quamque
395 2659 455 2719 vim
474 2660 513 2720 ad
532 2660 645 2721 beatam
664 2660 754 2723 vitam
773 2659 896 2736 habeat,
915 2660 1027 2738 assequi
1046 2673 1079 2718 et
1098 2660 1269 2742 perspicere.

238 2856 543 2934 Thrasymachi
572 2859 618 2915 ds
640 2864 830 2934 justitia
860 2876 905 2926 ac
928 2855 1177 2930 felicitate

610 2957 788 3034 piacita.

120 3147 179 3209 Sed
198 3161 229 3206 ut
247 3147 481 3226 disquisitionem
490 3151 644 3212 instituere
652 3150 836 3230 injustitiam
848 3152 980 3228 vitaeque
990 3147 1170 3209 felicitatem
1178 3147 1302 3231 panis,

82 3250 163 3305 eccei
185 3243 284 3304 denuo
303 3245 389 3304 nobis
406 3262 563 3307 occurrunt
580 3249 722 3330 sophistae
731 3247 772 3329 2):
787 3247 923 3326 quodque
938 3247 999 3324 jam
1016 3244 1302 3316 dodumolmann,

82 3341 304 3422 stampense,
323 3342 441 3400 inanem
460 3362 519 3402 rem
536 3364 611 3419 esse,
630 3367 715 3424 quam
735 3347 914 3425 quaerimus:
935 3344 1076 3425 opinione
1095 3343 1250 3405 hominum
1264 3344 1303 3402 ier

80 3441 105 3499 ri
131 3439 293 3518 justitiam,
322 3459 383 3497 esse
409 3453 504 3499 autem
525 3441 603 3500 nihil
613 3454 736 3523 reapse,
765 3443 834 3518 vel,
860 3444 885 3502 si
904 3439 977 3521 quid
995 3442 1051 3515 sit,
1079 3435 1241 3524 ἀλλότριον
1260 3459 1303 3500 esst

79 3528 216 3615 ἀγαθόν,
238 3531 346 3597 desolor
367 3529 493 3618 βλάβην.
505 3536 545 3620 3).
588 3539 688 3599 Simile
708 3539 782 3620 quid
801 3539 886 3600 nobis
905 3553 967 3599 turn
990 3541 1168 3619 objecerunt
1187 3542 1302 3622 Gorgias,

80 3637 232 3711 Callicles,
251 3639 355 3710 Polus,
372 3659 463 3716 quum
483 3639 515 3699 in
536 3639 598 3699 veri
617 3637 804 3697 versabamur
823 3637 1037 3716 diqnisitione‘.
1070 3639 1147 3702 Veri
1163 3662 1226 3701 esse
1243 3634 1302 3699 nihil

79 3733 271 3808 dictitabant,
291 3737 349 3794 nisi
370 3735 448 3814 quod
464 3735 631 3809 videretur,
648 3733 738 3813 idque
748 3735 937 3813 adjustitiam
952 3735 1119 3797 tollendam
1130 3736 1301 3798 adhibebant

78 3832 136 3892 Sed
165 3830 434 3907 hoi·[rm·omnium,
465 3835 498 3892 in
527 3834 627 3914 primis
648 3835 816 3913 Protagorae
838 3832 1041 3893 cavillationes
1058 3837 1207 3894 idearum
1222 3845 1300 3892 auctr

5 3960 8 3965 ·
80 3932 164 3989 ritate
195 3950 227 3990 ac
247 3930 368 3990 veritate
388 3931 554 3992 confutarit
574 3930 652 4012 apud
672 3931 821 3991 Platonem
836 3929 978 3991 Soterem
1020 3931 1236 4014 Thrasymachi
1252 3947 1302 3990 vett

81 4027 161 4087 istud
187 4028 221 4086 in
242 4027 386 4105 justitiam
412 4027 543 4104 dictum,
585 4035 715 4106 injustia
732 4048 799 4089 eom
816 4030 974 4106 podoni,
987 4037 1093 4107 justia
1111 4052 1182 4094 varo
1200 4048 1300 4100 nuere,
1325 4080 1331 4105 ,

112 4225 138 4291 t)
156 4228 233 4280 ratu
247 4243 275 4294 p.
293 4225 354 4280 aar.

110 4310 138 4374 2)
156 4313 218 4363 aaa.
239 4329 265 4379 p.
285 4310 351 4376 121,
369 4310 439 4376 aas,
458 4311 516 4364 itt.

111 4393 138 4457 a)
155 4397 194 4449 m
207 4398 269 4466 sip.
278 4395 383 4533 &aa
402 4397 431 4450 c.
449 4396 494 4448 111.
511 4395 572 4469 asa.
590 4398 620 4449 a.
