2774 5048
656 223 711 281 149

71 399 251 460 progressum
267 402 394 456 omnem,
414 403 522 461 suoque
537 384 593 464 ipsi
611 381 797 463 indulgentes
817 384 968 445 instinctui
985 385 1006 444 i.
1024 406 1051 447 c.
1071 386 1201 447 veritatis
1219 405 1299 467 emu-

73 478 111 551 ri,
136 500 198 543 non
225 494 347 560 possunt
375 503 449 555 non,
470 503 543 559 quae
563 482 608 541 vis
627 495 668 541 est
687 495 821 555 naturae,
841 481 960 541 tendere
980 483 1018 542 ad
1038 484 1187 543 veritatem
1206 482 1299 543 celcr-

74 575 145 635 rimo
172 598 273 652 cursu,
298 599 415 659 eamque
433 580 583 659 attingere.
625 580 717 639 Erant
734 579 869 649 Atheni·
877 579 1001 639 Socratis
1020 595 1124 654 aetate,
1145 583 1195 660 qui
1215 583 1248 641 iu
1266 603 1299 641 eo

77 674 292 735 excitandorum
304 677 487 757 ingeniorum
500 677 667 736 facultatem
681 691 868 757 agnoscerent
885 691 969 756 atque
987 677 1211 754 admirarentur,
1232 701 1300 761 per-

79 771 273 834 ducendorum
289 775 500 834 desiderarent:
521 776 601 855 qnod
620 775 784 856 Xenophon
803 789 922 835 testatur
940 777 973 835 iu
991 776 1246 851 Memorabilibus,
1270 775 1299 858 l)

82 871 124 950 qui
137 873 199 953 ipse
212 873 322 933 Socrati
341 894 392 932 suo
411 894 508 954 parem
528 876 675 953 utriusquc
695 875 801 952 negotii
821 874 985 932 facultatem
1006 875 1117 936 tribuit.
1158 877 1224 936 Non
1243 890 1298 950 cst,

85 969 153 1048 quod
177 993 229 1031 nos
254 972 307 1032 boc
333 971 394 1031 loco
415 993 474 1030 rem
493 971 699 1051 dijudicemus:
722 993 788 1030 narn
807 982 836 1031 et
852 973 997 1051 negotium
1014 969 1224 1033 difficillimum
1244 989 1299 1050 est,

88 1070 216 1129 erminus
233 1091 313 1130 nuno
332 1070 490 1146 Socratem,
511 1092 596 1151 quam
615 1073 677 1149 ejus
694 1070 882 1152 disciplinam
902 1069 1129 1150 disciplinaeque
1150 1073 1181 1130 in
1200 1073 1300 1153 philo-

90 1165 176 1250 sophia
192 1168 321 1228 Platonis
338 1170 536 1229 auctoritatem
552 1184 720 1251 spectamus.
762 1168 821 1228 Sed
837 1169 914 1229 banc
929 1166 1014 1227 nobis
1029 1166 1245 1247 judicantibus,
1266 1193 1299 1231 eo

91 1282 144 1323 sane
160 1267 361 1346 praestabilior
378 1266 549 1347 uberiorque
569 1267 701 1342 videtur,
722 1267 894 1347 quominus
914 1267 1039 1346 ingeniis
1058 1287 1138 1326 suam
1155 1283 1299 1329 monstra-

91 1359 130 1421 lat
141 1365 340 1445 progrediendi
355 1365 442 1426 viam.
484 1364 638 1447 aperiebat
651 1364 703 1426 ille
714 1368 858 1443 juvenum
872 1365 997 1439 animos,
1017 1364 1151 1424 eliciebat
1165 1365 1235 1426 inde
1253 1369 1300 1427 fa-

94 1457 207 1537 cultates,
233 1484 305 1543 quae
334 1464 475 1540 inessent,
501 1463 643 1544 singulas,
664 1485 766 1542 easque
785 1463 881 1523 alebat
900 1477 928 1521 et
946 1461 1159 1523 corroborabat:
1182 1478 1299 1526 atvero

39 1616 42 1641 ᾖ
95 1553 135 1615 lae
151 1558 181 1619 in
199 1560 266 1619 aliis
283 1574 365 1621 erant
384 1561 472 1637 aliae,
493 1563 673 1641 maximeque
692 1562 836 1636 diversae,
858 1562 898 1620 ita
917 1582 996 1620 suam
1015 1561 1150 1639 quisque,
1171 1583 1223 1642 pro
1243 1562 1297 1621 bac

97 1666 244 1716 naturarum
260 1658 442 1734 diversitate,
464 1674 491 1718 ct
517 1659 758 1739 ingrediebantur
778 1661 855 1720 viam
873 1673 900 1717 et
918 1659 1071 1734 tenebant3
1094 1680 1179 1737 quam
1207 1658 1299 1719 disci-

97 1750 174 1830 pliuae
191 1758 394 1836 praestantiam
410 1772 438 1818 et
452 1759 533 1837 quasi
548 1757 726 1818 fertilitatem
746 1759 903 1818 certissimo
919 1757 1091 1816 documento
1100 1756 1203 1837 probat
1213 1758 1299 1818 histo·

96 1849 128 1907 tit
149 1853 353 1936 philosophiae.
395 1857 467 1916 Nam
497 1876 533 1914 ex
561 1856 644 1915 nulla
672 1857 844 1937 prodierunt
872 1868 952 1915 tanta
981 1855 1132 1930 varietate,
1153 1877 1213 1916 non
1233 1856 1305 1916 dico.

97 1945 256 2033 philosophi,
276 1953 327 2013 sed
341 1953 580 2035 philosophorum
595 1969 687 2015 sectae
701 1969 730 2013 et
743 1954 884 2028 familiae,
904 1973 990 2032 quam
1008 1972 1045 2011 ex
1064 1952 1207 2014 Socratica
1227 1955 1299 2014 hac·

97 2063 127 2105 tt·
164 2049 259 2111 Secuti
282 2065 351 2111 sunt
368 2051 513 2113 Zenonem
532 2051 636 2127 Stoici,
657 2054 815 2134 Epicurum
834 2051 985 2133 Epicurei,
1008 2064 1054 2124 ut,
1074 2071 1146 2130 quae
1165 2052 1299 2131 magister

96 2161 269 2228 praeceperat,
295 2152 448 2209 maximam
476 2164 587 2233 partem
604 2150 761 2231 diligenter
778 2149 916 2231 discipuli
936 2162 1097 2208 servarent:
1120 2147 1203 2207 undc
1217 2170 1298 2209 com-

96 2245 158 2303 nuni
171 2267 268 2307 omnes
285 2249 402 2308 nomine
413 2248 501 2310 Stoici
520 2263 548 2308 et
558 2250 694 2331 Epicurei
706 2249 778 2309 dicti
793 2261 870 2308 sunt.
892 2246 949 2307 Sed
959 2245 1100 2306 Socratem
1115 2247 1165 2326 qui
1180 2248 1298 2308 audive-

39 2368 41 2397 :
96 2345 206 2418 ruane
222 2345 259 2404 ab
275 2347 425 2427 cosinguli
437 2347 577 2427 singulari
596 2349 707 2407 ratione
726 2347 836 2406 exculti
846 2344 977 2420 sunt,sic
988 2347 1150 2426 semctipsos
1168 2357 1219 2405 s'uo
1237 2346 1302 2425 qui·

94 2444 227 2515 quemodo
241 2444 460 2525 explicuerunt,
481 2461 513 2504 ut
525 2468 577 2528 pro
592 2466 643 2505 suo
656 2447 763 2524 quique
776 2445 895 2525 ingenio
909 2443 1195 2525 philosopharentur,
1216 2466 1299 2504 suum

94 2539 179 2621 quique
195 2544 250 2601 iter
265 2543 463 2619 instituerent,
484 2543 615 2626 plerique
631 2544 770 2603 novarum
785 2555 877 2605 essent
892 2555 1031 2600 sectarum
1045 2556 1182 2601 auctores.
1223 2543 1300 2603 Fons

92 2631 136 2695 hir
154 2639 296 2701 Socratica
320 2640 478 2723 disciplina
496 2641 670 2714 uberrimus,
694 2638 771 2698 unde
789 2654 880 2701 sectae
900 2641 932 2697 in
951 2660 1048 2697 omnes
1066 2653 1165 2719 partes
1179 2661 1300 2719 magno-

91 2750 134 2811 que
148 2760 266 2798 numero
286 2753 314 2798 et
332 2741 437 2818 majore
458 2741 542 2799 ctiam
559 2738 731 2820 placitorum
752 2739 904 2813 varietate,
925 2751 1061 2815 tanquam
1081 2735 1186 2809 rivuli,
1209 2735 1299 2795 dima-

91 2832 190 2895 pirent:
216 2837 371 2917 eademque
396 2838 569 2918 disciplinae
592 2837 679 2914 hujus
702 2835 883 2896 foecunditas
907 2837 940 2894 in
963 2833 1091 2893 Platonis
1112 2833 1298 2915 disciplinam

89 2934 153 3006 pusi
166 2949 321 3016 propagata
340 2949 396 3013 est,
417 2957 488 3014 quae
507 2950 535 2994 et
554 2935 739 2995 Academicos
759 2934 882 3015 protulit
901 2948 929 2992 et
948 2932 1152 3013 Peripateticos
1171 2946 1199 2990 ct
1219 2933 1296 2992 Neo-

87 3026 249 3109 platonicos,
270 3034 327 3093 imo
348 3053 416 3094 vero
432 3035 502 3114 ipsis
520 3034 623 3094 Stoicis
638 3047 665 3092 et
685 3033 850 3113 Epicureis,
864 3033 996 3110 quamvis
1009 3028 1129 3088 aliunde
1146 3029 1230 3105 ortis,
1247 3030 1300 3089 ali·

86 3143 202 3188 uentum
215 3131 349 3211 praebuit
363 3152 430 3191 sane
443 3152 529 3209 quam
548 3130 778 3193 saluberrimum.
820 3130 892 3189 Nam
911 3128 989 3211 quod
1008 3128 1137 3188 Socrates
1154 3127 1301 3186 monendo

84 3225 306 3307 cohortandoque
331 3241 359 3287 et
384 3228 564 3290 sermonibus
589 3231 767 3304 instituerat,
794 3227 827 3288 id
852 3229 974 3310 perfecit
998 3227 1079 3286 Plato
1103 3245 1168 3284 cum
1196 3225 1301 3299 simili,

83 3327 203 3400 quamvis
220 3324 424 3407 diligentiore,
454 3325 629 3409 disciplina,
650 3341 711 3386 turn
729 3327 844 3408 scriptis
868 3327 1011 3401 m'axime,
1032 3322 1138 3403 quibus
1155 3322 1300 3385 Socratem

83 3412 192 3499 pulteris
211 3424 353 3504 nobisque
370 3425 454 3483 etiam
474 3425 527 3484 hoc
546 3439 671 3504 tempore
690 3424 878 3484 disserentem
901 3423 1206 3506 philosophantemque
1215 3466 1225 3497 ,
1246 3443 1300 3482 ve-

82 3514 128 3580 luti
146 3523 248 3582 vivum
268 3523 449 3597 etiamnunc,
464 3524 706 3603 repraesentavit:
731 3522 863 3602 idemque
880 3521 1060 3581 institutioni
1080 3519 1227 3579 doctrinas
1245 3520 1301 3580 ad-

81 3615 190 3694 junxit,
210 3621 377 3702 praesertim
400 3621 629 3695 mathematicas,
657 3641 716 3679 non
741 3642 798 3699 quo
821 3621 898 3682 viam
924 3598 1077 3694 deliniret,
1098 3639 1170 3698 quac
1195 3619 1299 3697 cuique

84 3732 144 3779 uset
164 3719 252 3777 anxie
271 3717 411 3778 servanda
421 3720 501 3793 ,sed
520 3734 551 3778 ut
569 3720 658 3798 magis
675 3719 759 3777 ctiam
777 3718 897 3777 insitum
916 3717 1028 3777 bomini
1047 3718 1108 3777 veri
1126 3738 1249 3776 amorem
1273 3731 1300 3775 ct

85 3815 210 3875 excitaret
228 3815 373 3895 aleretque
393 3830 421 3876 et
440 3817 600 3897 prudenter
619 3829 736 3895 regeret.

117 3911 170 3972 Sed
184 3915 294 3993 agimus
309 3914 346 3975 de
357 3936 556 3995 progressuum
571 3914 714 3973 celeritate
726 3961 733 3989 ,
744 3936 799 3993 qua
818 3914 959 3994 insignem
975 3937 1033 3974 esse
1052 3905 1219 3992 μαιευτικὴν
1239 3913 1300 3993 ipsc

87 4007 157 4070 uobis
182 4013 441 4092 praestantissimae
470 4013 644 4093 disciplinae
673 4027 772 4071 auctor
800 4013 885 4095 modo
914 4012 1077 4075 affirmavit.
1126 4014 1221 4073 Nolim
1248 4010 1298 4069 htc

87 4109 198 4185 cogitent
218 4110 337 4168 lectores
353 4111 524 4170 celeritatem
541 4111 623 4169 illam
639 4110 791 4185 discendi,
812 4132 883 4190 quae
900 4111 986 4171 bodie
1001 4113 1181 4194 praesertim,
1203 4109 1299 4171 ubivis

81 4197 133 4264 fere
150 4209 182 4267 in
200 4208 372 4268 cultioribus
391 4210 520 4288 Europae
539 4211 672 4289 populis,
694 4208 923 4291 commendatur,
945 4214 989 4287 cuj
997 4233 1027 4270 us
1042 4211 1214 4291 praestantia
1235 4207 1300 4266 bre·

89 4349 329 4372 N...—

114 4429 137 4496 ll
154 4434 224 4484 Metu.
245 4434 262 4484 l.
281 4432 297 4482 4
