2774 5048
712 228 772 288 too

125 417 199 476 quae
227 415 279 454 nos
307 393 407 499 docuit
427 389 464 449 de
481 390 609 450 moribus
627 390 804 450 Graecorum
822 387 1016 460 Adimantus,
1046 396 1232 467 reputantes,
1259 388 1336 447 serm·

126 514 211 568 snas,
230 512 304 573 quae
324 491 396 552 vitia
416 509 470 548 nos
484 508 626 568 quamque
646 489 881 570 superstitionem
900 485 1030 544 tribuere
1057 485 1119 543 iere
1136 485 1223 545 aetati
1247 498 1336 544 nostru

126 592 285 666 barbarae,
305 610 378 668 quae
397 586 492 646 medio
511 607 584 648 aevo
602 589 733 646 cernitur
743 628 754 662 ,
773 586 915 659 solemus,
936 583 1054 664 proprie
1071 582 1142 642 haec
1162 583 1268 663 pariter
1283 584 1337 641 anti·

125 691 191 769 quis
214 688 332 748 Graecis
352 687 458 745 fuisse:
481 685 627 743 cernimus
646 686 733 759 item,
754 697 932 764 quantopere
958 681 1065 741 iccirco
1091 681 1266 760 temporibus
1295 681 1337 739 iilis
1369 732 1372 737 .

126 789 157 846 in
184 787 305 847 Graecia
329 785 409 844 taiis'
424 782 655 857 desideraretur,
687 783 783 862 qualis
810 781 942 842 Socrates
971 780 1049 852 suit,
1080 778 1286 860 philosophus,
1303 779 1337 858 qui
1360 766 1363 779 ¹

125 892 280 944 easecrort
297 885 408 942 solebat
418 928 427 957 ,
448 897 480 941 ut
500 882 542 940 ait
562 882 682 956 Cicero,
703 883 772 940 s'ttcs
782 925 791 956 ,
809 887 864 958 φιν·
880 886 1018 958 primum
1037 879 1110 937 baec
1128 880 1339 937 saturaretu-

125 991 228 1042 rents‘a
239 1028 247 1057 ,
268 983 438 1040 utilitatem
456 990 488 1038 et
505 979 688 1038 honestatem
699 1023 708 1054 ,
739 985 877 1055 opinione
898 978 1127 1036 destruxissent.
1152 974 1183 1055 1)
1212 975 1341 1035 Cernimus

124 1080 261 1155 tandem,
291 1093 432 1159 quantum
461 1076 568 1157 negotii
599 1077 759 1158 susceperit
788 1076 889 1151 Plato,
919 1092 1030 1154 quum,
1060 1073 1163 1134 eidem
1187 1073 1241 1133 ttlt
1257 1072 1340 1133 Potitii

124 1175 338 1239 conscribenda
347 1220 356 1251 ,
373 1176 516 1254 justitiam
532 1195 584 1255 per
603 1194 633 1233 se
652 1175 745 1255 ipsam
763 1173 896 1234 sufficere
916 1171 955 1234 ad
981 1173 1059 1232 bene
1086 1172 1228 1252 beateque
1254 1172 1341 1235 muen-

127 1276 216 1352 dum,
237 1275 432 1336 demonstrare
454 1275 606 1332 niteretur.

277 1382 295 1413 ὓ

304 1467 411 1549 Quid
439 1477 483 1527 in
514 1476 651 1528 auimo
679 1471 868 1528 tramissis
889 1470 1086 1549 justitio
1114 1467 1206 1527 set?

164 1663 222 1724 Sed
241 1664 278 1724 de
296 1648 487 1745 opinionibus
505 1665 690 1744 moribusque
712 1665 924 1745 sophistarum,
944 1665 1004 1754 imo
1017 1663 1215 1738 Graecorum,
1236 1661 1344 1722 diximus

124 1764 212 1838 satis,
232 1775 282 1836 ut,
301 1761 402 1840 quales
421 1761 466 1821 illi
487 1765 547 1824 sint
567 1777 596 1823 et
617 1762 691 1842 quid
713 1763 772 1822 sibi
792 1763 907 1838 velint,
927 1763 1102 1843 quibuscum
1122 1760 1344 1842 nobisageudun

126 1861 201 1935 erit,
222 1872 402 1940 perspectum
422 1861 589 1922 habeamus.
630 1860 839 1921 decedendum
857 1862 948 1941 igitur
967 1861 1041 1922 illuc
1063 1874 1105 1920 est
1125 1859 1235 1935 nobis,
1261 1870 1345 1938 quaet

126 1959 183 2039 ipsi
210 1957 249 2017 ab
277 1958 364 2018 initio
392 1942 571 2019 tetendimus
598 1974 626 2019 et
654 1959 829 2021 Adimantus
856 1980 909 2019 nos
937 1958 1077 2040 deinceps
1102 1959 1232 2037 itemque
1256 1956 1347 2017 Glauco

128 2057 247 2137 propius
268 2055 412 2131 adduxit,
435 2071 485 2130 ut,
513 2057 586 2136 quid
607 2059 639 2117 in
668 2058 765 2117 animo
792 2071 890 2117 nostro
910 2057 1026 2136 justitia
1054 2057 1111 2133 sit,
1142 2055 1273 2137 quidque
1296 2053 1346 2113 illic

127 2174 263 2234 praesens
282 2155 315 2213 in
336 2175 389 2213 nos
407 2152 529 2230 efficiat,
550 2154 744 2214 attendamus.
765 2157 855 2233 Cujus
884 2156 926 2214 rei
945 2177 1019 2234 quae
1038 2156 1077 2215 sit
1104 2170 1134 2216 et
1162 2168 1274 2234 quanta
1297 2170 1347 2212 can

126 2252 256 2331 gravitas
282 2264 344 2326 turp
370 2249 547 2326 difficultas,
580 2253 698 2332 penitus
725 2254 856 2334 percepit
883 2253 974 2315 Plato.
1015 2253 1183 2330 Socratem,
1221 2265 1255 2313 ut
1278 2252 1347 2312 iinen

128 2348 291 2407 disserendi
321 2360 440 2426 uterque
464 2351 586 2427 juvenis
614 2350 705 2426 fecit,
735 2351 777 2410 sic
806 2372 854 2411 eos
878 2351 1076 2432 alioquentem
1095 2351 1234 2414 induxit.
1276 2351 1347 2411 «Noa

127 2445 201 2503 maie
229 2438 261 2504 in
290 2466 359 2520 vos,
389 2445 446 2505 iiiii
475 2446 559 2506 illius
588 2448 665 2522 uiri,
695 2449 875 2531 principium
903 2450 1049 2530 elegorum
1075 2453 1244 2511 carminum
1260 2462 1350 2511 amator

127 2542 287 2602 Glauconis
307 2544 441 2624 scripsit:
464 2545 534 2623 qui,
555 2566 622 2605 cum
641 2547 673 2605 in
695 2547 858 2627 Megarensi
875 2549 986 2629 proelio
1005 2549 1121 2609 fortiter
1137 2549 1349 2631 pugnavissetit,

127 2640 206 2702 illud
226 2643 394 2722 usurpavit:

180 2747 184 2754 '
229 2733 556 2822 παῖδες”Αρίοτωνος,
577 2742 689 2803 κλεινοῦ
716 2745 801 2805 θεῖον
825 2740 908 2824 γένος
935 2738 1064 2827 ἀνδρός·

123 2843 190 2919 filii
219 2842 395 2917 Aristonis,
424 2846 536 2922 inclyta·
567 2852 630 2903 aira'
660 2847 799 2905 divinum
826 2869 932 2927 genus.
974 2847 1011 2908 ld
1029 2847 1124 2924 mibi,
1153 2850 1264 2925 amici,
1291 2861 1352 2908 reate

128 2938 239 2998 dictum
260 2938 388 3001 videtur.
415 2941 488 2999 Nam
506 2940 644 3002 divinum
664 2944 752 3023 plane
773 2945 856 3003 vobis
875 2945 1003 3022 accidit,
1022 2947 1048 3006 si
1067 2947 1154 3009 vobis
1172 2971 1237 3009 non
1255 2967 1351 3030 persua·

129 3038 242 3111 seritis,
262 3039 437 3115 injustitiam
461 3041 593 3117 justitiae
621 3057 782 3122 praestare,
803 3064 869 3102 cum
896 3045 938 3104 sic
966 3066 1020 3125 pm
1047 3044 1101 3104 illa
1122 3045 1227 3106 dicere
1245 3045 1350 3128 possitis

129 3132 282 3193 Videmini
308 3149 403 3194 autem
430 3136 502 3195 mihi
532 3137 565 3197 id
585 3139 727 3200 vobismet
755 3141 828 3222 ipsis
857 3162 916 3201 non
946 3144 1140 3223 persuasisse:
1170 3148 1351 3224 conjecturam

130 3231 214 3310 capio
232 3252 248 3290 e
265 3233 368 3292 vestris
385 3234 531 3292 moribus:
553 3239 689 3313 quoniam
709 3239 870 3299 secundum
889 3243 1048 3301 orationem
1075 3242 1171 3323 ipsam
1202 3244 1285 3305 vobis
1307 3241 1352 3301 mi-

129 3331 209 3388 nime
230 3328 428 3402 credidissem.
471 3332 536 3406 Quo
555 3348 649 3393 autem
671 3337 760 3415 magis
781 3337 886 3412 credo,
908 3359 942 3398 eo
961 3340 1068 3420 magis,
1094 3363 1153 3421 quo
1173 3362 1222 3402 me
1240 3355 1352 3411 vertare,

129 3427 253 3507 ambigo.
295 3429 367 3486 Nam
388 3430 531 3508 quomodo
554 3431 709 3509 adjuvem,
730 3436 844 3495 nescio:
867 3436 969 3497 videor
991 3439 1070 3498 enim
1087 3461 1150 3499 non
1182 3462 1282 3522 pme:
1309 3457 1352 3496 ne·

129 3546 185 3604 que
212 3547 329 3612 rursus,
351 3526 494 3605 quomodo
512 3550 696 3606 succurram,
715 3533 854 3593 invenio:
882 3529 1003 3596 ettam
1029 3530 1105 3624 γὰρ,
1127 3532 1174 3620 μή
1198 3534 1263 3600 oaid’
1286 3529 1352 3599 door

130 3614 152 3706 ᾗ
174 3618 412 3703 οἰαοαγενόμενον
433 3621 604 3712 δικαιοσύνῃ
621 3627 863 3719 κωοηγορουμὲνῃ
883 3631 1085 3718 ἀπαγορεύειν,
1108 3638 1159 3700 καὶ
1180 3636 1229 3724 μή
1243 3640 1350 3722 βοηθεῖν

130 3715 174 3783 ἔτι
197 3720 360 3801 ἐμπνέοντα
379 3726 430 3788 καὶ
459 3721 622 3807 δυνάμενον
642 3728 849 3813 φθέγγεσθαι·
869 3760 973 3799 aaran
989 3749 1090 3817 enim,
1111 3764 1150 3802 ne
1167 3752 1295 3822 impium
1310 3748 1347 3814 eit,

119 3835 186 3925 ¹at,
209 3835 263 3903 qua·
275 3834 438 3902 justitiam
459 3850 560 3889 aeram
578 3840 753 3911 vituperas-a·
771 3838 879 3913 audit,
901 3841 1130 3921 subterfigiet:
1151 3864 1208 3901 aaa
1226 3865 1282 3923 pra
1296 3849 1346 3918 ον*

132 3925 309 3998 defensione
326 3929 414 3984 verbo
423 3930 548 4004 sociat,
570 3935 714 4007 quamdiu
733 3942 854 4010 spirare
872 3949 902 3995 st
921 3940 1002 4016 toqrat
1014 3941 1216 3999 comeditur:
1243 3949 1346 4023 praestat

134 4022 224 4100 igitur
253 4044 314 4081 eam
340 4045 393 4105 pro
413 4025 525 4085 viribus
551 4049 759 4109 propugnare.»
784 4032 816 4113 2)
847 4036 927 4110 Quae
955 4056 1021 4095 cum
1048 4036 1196 4097 Socratem
1223 4039 1343 4099 dicentem

167 4331 485 4417 amamus

167 4414 198 4477 a)
217 4418 255 4469 re
272 4420 332 4487 οφ.
351 4419 382 4472 11.
400 4419 459 4472 ece.
473 4421 579 4474 a-c.
