2796 5048
667 205 725 265 489

67 368 198 425 nonne?
218 402 254 415 -
273 366 331 427 Est
341 367 470 428 omniuo.
491 406 526 417 —
548 369 665 429 Etenim
686 371 755 429 haec
775 372 837 452 ipsa
856 373 1028 434 consulendi
1047 375 1170 437 facultas
1188 377 1317 438 scientia-

65 463 212 544 quaedam
242 478 304 524 est:
334 486 395 525 non
425 466 503 526 euim
530 468 665 544 inscitil,
696 468 747 546 sed
774 469 914 546 scientia,
944 471 1076 533 homines
1104 473 1179 534 bene
1208 497 1309 534 consu·

66 562 614 646 lunt.-Perspicuum-Multiplex
637 588 705 626 vero
731 581 759 626 ct
780 567 860 627 varia
878 569 911 627 in
929 570 1048 630 civitate
1066 573 1187 631 seientia
1207 587 1257 632 est.
1275 605 1310 615 -

66 661 128 721 Est.
150 688 187 700 -
207 663 283 720 Num
311 676 429 743 propter
456 664 604 723 fabrorum
634 666 785 725 scientiam
813 667 928 746 sapiens
955 682 983 727 et
1012 668 1087 728 bene
1113 669 1245 729 consulta
1270 669 1307 725 ci-

67 759 144 819 vitas
174 758 376 840 appellanda?
397 761 541 820 -Nullo
567 763 654 822 modo
681 778 800 845 propter
826 764 923 840 istam,
944 764 995 824 sed
1026 768 1097 826 artis
1125 767 1241 827 fabrilis
1260 787 1308 847 pc·

64 858 131 916 rita.
167 898 200 909 -
228 859 293 917 Non
321 879 388 938 ergo
416 859 530 939 sapiens
565 860 744 941 appellanda
776 876 818 921 est
845 864 948 922 civitas
975 883 1012 921 ex
1041 885 1092 940 eo,
1123 863 1220 944 quod,
1252 885 1310 942 qua

63 957 178 1015 ratione
208 977 294 1034 quam
320 956 428 1036 optime
452 978 538 1037 opera
559 954 655 1038 lignea
676 943 885 1039 perficiantur,
906 960 980 1019 hene
997 962 1166 1021 consultet?
1190 946 1221 1001 4
1243 962 1308 1020 Non

61 1066 153 1114 certe.
175 1084 208 1095 -
229 1056 288 1113 Nec
317 1055 435 1113 fortasse
459 1055 544 1114 etiam
571 1070 689 1136 propter
719 1058 869 1117 scientiam
899 1059 1046 1118 fructuum
1066 1080 1081 1117 e
1102 1074 1177 1119 terra
1196 1059 1309 1139 produ·-

60 1151 243 1226 cendorum,
275 1151 326 1211 sed
351 1152 544 1232 agriculturae
569 1155 672 1233 perita.
693 1179 729 1192 -·
750 1155 797 1214 Sic
819 1156 932 1236 opinor.
953 1157 1089 1230 -Quid
1110 1160 1205 1217 vero?
1227 1172 1307 1216 estne

60 1253 163 1333 aliqua
191 1250 313 1312 scientia
343 1251 376 1309 in
406 1251 525 1311 civitate
553 1250 639 1311 modo
663 1274 679 1311 a
700 1253 785 1311 nohis
804 1252 922 1312 condita
941 1275 1029 1335 penes
1050 1257 1129 1315 cives
1148 1254 1305 1334 quosdam,

59 1372 118 1432 qua
149 1370 210 1409 non
239 1349 277 1407 de
302 1369 333 1406 rc
360 1348 457 1427 aliqua
487 1350 661 1429 privata'in
682 1351 801 1409 civitate
822 1350 1020 1427 deliberatur,
1041 1352 1092 1412 scd
1111 1352 1148 1412 de
1170 1353 1306 1411 universa

58 1450 268 1527 civitate‚q'ua
284 1446 394 1507 ratione
412 1461 441 1505 et
459 1447 522 1528 ipsa
540 1467 604 1526 erga
624 1462 714 1506 semet
731 1449 824 1529 ipsam
843 1462 871 1507 et
881 1470 946 1529 erga
957 1449 1030 1509 alias
1047 1451 1179 1509 civitates
1198 1448 1305 1528 optime

59 1568 122 1609 sese
151 1549 256 1627 gerat?
277 1573 312 1583 -
331 1545 384 1604 Est
412 1545 560 1604 nimirum.
584 1547 788 1619 -Quaenam
816 1546 887 1605 haec
917 1561 945 1606 et
973 1547 1005 1606 iu
1031 1548 1163 1627 quibus?
1185 1577 1218 1586 -—
1239 1545 1305 1626 Ipsa

62 1659 108 1706 eat
136 1643 322 1704 custodiendi
351 1645 455 1724 peritia
480 1657 512 1703 et
536 1645 568 1702 iu
597 1644 644 1702 his
674 1658 716 1703 est
741 1645 940 1725 principibus,
962 1666 1033 1723 quos
1060 1645 1146 1705 modo
1163 1645 1305 1726 perfectos

60 1740 202 1801 custodes
227 1742 449 1822 appellavimus.
469 1743 645 1822 -Propter
674 1741 750 1801 hanc
776 1762 842 1822 ergo
871 1742 1022 1802 scientiam
1052 1765 1109 1822 quo
1129 1743 1247 1801 nomine
1265 1743 1305 1800 ci·

61 1840 188 1903 vitatem
214 1843 392 1921 nuncupas?
412 1867 449 1878 -
468 1833 620 1919 Εὔβουλον
638 1839 688 1901 καὶ
707 1840 752 1925 τῷ
778 1834 841 1900 ὄντι
862 1829 976 1921 σοφήν·
1002 1844 1071 1899 haue
1087 1843 1256 1900 consultam
1276 1836 1306 1897 οἱ

60 1960 175 1997 revera
204 1946 379 2017 sapientem.
402 1984 434 1995 ..
456 1940 561 2000 Utrum
590 1942 688 2023 plures
717 1944 749 2002 in
775 1944 893 2004 civitate
920 1942 1017 2001 fabros
1046 1941 1188 2012 aerarios,
1218 1958 1304 2017 quam

59 2056 151 2098 veros
176 2035 262 2095 hosce
290 2037 440 2116 custodes,
470 2060 530 2098 esse
558 2043 667 2120 putas?
688 2068 723 2079 -
751 2041 848 2100 Multo
880 2054 956 2100 certe
982 2039 1081 2119 plures
1110 2036 1234 2095 aerarios
1263 2035 1303 2093 fa·

58 2133 142 2193 bros.
162 2157 199 2171 ··
219 2134 322 2195 Nonne
351 2151 380 2196 et
402 2151 595 2213 caeterorum,
616 2139 666 2217 qui
695 2162 711 2198 a
741 2141 881 2214 scientia,
903 2161 960 2218 qua
988 2136 1108 2210 valent,
1129 2155 1235 2194 nomen
1253 2133 1303 2191 ha·

59 2231 157 2306 bont,
187 2232 235 2290 illi
260 2235 426 2314 paucissimi
458 2239 570 2296 erunt?
599 2266 634 2277 —
664 2238 829 2297 Paucissimi
858 2257 936 2298 sane.
965 2273 1000 2283 —
1033 2234 1088 2320 Tap
1116 2227 1303 2313 σμικροτάτῳ

60 2322 128 2420 ἄρα
155 2324 239 2392 ἔθνει
268 2330 319 2393 καὶ
345 2327 430 2415 μέρει
455 2328 564 2415 ἑαυτῆς
591 2333 640 2394 καὶ
659 2336 701 2421 τῇ
717 2333 749 2395 ἕν
767 2329 864 2421 τούτῳ
885 2329 1050 2422 ἐπιστήμῃ,
1070 2333 1115 2421 τῷ
1138 2331 1303 2414 προεστῶτι

57 2428 113 2491 arui
142 2424 268 2513 ἄρχοντι
275 2471 289 2508 5
309 2428 365 2516 ὅλη
388 2427 486 2517 σοφή
501 2431 538 2497 ἂν
561 2433 607 2518 εἴη
624 2432 700 2498 uacci
719 2431 809 2517 φύσιν
828 2437 994 2499 οἰκισθεῖσα
1015 2432 1107 2512 πόλις·
1128 2435 1177 2497 καὶ
1195 2434 1301 2509 τοῦτο,

57 2528 105 2608 ὥς
125 2527 213 2611 ἔοικε,
235 2529 322 2618 φύσει
342 2532 488 2618 ὀλίγιστον
506 2536 633 2619 γίγνεται
656 2534 751 2619 γένος,
775 2530 959 2624 ᾦπροσήκιι
980 2532 1092 2621 ταύτης
1106 2539 1161 2620 τῆς
1179 2533 1302 2618 ἐπιστή-

55 2662 124 2720 μης
140 2632 380 2721 μιταλαγχάνιιι·
397 2635 436 2722 ἢν
449 2634 546 2722 μόνην
573 2643 622 2702 δεῖ
639 2642 700 2703 τῶν
719 2634 817 2702 ἄλλων
839 2640 1012 2722 ἐπιστημῶν
1032 2638 1166 2721 σοφίαν
1185 2641 1301 2700 καλοῖσ-

57 2744 137 2803 θαι·
167 2763 237 2823 orgo
263 2749 391 2807 minima
420 2745 550 2822 quadam
575 2756 666 2826 gente
692 2753 797 2823 ruique
820 2752 928 2820 porto,
949 2754 979 2801 at
994 2749 1143 2817 oriented,
1164 2763 1240 2819 quae
1264 2748 1298 2798 iu

54 2842 201 2921 praecido
224 2852 254 2900 et
278 2849 419 2919 principa
443 2855 534 2921 parta
557 2852 654 2917 ineat,
676 2852 739 2901 tota
758 2850 927 2920 sopiam
946 2849 1008 2899 erit
1026 2843 1189 2900 secundum
1209 2849 1297 2897 notu·

56 2962 131 2999 ram
151 2947 262 2999 civitas
286 2948 455 3000 instituta:
478 2952 568 3021 atqua
587 2945 638 3015 id,
659 2950 695 2998 ut
718 2942 858 3016 videtur,
879 2946 997 2998 natura
1010 2946 1232 3017 paucissimum
1252 2949 1297 2997 ert

56 3044 315 3117 νονὶιιίσιιιπισιιι
340 3062 456 3121 genua,
493 3049 545 3098 cui
572 3047 711 3099 convenit
736 3062 796 3098 οιιι
826 3042 920 3116 hujus
950 3047 1096 3098 scientiae
1122 3045 1278 3117 particeps
1288 3074 1304 3108 ‚-

56 3138 260 3219 quamtulam
279 3160 294 3196 ο
312 3147 442 3197 coeteris
460 3141 596 3198 carnibua
615 3141 697 3196 decet
716 3146 809 3215 sapi
818 3160 863 3197 an
874 3145 910 3196 ti
921 3162 939 3197 ιι
954 3161 984 3197 m
1002 3140 1191 3216 appellare.»
1218 3134 1247 3215 l)

330 3362 1039 3438 Ubinamincivitutcfortitudo?
1089 3357 1091 3361 ⁵

12 3647 15 3650 Α
101 3605 116 3635 ιι
128 3585 190 3642 Hoc
218 3584 324 3662 igitur,
351 3584 391 3641 sic
420 3585 514 3663 pergit
543 3583 680 3663 deinceps
699 3584 846 3659 Socrates,
870 3604 959 3641 unum
978 3603 993 3639 e
1012 3594 1135 3658 quatuor
1153 3578 1214 3638 illis
1234 3591 1293 3653 est,

52 3680 136 3761 quod
164 3681 262 3740 neseio
293 3681 435 3759 quomodo
461 3682 628 3741 invenimus
656 3703 722 3740 eum
748 3682 862 3762 ipsum,
884 3695 946 3738 tum
966 3702 1023 3759 quo
1043 3679 1106 3737 loco
1125 3678 1157 3738 in
1176 3679 1294 3740 civitate

14 3844 18 3851 ,
52 3780 214 3859 repositum
234 3780 289 3854 sit3
312 3778 453 3838 fortitudo
471 3792 585 3854 alitem,
605 3779 677 3858 quid
697 3780 759 3860 ipsa
779 3780 835 3854 sit,
856 3793 918 3837 tum
936 3798 993 3855 qua
1017 3777 1049 3836 in
1068 3791 1149 3858 parte
1167 3777 1295 3838 civitatis

51 3876 151 3950 adsit,
180 3898 237 3955 qua
266 3876 370 3937 civitas
398 3877 480 3935 fortis
509 3876 635 3936 dicenda
666 3878 722 3953 sit,
754 3900 814 3936 non
842 3876 999 3936 admodum
1028 3877 1151 3935 inventu
1169 3872 1294 3935 difficile

50 3989 107 4035 eat.
129 3975 316 4049 -Quonam
346 3978 454 4055 pacto?
470 3984 510 4018 '-
530 3976 670 4049 Quisnam
700 3975 738 4034 ad
767 3975 849 4035 aliud
876 3976 1036 4054 quidquam
1055 3974 1232 4055 respiciens,
1253 3973 1291 4029 ci·

50 4075 175 4148 vitatem
203 4073 251 4133 vel
278 4073 414 4154 ignavam
442 4073 489 4134 vel
517 4075 619 4133 fortem
651 4075 801 4150 nominet,
822 4096 908 4154 quam
927 4074 965 4133 ad
984 4095 1047 4133 eam
1067 4085 1197 4153 partem,
1218 4090 1291 4148 quae

50 4279 314 4290 ————-——-.-

87 4400 115 4469 1)
133 4403 173 4456 oa
189 4404 250 4474 σῳ.
269 4403 311 4457 rv.
330 4401 390 4456 aas.
410 4404 439 4456 a.
459 4433 492 4446 -
509 4404 567 4458 iac.
586 4406 619 4459 a,
