2796 5048
1260 321 1279 363 Ρ
1306 350 1314 364 .

223 396 265 453 dd
281 398 438 453 seos'tonoism
454 394 613 471 alendumque
629 408 657 458 in
674 408 763 458 nonnis
778 405 863 473 potori
880 418 986 489 mnornn
1004 419 1059 455 essns
1076 406 1167 457 mise
1280 336 1306 376 ²3

362 498 413 540 tesso
429 499 543 541 coeteros
560 502 627 544 ortes
643 495 790 546 narrandos
806 501 863 543 sont
878 494 1036 561 potissimum.
1278 491 1315 543 90

102 562 236 638 'Mnsioes
256 590 318 641 laus.
336 592 427 654 Quales
438 593 508 641 Pleto
524 598 551 642 et
566 598 656 658 potios
668 604 695 646 et
712 600 810 645 eeteros
827 596 942 656 eripiens
952 593 1053 642 voluit?

460 711 498 762 De
512 712 617 780 peloro,
634 719 699 784 qnod
714 716 833 785 speotnrit
849 714 930 765 Pluto.

122 813 308 861 Ciceronis
330 814 357 861 in
380 814 486 862 Oratore
501 814 572 863 loeus
589 818 749 881 praeclarus,
764 818 895 883 eipressus
912 832 927 864 o
943 816 1055 864 Platone.
1080 815 1144 879 Quid
1161 820 1259 879 praeter

78 900 199 963 pnlorsssn
214 899 362 947 imitandum
376 905 415 947 est
425 900 587 950 artificibus?
604 904 711 967 Tripton
727 905 753 952 in
766 903 907 968 judicando
924 900 1030 951 artificis
1044 916 1120 965 opere
1134 902 1257 965 quaestio.

82 985 153 1033 Plato
163 985 283 1049 pulonem
297 986 392 1033 morale
405 986 552 1035 eelebrevit.
571 988 716 1053 Agottonis
735 992 761 1039 et
776 989 893 1037 Socratis
904 988 932 1036 iu
949 986 1079 1051 Symposio
1091 1001 1228 1037 sermones.

310 1105 425 1156 Sntlisnis
442 1114 478 1157 est
494 1109 561 1175 opud
577 1106 703 1161 Plutonem
719 1110 825 1160 monime
842 1106 975 1175 disciplina
988 1105 1081 1175 potori.
1278 1106 1315 1158 91

117 1206 246 1258 Platonioa
270 1208 354 1273 pulcri
378 1209 494 1259 doctriua
515 1212 582 1260 uude
601 1211 716 1276 potitur?
739 1227 792 1275 quo
813 1209 933 1275 spectati
960 1209 1073 1258 Plutonis
1090 1208 1184 1275 scripto
1193 1209 1259 1272 fons

82 1295 172 1359 inere,
194 1310 278 1359 equo
294 1309 364 1343 suam
382 1296 534 1359 posteriores
546 1297 687 1347 doctrinam
701 1297 733 1346 de
752 1297 860 1361 pulcro,
881 1295 950 1359 quod
969 1295 996 1343 in
1015 1294 1112 1343 artibus
1130 1296 1258 1359 cernitur,

82 1379 221 1429 haurirent.
245 1379 358 1430 Platonis
377 1382 471 1447 scripta
493 1384 630 1449 imaginem
649 1383 818 1450 disciplinae,
839 1381 920 1447 positis
933 1387 960 1429 et
975 1380 1118 1431 oratoribus
1136 1382 1258 1445 traditas,

83 1467 206 1519 referunt.

202 1571 240 1622 De
256 1570 359 1638 diotopis
375 1570 502 1635 Platonis,
520 1573 615 1639 period
628 1570 714 1641 potori
727 1570 905 1641 philosophiam
921 1572 1044 1640 pertinent
1060 1572 1182 1641 prosimo-
1278 1568 1317 1623 sn

118 1673 148 1722 ln
168 1671 339 1734 Phaedro,
362 1673 538 1737 Symposio
559 1678 587 1723 et
611 1674 791 1724 Charmide
807 1673 1038 1740 quolesjuveussi’
1061 1674 1261 1738 qualessermo-

83 1758 146 1808 nesi
174 1758 278 1822 Dsspton
300 1758 411 1808 Platonis
430 1760 457 1807 in
480 1759 620 1808 scribendis
634 1759 788 1809 Phaedro
805 1765 832 1808 et
847 1760 1025 1825 Symposio
1042 1759 1184 1808 eonsilium.
1210 1757 1260 1805 Cur

86 1844 246 1894 l'lseootetnns
257 1845 387 1909 proposuit
398 1845 510 1909 eorporis
522 1844 606 1911 speeie
620 1845 703 1893 minus
711 1846 913 1895 commendatum
918 1845 1060 1910 juvenem?
1072 1845 1129 1893 alia
1140 1842 1259 1903 Finierat,

82 1930 132 1979 alia
147 1932 335 1996 posterioribus
344 1931 506 1995 ptitosopts's
520 1932 650 1981 doctrinae
667 1931 803 1981 tradendae
819 1933 891 1982 ratio.
910 1934 978 1996 Quae
987 1931 1131 1997 praeeipuo
1148 1928 1193 1975 dos
1205 1943 1259 1975 esse

82 2013 184 2064 ridetur
202 2017 352 2081 seriptorum
373 2018 505 2067 Plutonia?
527 2016 686 2080 Dialoporum
708 2018 765 2081 ejus
775 2019 865 2078 sonno
882 2016 983 2081 qualis?
1010 2014 1087 2079 Quale
1106 2014 1155 2063 ruit
1169 2029 1260 2061 ssoonsn

1 2123 2 2129 ¹
84 2103 188 2166 potssos
209 2097 303 2166 penus,
328 2104 370 2152 oui
390 2105 488 2153 studuit
503 2104 593 2153 Plato?
618 2102 808 2169 Philosophia&
829 2107 935 2171 μεγίστη
949 2098 1068 2169 μουσικὴ.
1090 2098 1213 2166 Vniporis
1232 2104 1259 2149 et

84 2203 160 2235 veros
173 2188 282 2237 musioes
300 2190 444 2239 discrimen.

391 2312 452 2362 DE
486 2310 685 2363 euicui
722 2270 1001 2363 stlssnuln.

306 2406 344 2468 ise
360 2418 493 2487 disciplina
509 2419 616 2482 omnis,
635 2435 699 2486 qnos
716 2419 750 2469 od
764 2416 849 2487 putori
865 2416 934 2467 dssoit
948 2414 1084 2465 seientiam.
1259 2414 1316 2466 100

119 2518 249 2567 Diotisssne
261 2521 384 2570 sermonis
397 2538 412 2571 a
427 2522 527 2570 Socrate
546 2520 620 2571 relati
637 2521 777 2571 scordium.

396 2625 433 2676 Dr
450 2626 542 2689 noenu
557 2634 659 2676 nntnro.
695 2624 738 2675 Eo
754 2624 889 2690 indipsntio
906 2623 995 2673 oritssn
1260 2616 1316 2671 102

120 2722 205 2786 Qualis
221 2722 264 2773 illa
282 2725 444 2793 indigentia,
463 2733 490 2775 et
507 2744 615 2791 querum
630 2743 714 2777 rorum
733 2726 846 2776 officiens
857 2698 951 2788 l¹Quid
965 2726 1215 2776 animadvertendum
1230 2723 1257 2771 in

85 2809 206 2858 liiotimee
224 2811 358 2861 sermone?
375 2813 434 2861 llira
448 2813 540 2862 auroris
559 2814 605 2862 vis.

322 2918 451 2980 Quaem
465 2917 615 2985 potissimum
631 2915 678 2966 illo
693 2924 766 2977 sunt,
784 2931 849 2982 qnos
866 2915 959 2981 oppetit
975 2914 1065 2965 omer?
1261 2910 1315 2963 103

117 3016 248 3089 Distisnoe
268 3020 390 3069 sermonis
406 3021 568 3084 progressio.
591 3016 689 3083 Duplex
700 3018 824 3082 portendi
838 3031 935 3064 sensus.
962 3016 1032 3067 idem
1050 3032 1132 3065 sermo
1139 3016 1205 3079 fosss
1218 3020 1258 3063 est
1306 3062 1315 3069 ,,

82 3104 282 3164 gmvissimorum
300 3106 459 3172 placitorum.
479 3104 547 3169 Quas
562 3104 610 3153 luit
629 3098 808 3153 Diots'nso?
824 3103 872 3151 Ars
883 3102 940 3165 ejus
953 3102 1097 3168 expiatoria.

185 3208 223 3259 De
239 3211 282 3259 oio
298 3218 322 3260 et
337 3212 447 3272 rosione,
464 3225 515 3277 qno
532 3208 652 3258 mosim
669 3207 787 3257 lnnissesn
803 3208 838 3258 nd
850 3207 936 3275 potori
952 3207 1082 3259 scientim
1097 3214 1197 3275 oportet.
1259 3202 1316 3256 tus

117 3310 248 3358 Distimoe
263 3311 385 3361 sermonis
406 3314 501 3361 enites.
532 3310 611 3373 Quale
635 3308 769 3357 discrimen
783 3309 851 3358 inter
868 3310 988 3367 Soornts'e
1003 3307 1031 3357 in
1049 3308 1164 3357 Phaedro
1178 3306 1253 3369 hym-

84 3410 145 3442 num
168 3401 196 3443 et
217 3398 347 3447 Distinsne
361 3397 520 3448 sermonem?
539 3395 706 3459 Philosophia
714 3394 804 3458 potori
816 3396 883 3460 apud
901 3396 1031 3445 Platonem
1049 3411 1099 3458 qua
1116 3410 1143 3443 re
1161 3391 1255 3441 distin·
1336 3426 1339 3433 .

82 3481 170 3543 guitur
187 3482 315 3546 evulgari
332 3479 499 3532 oesttsets'oo?
515 3484 592 3532 Asnor
605 3482 633 3530 in
649 3496 679 3529 ea
693 3481 772 3545 spirat
784 3485 811 3529 et
827 3481 977 3531 dominatur.

406 3587 444 3638 De
460 3586 582 3653 Symposii
598 3583 725 3635 Ptntonios’
737 3585 820 3648 formo
838 3592 861 3635 et
876 3584 981 3635 ratione.
1259 3577 1316 3630 110

113 3687 227 3737 Carmina
242 3688 391 3738 convivalia.
408 3688 517 3743 Σκόλια.
535 3687 776 3750 Xenophontss'
791 3688 918 3751 Symposii
934 3686 1006 3736 satin
1025 3684 1128 3749 Propria
1142 3680 1256 3731 Pleto-

78 3775 156 3822 sios'
170 3774 242 3824 ratio.
264 3760 414 3823 Sermonum
430 3773 558 3823 suooessio
572 3772 672 3836 qualis?
688 3773 744 3835 Quo
761 3777 873 3838 tempore
888 3774 1011 3837 seriptum
1027 3764 1258 3834 symposium?

80 3858 224 3908 Phaedri
238 3864 266 3907 et
280 3860 452 3925 Symposii
468 3860 614 3909 discrimen.
632 3858 715 3922 Spirat
729 3858 756 3906 in
770 3859 886 3907 munibus
904 3856 1025 3922 Symposii
1042 3853 1202 3903 sermonibus
1215 3866 1258 3914 po·

79 3946 141 3991 nius
162 3944 289 4009 Platonis,
313 3946 419 4002 marim
435 3947 537 3996 veroin
554 3945 693 3995 Diotimns.
716 3945 750 3991 Ex
763 3944 891 3993 amatoriis
912 3941 1071 3991 sermonibus
1086 3940 1180 3987 fluxere
1198 3951 1258 4001 pos-

78 4029 185 4079 teriores
199 4030 232 4079 de
244 4032 366 4081 onioits‘e
379 4032 570 4098 disputationes.
592 4031 778 4099 Ciceronis
799 4030 913 4079 Lnelisss.
932 4026 1074 4077 Assioits'ns
1092 4040 1152 4075 oum
1173 4036 1258 4072 onore

77 4116 241 4179 comparatio.
258 4117 450 4168 Ptntoroti
466 4119 498 4168 de
516 4119 624 4168 Platone
638 4112 774 4180 judicium.

596 4284 795 4313 βξ
