2796 5048
532 306 536 313 ,
566 220 567 225 '
642 236 708 299 -ιοι

58 402 198 484 plectitur
218 414 387 478 utrumque3
408 400 463 461 boc
478 419 575 461 coram
592 399 708 461 homine
721 399 867 461 facundus
885 399 919 461 fir
941 400 1036 461 stanin
1056 413 1084 460 et
1102 396 1283 460 sermonibus

59 498 192 561 mundat
204 498 244 559 de
255 500 363 561 virtute
377 497 482 577 deque
484 520 532 575 eo,
546 498 661 578 qualern
676 511 873 578 esseoporteat
882 499 978 560 virum
987 494 1103 591 bonum·
1103 512 1133 581 et
1143 518 1283 576 quaenam

58 582 178 679 explere
196 595 308 670 officia,
327 610 355 657 ct
372 611 475 677 sponte
492 598 533 657 sie
551 618 617 656 eum
635 597 751 657 erudire
767 596 873 659 studet.
897 584 1111 676 Ἀνπόμινος
1092 580 1202 679 yoiq,e
1185 588 1217 657 ei
1272 641 1282 670 ,

58 688 226 763 roi‘aotoi
244 692 293 755 eoi
314 690 427 775 ὁμιλῶν
444 689 541 781 αὐτῷ,
563 692 584 757 ri
603 688 728 757 atta
713 687 841 769 miror
822 692 908 759 τίκτει
928 697 977 759 ναὶ
996 698 1092 784 γεννᾷ,
1113 697 1163 759 καὶ
1178 690 1284 817 rapio

58 796 106 861 ui
119 791 209 859 rinoir
213 795 422 893 μεμνημένος,
436 797 485 861 καὶ
498 821 533 861 re
527 793 685 879 γεννηθὲν
701 795 883 881 σανικιρέᾳιι
901 801 984 888 κοινῆ
995 824 1049 880 μετ
1048 791 1234 874 ‘incirco,“
1207 820 1282 862 ωστι

58 894 133 965 univ
146 884 245 979 μιίζιιι
264 899 414 962 mercarier
434 900 489 984 τῆς
509 923 571 962 των
590 897 705 961 παίδων
725 923 802 983 προς
822 896 1012 984 oiiiq'lo'ort
983 926 1012 965 or
1023 902 1149 965 τοιοῦτοι
1164 897 1282 982 ἴσχουσι

58 1002 105 1065 teri
132 1000 236 1087 φιλίαν
261 999 461 1087 βεβαιοτέραν,
488 996 538 1064 ἅτε
544 995 738 1064 aatbioov
747 1002 797 1065 rai
829 999 1069 1089 n'Strararriporr
1094 1003 1209 1068 cotim
1234 1027 1281 1067 κι-

58 1101 275 1188 compariter.
318 1107 398 1167 Nom
427 1117 597 1180 assecutor,
624 1113 746 1182 opinor,
762 1111 908 1184 pedorum
936 1121 965 1169 et
979 1119 1093 1170 eirena
1119 1132 1187 1169 cunt
1206 1132 1236 1168 ao
1254 1119 1283 1168 et

58 1210 247 1289 colloquens,
267 1229 458 1288 quaecunque
480 1214 654 1298 conceperat
680 1208 846 1282 quondam«,
871 1216 961 1285 parit
987 1219 1017 1267 et
1042 1216 1166 1292 gignit,
1195 1208 1284 1269 ittera

58 1318 125 1367 tm
152 1310 303 1382 absentia,
333 1327 423 1385 quarn
447 1310 621 1382 merentia
650 1324 779 1362 nwmorr
810 1307 941 1385 quodque
958 1328 1005 1364 aa
1034 1309 1086 1366 icoo
1114 1315 1284 1365 animorum

58 1428 224 1487 congrecati
251 1415 359 1463 notum
389 1413 450 1478 ert,
482 1408 586 1460 namt
607 1423 677 1459 cunt
703 1403 757 1460 ilio
783 1412 981 1462 communitor
1003 1415 1034 1464 et
1061 1408 1186 1465 educat:
1207 1404 1286 1462 unde

58 1513 296 1565 communionem
316 1505 349 1561 ii
368 1503 452 1583 longa
471 1508 632 1560 arctiorem
650 1501 880 1579 firmioremque
897 1511 1069 1562 amicitiam
1087 1504 1285 1577 contrabant,

58 1598 154 1683 qaam
181 1609 236 1682 qni
263 1603 369 1660 liberor
385 1610 604 1678 procrearunt,
619 1602 726 1674 forma
749 1607 858 1678 quippo
872 1603 1043 1678 pulcriores
1059 1611 1213 1683 magisque
1230 1609 1286 1660 im·

58 1702 207 1763 mertolo·
226 1722 393 1760 commoneo
410 1701 580 1759 babentes.»
607 1694 637 1777 l)

99 1800 159 1861 His
187 1800 348 1880 perceptis,
376 1798 520 1859 neminem
549 1816 609 1855 csse
635 1795 776 1871 arbitror,
805 1795 877 1873 'quin
906 1798 1021 1877 penitus
1046 1800 1106 1877 jam
1135 1800 1289 1880 perspiciat

58 1892 272 1978 condecentior
291 1897 452 1958 Socraticae
469 1895 530 1956 vim
556 1907 584 1952 ct
602 1891 817 1952 sublimitatem.
858 1892 938 1953 Sed'
929 1895 1015 1955 initia
1033 1897 1141 1977 pariter
1158 1898 1289 1957 continet

58 2000 135 2061 haec
154 1999 296 2059 Diotimae
324 1987 457 2055 doctrina
483 1991 654 2073 placitorum
673 1991 922 2069 gravissimorum,
949 2013 1021 2071 quae
1048 1995 1080 2055 in
1107 1994 1290 2077 philosophia

58 2109 222 2159 nccmnunt
238 2093 374 2155 Platonis.
396 2094 438 2150 Ne
457 2087 607 2153 dicende
625 2090 786 2149 dialectica
804 2088 1088 2171 philosophi,quam
1107 2114 1143 2153 ex
1163 2093 1209 2154 his
1228 2115 1288 2153 mu-

58 2198 118 2259 tuis
148 2194 255 2276 repetit
281 2191 438 2251 amantium
464 2186 659 2262 sermonibus,
686 2200 745 2249 tota
772 2186 825 2251 illa
844 2210 993 2271 μαιιντινη
987 2182 1177 2266 Socratica,
1205 2185 1291 2271 quarn

58 2294 181 2376 scriptis
198 2278 258 2351 suis
281 2289 411 2351 certatim
436 2285 623 2349 celebrabant
641 2284 796 2362 Socratici,
825 2311 861 2351 cx
884 2290 930 2349 his
948 2305 990 2351 est
1016 2290 1151 2352 ducenda
1174 2289 1291 2370 placitis

58 2393 96 2454 de
123 2391 254 2472 corporis
273 2387 419 2466 animique
445 2386 557 2445 ratione
581 2387 777 2445 carnizarii
801 2395 994 2469 ingeniorum
1006 2392 1190 2466 fertilitate.
1231 2389 1290 2449 Nee

58 2510 133 2552 vcro
152 2486 361 2547 ullusexstare
378 2483 496 2545 videtur
514 2485 546 2543 in
565 2483 679 2563 scriptis
698 2484 825 2545 Platonis
844 2486 943 2562 locus,
961 2490 1012 2568 qui
1031 2489 1193 2549 animorum
1207 2486 1292 2547 nobis

57 2586 309 2651 immmtalitatem
322 2583 466 2645 efficacius
480 2581 658 2664 persuadeat.
689 2581 746 2643 Sed
761 2583 800 2643 de
817 2584 864 2643 bis
877 2586 1011 2645 omnibus
1031 2587 1121 2646 infra.
1149 2587 1206 2645 Hic
1224 2606 1292 2647 vero
1369 2630 1372 2637 .

58 2696 365 2762 memoremus,'quae
383 2680 469 2741 dictis
487 2679 594 2757 adjecit
612 2680 745 2741 Diotime.
796 2684 942 2743 «Pariunt
958 2685 998 2742 sic
1009 2685 1134 2763 ,inquit
1144 2726 1153 2759 ,
1174 2683 1291 2764 ingenia

58 2804 143 2847 aava
161 2781 259 2843 omnia
276 2795 305 2841 et
322 2778 485 2861 praeclara:
507 2777 606 2857 quales
623 2777 715 2839 foetus
739 2781 933 2860 unusquisque
951 2781 1039 2863 magis
1056 2782 1112 2841 sibi
1132 2794 1292 2863 exoptaret,

58 2903 151 2965 quiam
169 2880 320 2941 humanos.
350 2876 535 2957 -llujusmodi
552 2875 680 2957 prolem,
700 2877 816 2958 ingenio
835 2893 963 2959 partam,
985 2901 1050 2940 cum
1069 2881 1208 2940 Homerus
1226 2878 1292 2939 reli·

58 2982 128 3062 quit
146 2992 178 3041 et
196 2977 356 3053 Hesiodus,
377 2996 448 3057 quac
462 2975 650 3037 immortalem
669 2975 738 3055 ipsis
751 2975 872 3056 gloriam
888 2978 1077 3054 conciliarit,
1092 2992 1153 3039 tum
1172 2975 1291 3058 Spartae

58 3079 236 3162 lycurgus,
255 3097 330 3155 quae
355 3074 473 3156 Spartae
500 3073 642 3135 servatrix
661 3073 719 3133 fuit
747 3088 775 3134 et
804 3077 953 3161 universae
973 3079 1033 3137 sere
1052 3076 1206 3151 Graeciae,
1230 3088 1293 3135 tum

58 3177 192 3241 Athenis
218 3173 307 3235 Salon
334 3174 431 3235 etalii
448 3171 521 3233 alibi
538 3171 617 3252 apud
635 3169 757 3232 Graecos
782 3174 887 3254 passim
906 3189 934 3234 et
951 3175 1088 3236 barbaros
1097 3221 1106 3251 ,
1127 3174 1176 3254 q'ui
1194 3172 1293 3233 multis

58 3274 281 3360 praeclarisque
302 3272 438 3354 operibus
455 3272 488 3331 in
506 3269 599 3329 lucem
619 3270 723 3344 editis,
737 3272 833 3333 uillas
850 3295 912 3333 non
930 3275 1052 3334 virtutes
1068 3285 1292 3355 progenuerunt.

59 3372 192 3454 Templa
209 3373 247 3435 iis
264 3385 294 3431 et
311 3392 391 3431 sacra
409 3383 525 3451 prepter·
544 3368 615 3429 tales
638 3382 719 3429 natos
737 3369 832 3431 dicata
854 3386 921 3432 sunt
942 3371 1084 3454 plurima:
1105 3385 1222 3452 propter
1240 3370 1292 3429 bu·

61 3493 169 3534 manos
184 3491 270 3545 vero,
291 3469 406 3528 nulla.»
431 3465 462 3548 2)

104 3573 182 3631 Tam
200 3567 332 3627 sublimis
350 3580 392 3625 est
414 3579 442 3625 et
460 3565 548 3623 ferme
573 3563 676 3623 divina
705 3564 774 3623 haec
794 3567 935 3626 Diotimae
955 3565 1130 3647 disputatio,
1152 3582 1201 3643 ut,
1222 3587 1294 3646 quac

63 3668 220 3729 tandem
212 3688 273 3748 ipsa
301 3665 406 3738 fuerit,
427 3684 527 3744 operae
552 3663 677 3755 pretium
705 3661 838 3722 videatur·
865 3667 1022 3759 exquirere.
1064 3665 1177 3724 Sacram
1207 3665 1294 3724 fuisse

65 3767 240 3840 mulierem,
261 3778 289 3824 et
307 3777 418 3838 vatem,
446 3776 474 3820 et
492 3760 638 3822 vaticiniis
656 3761 802 3842 praeclare
825 3764 959 3823 meruisse
987 3761 1022 3821 de
1049 3763 1293 3838 Atheniensibus,

105 4132 149 4168 am
167 4116 344 4179 recentiores,
364 4130 472 4183 quorum
491 4111 585 4180 singuli
603 4111 658 4161 sere
674 4111 707 4162 ad
729 4125 821 4163 sensns
841 4109 1046 4162 euosPlatoncm
1061 4096 1294 4162 accommodarunt

94 4209 195 4254 eternm
214 4194 273 4251 loc'a
291 4207 469 4269 apposuerant
489 4199 589 4269 intpp„
611 4197 639 4247 in
655 4196 743 4264 primis
764 4196 850 4256 Artius
873 4203 900 4246 et
916 4211 980 4247 vero
1001 4197 1165 4261 Reqoderrurr
1184 4202 1292 4258 noster,

67 4299 173 4354 nuper,
193 4285 275 4339 elren!
293 4285 368 4337 nobis
390 4294 416 4337 et
437 4282 539 4335 erudito
559 4281 615 4333 orbi
638 4281 733 4334 acerbo
753 4282 806 4332 fato
823 4290 935 4348 ereptus.
971 4280 1024 4337 llos
1043 4298 1132 4334 eorum
1151 4279 1214 4333 nibil
1234 4280 1257 4331 h.
1277 4281 1295 4332 l.

66 4373 224 4441 attigimur,
243 4372 339 4438 quippe
356 4387 424 4423 nune
441 4371 518 4423 nniee
536 4376 683 4436 spectantes
705 4367 846 4419 Platonem.

109 4453 137 4519 2)
154 4457 216 4508 Eoo
234 4454 295 4508 200.
312 4455 343 4507 Ε.

58 4028 131 4252 bl)
149 4031 231 4097 Syarp.
249 4025 306 4077 me.
326 4023 355 4080 C.
392 4024 608 4094 Frequentissinre
624 4025 688 4077 haec
703 4024 761 4076 loca
784 4033 938 4091 usurparunt
956 4024 1082 4077 Platonici
1100 4034 1151 4076 tam
1168 4032 1292 4086 veteres,
