2796 5048
844 169 854 204 t

671 210 739 269 191·

54 346 285 456 ,me-finiunt
303 356 440 447 facetiae,
461 373 539 449 joci,
561 391 658 431 sensus
678 372 752 432 varii
776 371 947 448 effectusque
956 367 1123 461 ‚anlimes
1147 366 1191 425 illi
1211 366 1316 427 suliin-

64 490 119 554 30,
137 473 218 534 sed
233 485 333 554 sponte
350 470 473 552 prolati:
496 471 570 528 inest
590 491 656 530 vero
675 469 781 529 iisdem
799 481 827 526 et
845 467 935 525 multo
953 466 1020 525 sarie
1044 467 1150 545 magis,
1161 486 1264 561 “quam
1283 467 1315 525 in

71 574 261 645 ,minorum
289 571 520 650 tragicorumque
554 569 679 645 fabulis,
709 566 910 650 philosophia,
940 562 1023 625 'verae
1046 564 1225 643 eloquentiae
1247 585 1317 646 pro-

76 669 225 743 creatrix.
265 670 382 749 Egimus
407 669 468 746 jam
497 668 563 725 satis
589 669 651 726 fuse
671 668 708 727 de
737 666 899 744 eloquentia
930 663 1145 737 Demosthenis,
1172 664 1317 743 attigimus

13 776 29 841 ζ
81 781 149 839 irem
168 767 262 826 simul
281 767 465 827 dramaticem
485 765 622 824 dictionis
648 767 803 837 rationem,
824 784 897 841 quae
916 763 1051 840 frequens
1070 761 1148 842 apud
1168 783 1232 820 eum
1258 776 1316 836 est,

24 852 33 907 '-
93 866 142 934 ssd
157 864 352 923 dramaticus
379 864 466 941 hujus
488 871 619 921 rationis
637 865 713 936 vim,
735 884 807 941 quae
827 860 991 939 hujusmodi
1012 874 1052 918 est
1063 906 1071 934 ,
1095 873 1206 918 utnon
1224 863 1317 943 scrip-

42 1012 45 1017 .
98 984 155 1029 um
181 963 267 1023 nobis
294 963 387 1042 legere
417 963 574 1039 orationem
601 961 769 1035 videamur,
801 960 850 1020 sed
880 961 974 1039 ipsum
998 959 1148 1017 audiamus
1178 974 1317 1020 oratorem

100 1068 272 1141 loquentem,
293 1061 351 1121 imo
379 1060 589 1140 colloquentem
608 1060 811 1139 interrogando
832 1056 1089 1137 respondendoque
1109 1079 1173 1116 cum
1193 1059 1318 1119 audien-

112 1161 193 1230 itu,
209 1159 281 1218 hanc
297 1161 321 1219 si
337 1160 499 1237 quaerimus
518 1158 597 1218 uude
616 1158 756 1232 duxerit,
781 1159 905 1230 fontem,
926 1155 1003 1214 unde
1021 1156 1136 1231 hausit,
1156 1179 1215 1216 non
1229 1158 1318 1216 alium

116 1256 227 1337 reperio,
257 1258 314 1317 nisi
345 1257 453 1335 dialogi
485 1256 627 1315 Platonici
654 1256 803 1315 rationem.
844 1256 969 1314 Exstant
996 1255 1028 1312 in
1053 1256 1114 1332 ejus
1141 1258 1321 1317 orationibus

118 1352 238 1434 colloquia
261 1357 353 1416 sormi
380 1367 407 1412 et
434 1355 543 1413 ratione
571 1376 687 1435 prorsus
714 1354 872 1414 Platonica.
920 1347 996 1432 Φέρε
1021 1347 1094 1432 γάρ,
1126 1358 1165 1415 ait
1192 1357 1227 1414 in
1255 1378 1321 1416 ora-

120 1452 182 1511 tione
212 1455 246 1514 de
279 1455 365 1514 rebus
400 1452 586 1526 Chersonesi,
617 1452 682 1511 ubi·
708 1453 865 1514 socordiam
896 1457 1020 1536 exagitat
1049 1458 1156 1518 civium
1187 1479 1319 1518 suorum:

121 1542 179 1629 piot
198 1547 262 1637 γάρ,
292 1545 370 1634 πράς
396 1543 484 1624 Διός,
512 1543 643 1632 εἰλόγον
668 1544 746 1629 ὑμᾶς
777 1546 965 1634 ἀπαιτήσειαν
989 1551 1017 1614 οἱ
1035 1547 1167 1636 Ἕλληνες
1194 1548 1235 1618 ὦν
1259 1558 1321 1619 νυνὶ

119 1650 247 1734 παρείκατε
273 1653 383 1736 καιραῖν
415 1645 468 1713 isi
493 1649 660 1736 ῥᾳθυμίαν,
687 1653 735 1714 καὶ
757 1650 868 1734 ἔροινθ’
888 1651 979 1734 ὑμᾶς,
1006 1650 1135 1738 «ἄνδρες
1154 1654 1321 1740 Ἀθηναῖοι,

120 1746 221 1832 πέμπετε
243 1751 283 1832 aig
303 1749 384 1838 ἡμᾶς
406 1749 542 1816 ἑκάστοτε
564 1751 713 1838 πρέσβεις,
736 1756 784 1817 καὶ
804 1753 898 1839 λέγετε
921 1754 962 1833 οἷς
983 1755 1158 1840 ἐπιβουλεύει
1179 1762 1323 1840 Φίλιππος

119 1847 177 1936 ἡμῖν
197 1859 242 1922 καὶ
267 1854 360 1921 ἅπασι
385 1861 446 1933 τοῖς
467 1850 606 1939 Ἕλλησι,
633 1858 681 1921 καὶ
707 1853 748 1933 οἷς
773 1855 975 1942 φυλάττεσθαι
997 1858 1318 1947 istitutionem»

119 1957 158 2019 tsi
173 1957 259 2025 πάντα
279 1958 316 2025 τά
339 1960 474 2035 τοιαῦτα,
496 1954 605 2042 άνάγκη
628 1956 810 2042 φάσκεινκαί
827 1959 993 2045 ὁμολογεῖν·
1016 1968 1152 2043 ποιοῦμεν
1172 1964 1229 2051 γάρ
1250 1972 1323 2032 ταῦ-

119 2082 155 2121 tu.
179 2059 273 2141 «Εἶτ’,
296 2058 322 2126 ὦ
344 2057 463 2124 πάντων
484 2058 657 2146 α’νθράπιον
684 2059 877 2146 φαυλότατοι,
905 2063 976 2128 δέκα
996 2070 1092 2150 μῆνας
1112 2065 1324 2152 ἀπογενομένου

119 2157 348 2256 τάνθρώπουκοιὶ
368 2161 446 2250 νόσιρ
467 2164 515 2227 καὶ
541 2169 665 2248 χειμῶνι
688 2167 736 2228 καὶ
760 2163 898 2249 πολέμοις
921 2165 1163 2254 ἀποληφθέντος,
1187 2168 1261 2237 tien
1277 2172 1323 2261 μή

119 2256 298 2333 άνδάνασθαι
316 2268 488 2331 ἐπανελθεῖν
507 2265 617 2345 οἶκαδε,
637 2263 702 2331 οὔτε
724 2264 779 2351 την
800 2266 928 2352 Εὔβοιαν
947 2267 1183 2358 ἠλευθερώσατε,
1204 2271 1270 2340 οὔτε
1282 2316 1322 2330 —

120 2366 158 2428 sei
181 2368 302 2457 φανεράν
329 2364 521 2452 πεποιήκατε,
552 2366 597 2434 ὅτι
629 2367 692 2434 otid'
716 2368 753 2434 άν
780 2370 892 2450 δεκάκις
921 2371 1080 2464 ἀποθάνῃ,
1106 2375 1192 2441 otidis
1213 2384 1326 2460 μᾶλλον

120 2462 186 2550 ὑμεῖς
206 2500 236 2558 γε
262 2470 428 2557 κινήσεσθε.
454 2473 495 2534 Τι’
518 2468 570 2536 οὖν
593 2470 790 2557 πρεσβεύεσθε
817 2477 865 2538 καὶ
888 2483 1073 2562 κατηγορεῖτε
1096 2481 1144 2542 καί
1167 2479 1326 2564 πράγμαθ’

123 2565 182 2654 ἡμῖν
202 2573 343 2660 παρέχετε
349 2602 358 2653 ,·
371 2603 385 2636 u
412 2573 447 2639 ἂν
471 2576 573 2648 ταῦτα
585 2573 704 2658 λέγωσι,
726 2576 757 2638 τί
774 2577 900 2662 ἐροῦμεν
917 2576 939 2662 ἢ
959 2580 991 2642 τί
1009 2577 1155 2663 φήσομεν,
1178 2577 1327 2671 αῖάνδρες

122 2676 269 2762 Ἀθηναῖος
292 2675 352 2762 ἐγώ
373 2677 440 2760 ,μὲν
467 2676 524 2763 γάρ
552 2674 609 2759 οὐχ
634 2674 712 2761 tiqui·
756 2704 810 2763 age
834 2676 905 2742 ‘isere
925 2705 984 2761 per
1004 2686 1125 2761 qusm,
1146 2695 1174 2746 si
1192 2699 1327 2751 rationes

124 2796 162 2838 stt
178 2786 294 2844 reddere
316 2784 426 2842 Graeci
435 2785 585 2861 juberent
605 2791 878 2861 opportunitatum,
899 2803 974 2860 ques
987 2804 1046 2860 per
1063 2788 1226 2846 socordiam
1244 2811 1326 2849 nunc

124 2882 299 2959 mgisetstts,
330 2904 365 2941 uc
392 2892 538 2964 regarent
569 2903 637 2941 uos:
671 2903 685 2936 ιι
696 2888 839 2956 mittitis,
869 2904 885 2940 ο
917 2880 1134 2959 Athenienses,
1163 2884 1326 2956 identidem

124 2976 156 3032 fld
167 3000 214 3040 nos
233 2980 360 3065 legatos,
380 2983 543 3060 dicitisque
559 2978 739 3058 Philippum
756 2983 837 3039 nohis
852 2986 1036 3058 eaeterisque
1055 2981 1178 3044 Graems
1192 2988 1327 3049 omnibus

125 3076 234 3140 inridier
253 3090 393 3155 struere,
415 3083 578 3138 cauendum
603 3091 704 3138 autem
724 3082 760 3138 ab
779 3081 896 3137 homine
915 3101 1000 3138 esse»
1024 3090 1053 3138 et
1072 3085 1188 3142 similia
1206 3095 1326 3154 omnies

125 3188 164 3228 Μ’
178 3181 293 3254 quidem
309 3179 466 3259 affirmare
485 3190 514 3237 ei
531 3180 669 3256 confiteri
688 3189 854 3256 oporteret:
867 3180 1009 3254 facimus
1024 3179 1057 3236 id
1075 3188 1163 3241 enim.
1190 3184 1326 3263 «Atqui,

127 3284 300 3354 venerant,
331 3296 347 3335 ο
375 3282 507 3336 omnium
536 3279 688 3336 hominum
716 3279 876 3352 uilissimi,
898 3294 989 3355 quum
1007 3298 1067 3353 per
1093 3276 1189 3338 decem
1214 3304 1327 3343 menses

125 3364 219 3433 theseos
242 3378 323 3436 homo
350 3379 509 3450 et'marho,
531 3377 755 3452 tempestatibus
773 3396 807 3433 ac
827 3377 913 3434 bellis
930 3376 1148 3452 impediretur,
1170 3388 1328 3456 quominus

126 3460 225 3532 lenum
246 3484 347 3552 posset
375 3482 508 3548 reuerti,
535 3497 583 3533 uos
611 3493 703 3552 neque
727 3472 875 3532 Euboeam
902 3480 937 3530 iu
962 3474 1131 3532 libertatem
1149 3478 1328 3541 vindicastis

124 3577 204 3640 ”tue
219 3612 254 3624 -
271 3581 329 3632 ime
357 3594 425 3632 uere
438 3575 650 3650 patefaciatis,
672 3581 792 3630 etiamsi
810 3574 856 3629 ved
873 3573 968 3630 decies
986 3580 1156 3630 moreretur
1172 3583 1229 3635 iste
1239 3623 1247 3653 ,
1269 3602 1327 3639 nan

122 3676 209 3745 sagi,
234 3693 283 3731 vos
309 3681 423 3730 matum
451 3678 516 3729 iri:
537 3673 610 3749 quid
637 3678 741 3751 igitur
770 3673 881 3750 legatas
906 3670 946 3726 od
973 3691 1025 3727 nos
1044 3677 1171 3731 mittitis
1188 3684 1218 3732 ei
1234 3683 1328 3752 istum

120 3772 260 3829 *cuiatis
287 3779 317 3828 et
345 3772 428 3828 nohis
456 3771 607 3828 molestius
617 3767 783 3845 facitisPu
807 3767 847 3825 Id
866 3775 893 3826 si
911 3768 1061 3844 dicerent,
1082 3774 1156 3847 quid
1174 3792 1226 3832 nos
1244 3777 1328 3834 habea

118 3868 229 3944 '‘mus,
256 3891 272 3927 ο
300 3870 517 3943 Athenienses,
548 3870 623 3946 quod
649 3869 814 3927 diceremus
840 3889 875 3924 oe
894 3868 1160 3943 responderemus?
1180 3872 1328 3950 Equidem

115 3968 161 4012 '⁰⁷2
199 3968 289 4027 uideo.
316 3963 345 4046 l)
386 3965 526 4025 Similiter
545 3980 572 4025 et
589 3967 621 4024 in
639 3966 704 4024 eliis
722 3966 900 4026 orationibus
919 3979 947 4025 et
965 3967 997 4024 in
1013 3966 1186 4049 Philippicis
1204 3973 1327 4051 passim,

113 4044 204 4125 Pluti
235 4064 288 4125 ubi
303 4063 516 4125 Aristodemum
535 4064 718 4144 demagogum
737 4065 881 4144 exagitat:
903 4064 1076 4144 colloquitur
1095 4087 1160 4124 cum
1179 4089 1211 4126 eo
1229 4070 1328 4131 eedem

112 4137 216 4239 lane,
246 4184 302 4243 qua
330 4161 408 4244 apud
437 4161 658 4243 Xenophontem
677 4177 705 4223 et
724 4163 873 4255 Platonem
888 4162 1032 4238 Socrates,
1062 4165 1182 4225 ratione.
1224 4169 1327 4230 Orato-

109 4293 362 4331 Nm...-

115 4385 155 4459 1)
188 4413 259 4466 Dein.
277 4403 345 4487 περὶ
366 4405 426 4467 τῶν
452 4403 483 4464 ἓν
504 4400 626 4495 Χεῤῥον.
644 4410 686 4463 98.
706 4411 736 4462 Ι).
