2796 5048
649 213 708 272 515

63 395 96 442 ut
125 394 155 439 et
181 380 241 459 ipse
272 377 396 439 affirmat
415 395 443 441 et
462 379 665 475 Xenophontis
685 379 849 461 exemplum
867 337 967 454 docet,
988 380 1039 459 qui
1057 380 1109 440 vix
1127 377 1283 460 quidquam

60 481 96 541 ιιι
115 458 270 589 politicis,
286 490 397 559 praeter
424 468 740 538 Lacedaemonior'um
732 479 882 553 instituta,
902 476 1022 538 laudare
1046 477 1164 539 solebat.
1204 478 1286 539 Plato

61 598 135 639 vero
164 589 363 655 rn'·ut1aque,
382 578 587 656 maximeque
588 577 621 636 in
648 575 890 651 Lacedaemonia,
920 589 951 636 ut
970 595 1017 634 ex
1024 575 1069 634 bis
1089 575 1159 637 loeis
1177 576 1285 639 intelli·

59 677 163 759 gitur,
192 695 258 735 cnm
287 695 399 734 morum
418 674 575 752 duritiem,
604 688 665 734 tum
694 675 766 743 belli
783 673 912 735 studium
930 673 1118 755 reprehendit
1136 674 1285 742 vehemen-

59 788 109 835 ter
118 819 127 850 ,
138 762 358 855 persecutusque
366 816 376 848 ,
392 794 464 852 quae
484 772 533 833 hic
549 720 754 848 inchoaverat,
775 773 807 832 in
824 793 909 854 opere
925 773 961 830 de
978 770 1108 851 Legibus
1124 786 1175 834 est.
1201 771 1286 848 Quod

60 874 193 933 maxime
220 869 336 930 videtur
361 872 539 948 tenendum,
560 872 583 930 si
602 893 675 953 opus
690 870 768 931 illud
787 885 862 931 recte
883 871 1005 950 velimus
1023 870 1195 950 intelligere.
1235 870 1284 930 sie

59 972 195 1044 factum,
217 983 249 1028 ut
267 971 299 1060 in
316 967 431 1051 dialogo
449 970 562 1031 Cliniae
585 971 715 1031 Cretensi
738 985 768 1030 et
791 964 1153 1050 Megillo'lacedaemonio
1171 966 1285 1027 tertiam

60 1069 239 1149 adjungeret
266 1088 435 1149 personam,
462 1068 604 1151 hospitem
630 1069 855 1144 Atheniensem,
883 1088 941 1147 quo
969 1066 1172 1146 semetipsum
1199 1064 1287 1144 sigui·

60 1167 169 1227 iicasse
196 1163 332 1242 videtur,
364 1166 528 1228 universam
552 1180 646 1227 autem
672 1165 896 1246 disputationem
922 1186 939 1224 a
958 1164 1136 1224 Cretensium
1155 1184 1186 1222 ac
1204 1163 1289 1223 Lace·

59 1263 287 1345 daemoniorum
304 1262 416 1343 legibus
433 1263 570 1338 duceret,
591 1264 697 1344 quibus
715 1265 761 1325 ιιι·
778 1265 830 1323 ille
844 1259 976 1338 Atticus,
996 1263 1091 1322 Attica
1108 1258 1288 1336 urbanitate,
1340 1300 1345 1310 ·

58 1358 254 1425 humaniores
268 1360 348 1441 leges
368 1374 535 1443 opponeret
575 1364 654 1422 Hinc
673 1361 908 1444 explicandum
900 1375 968 1420 rtem
987 1374 1047 1436 est,
1067 1380 1155 1439 quare
1174 1358 1288 1433 choris,

61 1474 184 1557 ¹praeter
207 1459 305 1519 Musas
333 1473 363 1519 et
386 1460 572 1541 Apollinem,
600 1461 743 1521 Bacchum
768 1459 925 1538 adjecerit,
945 1457 995 1539 qui
1026 1459 1089 1520 vini
1109 1478 1162 1517 usu
1180 1460 1291 1516 morum

62 1566 242 1641 temperaret
269 1560 463 1640 asperitatem:
485 1573 546 1618 tum
575 1581 642 1622 vero
662 1561 755 1619 lusam
774 1558 865 1617 illic'
857 1557 1027 1617 instituerit
1034 1556 1070 1616 de
1091 1550 1218 1632 musica,
1234 1554 1291 1614 hu·

58 1661 172 1739 jusque
192 1657 268 1716 artis
286 1656 324 1716 ad
343 1656 550 1718 humanitatem
579 1650 726 1731 efficacia,
753 1656 989 1737 disputationem
1028 1653 1073 1714 Sit
1099 1673 1167 1713 sane
1190 1660 1306 1734 operae
1386 1669 1390 1675 ·

64 1758 216 1842 pretium,
245 1754 315 1814 haec
344 1756 496 1837 persequi,
525 1755 576 1816 sed
607 1756 692 1816 nobis
711 1758 772 1834 jam
797 1753 989 1815 timueraticae
1015 1751 1061 1812 illi
1081 1748 1192 1814 civitati
1212 1771 1292 1812 οοιιι-

63 1853 219 1941 parandus
236 1850 283 1915 ιιι
300 1855 493 1915 timocraticus
511 1869 564 1915 est.
594 1886 596 1891 ·

109 1954 204 2030 Nam,
232 1953 276 2011 uti
304 1953 440 2033 optimam
469 1953 551 2013 Plato
576 1953 741 2029 civitatem,
766 1972 851 2030 quam
879 1949 1085 2009 aristocratiam
1109 1945 1290 2028 appellabat,

65 2053 177 2127 finxit,
204 2065 236 2110 ut
259 2052 385 2130 exigeret
413 2049 451 2109 ad
478 2072 541 2112 eam
565 2050 659 2112 virum
678 2050 787 2110 bonum
810 2062 843 2108 ct>
853 2051 963 2128 justum
985 2043 1034 2126 1),
1054 2044 1153 2106 eodem
1170 2042 1294 2103 consilio

65 2153 144 2212 baec
164 2148 287 2209 tradidit
314 2148 351 2207 de
373 2137 532 2208 timocratiu¹
557 2149 617 2211 sive
637 2147 844 2230 Spartanorum
863 2145 1031 2227 republica,
1053 2155 1085 2202 ut
1103 2143 1201 2204 virum
1217 2140 1295 2200 scili·

69 2261 142 2322 cet,
171 2249 221 2327 qui
249 2247 286 2306 ab
306 2248 414 2328 optimo
432 2230 562 2329 proxime
582 2247 710 2322 abesset,
736 2246 775 2307 ad
800 2247 861 2324 ejm
879 2245 1002 2326 speciem
1021 2243 1198 2329 informaret.
1237 2241 1295 2298 Au·

73 2346 192 2415 diamus
212 2346 300 2428 igitur·
319 2345 462 2407 Socratem
474 2391 481 2420 ,
503 2347 544 2405 sic
568 2347 610 2424 de
633 2367 666 2406 eo
694 2345 892 2405 disserentem.
935 2343 1031 2417 «Quis
1055 2343 1134 2420 jam,
1163 2338 1296 2418 quaerit,

71 2429 241 2507 meandum
254 2445 329 2504 banc
349 2444 560 2525 rempublicam
575 2444 645 2505 vir?
663 2443 805 2522 quomodo
824 2443 936 2501 exsistit
954 2453 982 2500 et
1001 2440 1095 2519 qualis
1114 2439 1205 2497 esti»
1238 2435 1297 2494 Hic

69 2543 266 2618 Adimantus,
288 2542 379 2603 oculis
408 2544 444 2603 in
467 2542 584 2602 fratrem
612 2542 758 2602 conversis
791 2559 882 2598 «reor
910 2559 986 2597 eum·
1003 2536 1165 2616 equidem,
1183 2535 1296 2612 iuquit,

68 2642 220 2705 Glauconi
246 2642 315 2700 huic
339 2656 452 2717 nostro,
481 2641 559 2735 quod
585 2639 800 2700 contentionem
825 2651 852 2696 et
873 2636 1058 2696 ambitionem
1077 2633 1198 2708 attinet,
1219 2628 1299 2690 band
1392 2637 1393 2640 ’

70 2741 246 2815 dissimilem
274 2762 343 2801 esse.
384 2743 458 2800 Tum
485 2730 633 2814 Socrates,
661 2739 798 2811 fortasse,
827 2735 958 2816 reponit,
979 2733 1061 2791 hac
1054 2754 1085 2790 111
1105 2750 1135 2788 re
1152 2732 1178 2788 ei
1196 2727 1299 2788 similis

71 2854 138 2916 est,
160 2854 350 2901 veruntamen
377 2841 410 2899 in
438 2839 504 2899 aliis
533 2860 593 2899 non
620 2838 698 2896 item.
718 2878 753 2890 -
773 2832 920 2909 Quibus
912 2855 944 2892 m
962 2830 1127 2890 rebusl-
1147 2829 1299 2888 Contuma-

72 2941 184 3029 ciorem
212 2960 280 2997 sane
311 2959 375 2996 eum
402 2959 460 2998 esse
487 2958 600 2997 necesse
618 2950 660 2996 est
677 2949 705 2994 et
723 2956 739 2993 a
760 2933 873 2993 musica
886 2928 1095 3012 quodammodo
1114 2926 1299 2999 alieniorem,

72 3039 202 3100 musicae
231 3050 327 3095 tamen
356 3036 493 3117 cupidum
522 3034 589 3115 2);
605 3049 633 3094 et
660 3032 800 3093 audiendi
829 3029 947 3110 quidem
974 3024 1152 3101 studiosum,
1181 3021 1300 3084 dicendi

75 3158 148 3202 vero
184 3135 307 3217 peritum
345 3155 549 3215 nequaquam
584 3134 622 3193 Et
646 3133 701 3193 erit
728 3130 865 3191 adreisus
894 3148 990 3188 servos
1017 3123 1156 3234 quosdam
1184 3121 1301 3202 agrestis

75 3231 245 3312 hujusmodi
272 3234 335 3309 ιιι,
367 3232 447 3292 haud
475 3253 570 3294 servos
597 3200 779 3313 despiciens,
809 3224 1047 3308 quemadmodum
1074 3223 1119 3284 ιιι
1145 3235 1221 3308 ιιοιι
1238 3240 1299 3278 eru·

75 3332 179 3408 ditus,
210 3353 273 3411 erga
301 3315 406 3390 liberos
434 3329 528 3390 autem
552 3331 606 3390 erit
634 3330 728 3388 mitis:
760 3349 825 3408 erga
848 3327 995 3408 principes
1022 3321 1139 3400 quidem
1163 3316 1302 3394 obediens

75 3432 223 3504 maxime,
245 3427 294 3488 sed
314 3442 342 3488 ct
359 3431 539 3510 principatus
560 3443 588 3488 et
597 3429 740 3487 bonorum
756 3426 886 3498 avidior,
908 3437 1035 3504 oportere
1055 3418 1223 3477 existimans
1241 3436 1301 3474 uon

77 3543 142 3590 arte
170 3528 289 3588 dicendi
319 3527 367 3588 vel
396 3528 452 3586 alia
480 3528 582 3605 quavis
609 3525 697 3584 simili
720 3523 874 3597 facultate,
894 3521 945 3581 sed
965 3518 1049 3576 rebus
1067 3514 1182 3574 bellicis
1201 3509 1301 3575 civili-

77 3629 193 3706 busque
221 3627 363 3686 excellere
392 3639 419 3684 et
445 3624 563 3684 caeteris
592 3643 736 3704 praeesse,
757 3641 822 3680 cum
850 3621 887 3678 sit
914 3629 941 3676 'ct
959 3614 1151 3696 gymnasticae
1170 3627 1199 3672 et
1216 3633 1300 3672 vena·

76 3728 171 3788 tionis
199 3725 353 3812 admodum
381 3721 533 3782 studiosus.
576 3724 724 3780 Caeterum
753 3719 890 3801 pectruias
920 3718 971 3799 iste
1000 3715 1032 3773 in
1058 3715 1212 3791 juventute
1230 3732 1302 3769 con-

77 3898 339 3931 ......‘............-„

119 4023 145 4089 1)
164 4025 276 4092 Dellep.
290 4022 332 4073 lV.
351 4020 451 4072 stau.
542 4033 547 4041 ’

118 4117 145 4184 2)
164 4119 248 4171 Prava
267 4118 432 4169 distinetione
451 4114 599 4169 conturbata
622 4111 684 4162 haec
706 4116 772 4161 sunt.
792 4109 895 4177 legitur
914 4105 1001 4157 enim:
1028 4081 1251 4169 ovuallorrpdo
1272 4108 1302 4147 τε

80 4199 136 4282 rtet
154 4209 242 4278 αὐτὸν
261 4207 332 4274 εἶναι
354 4210 402 4273 καὶ
423 4203 697 4292 ιιιιοαμουσότεροι
727 4200 915 4287 φιλόμουσοι
942 4195 1009 4260 δὲ
1004 4219 1052 4257 και
1044 4186 1212 4276 φιλήκοον
1233 4183 1303 4265 μιν,

81 4314 242 4407 ρητορικιιν
269 4311 296 4378 cl
317 4310 466 4395 οὐδαμοῖς.
507 4322 659 4389 Distingue,
686 4326 713 4368 ut
735 4316 797 4368 lecit
823 4315 942 4367 Fioinus·
970 4333 1004 4345 -
1031 4286 1303 4394 ιιποαμουσόιερον,

83 4419 271 4510 φιλόμουσον
293 4418 341 4482 δὲ
363 4419 411 4480 καὶ
432 4421 492 4500 φιλ.
510 4459 544 4469 ·-

1076 4503 1132 4562 33*
