2796 5048
664 198 724 257 214

83 358 182 431 cessit,
221 358 446 435 monstravitque
476 358 508 415 in
538 356 698 419 dialecficis
728 358 868 439 dialogis,
907 361 1014 453 quibus
1044 356 1168 437 audiit,
1196 363 1278 445 quibus
1338 398 1366 435 ,ῃ

82 456 187 515 mentis
215 455 419 530 facultatibus,
451 455 557 535 quibus
577 438 760 539 disciplinis,
791 478 847 535 qua
867 459 898 517 in
916 460 1018 539 primis
1038 440 1176 521 methodo
1192 462 1226 523 ad
1242 483 1279 522 ιι-
1340 492 1365 529 ῃ

83 575 146 612 rum
165 555 202 612 sit
219 554 459 635 perveniendum
501 553 703 615 Successerunt
721 554 768 615 his
788 554 909 636 dialogis
930 557 1064 637 politici,
1094 560 1128 617 in
1146 558 1245 639 quibus
1259 559 1283 617 de

75 660 162 729 jacto
191 653 248 731 egit
277 652 370 731 deque
399 652 575 727 virtutibus,
604 674 678 735 quae
705 654 742 713 ad
773 655 862 715 vitam
892 668 967 713 recte
994 654 1157 735 degendam
1185 671 1284 739 apteque
1363 686 1366 691 ·

83 750 339 811 administrandam
369 752 516 813 civifltci'tr
546 753 743 831 requiruntur.
784 754 835 813 Est
855 753 925 811 baec
946 753 1032 834 plane
1054 755 1167 833 ingenii
1185 754 1293 815 humani

83 849 259 930 progressio,
288 851 369 929 cujus
388 848 466 931 apud
486 849 627 909 Baconcm
643 864 670 909 et
687 850 961 931 Encyclopaedistas
977 851 1060 910 nulla
1079 850 1204 910 habetur
1222 853 1294 913 ratio.

83 948 156 1007 Nam
176 960 346 1029 praeparant
375 969 426 1006 nos
447 961 520 1006 artes
530 993 538 1021 ,
568 960 599 1005 ut
618 948 673 1005 rite
692 948 831 1028 possimus
849 948 1031 1027 gravioribus
1050 948 1218 1029 disciplinis
1234 970 1308 1031 opo·-

83 1067 143 1104 ram
161 1065 284 1119 navare,
306 1058 389 1124 atque
409 1044 455 1102 his
474 1045 600 1104 instituti
621 1059 648 1103 et
669 1046 749 1122 quasi
762 1034 912 1119 ¹nutritiae
923 1046 1119 1121 corroborati,
1140 1049 1182 1107 sic
1193 1047 1312 1107 demum

82 1164 228 1225 possumus
256 1143 289 1201 in
319 1142 404 1200 rebus
430 1141 569 1202 civilibus
598 1156 662 1225 apte
683 1142 830 1202 consulere
861 1143 975 1202 civibus
995 1144 1110 1215 noemia.
1154 1146 1195 1204 Ut
1213 1160 1322 1207 autern

72 1242 135 1314 ille
163 1238 335 1314 scribendo,
365 1253 466 1321 sponte
498 1241 537 1299 sic
568 1241 635 1316 sud,
666 1254 784 1299 naturae
803 1240 881 1301 viam
900 1254 928 1299 ct
947 1243 1176 1321 progressionem
1196 1258 1327 1305 secutum

83 1354 143 1415 est,
175 1340 215 1398 ita
233 1340 266 1397 in
287 1338 455 1399 erudiendis
470 1338 648 1417 juvenibus,
679 1360 749 1418 quos
767 1338 884 1397 summis
902 1338 936 1397 in
954 1360 984 1397 re
1004 1339 1124 1421 publica
1149 1334 1343 1403 honoribus*

83 1385 266 1511 desiinabat,
297 1436 364 1495 dart
392 1437 477 1517 opert
506 1438 631 1518 primum
658 1436 694 1497 de
725 1436 856 1496 sensibus
882 1435 1043 1516 studiisque
1069 1460 1102 1496 ac
1120 1416 1332 1501 facultatibus

82 1534 268 1615 disquisivit,
297 1533 403 1612 quibus
430 1534 550 1617 puerilis
567 1548 642 1593 actas
663 1535 785 1615 insignis
802 1548 863 1610 est,
893 1533 1018 1613 indeque
1039 1551 1171 1597 naturam
1190 1547 1331 1597 artium

83 1655 236 1713 earumque
261 1647 288 1692 et
308 1633 448 1703 rationem
467 1646 495 1691 et
513 1633 691 1715 propositum
712 1633 827 1714 repetiit
848 1646 932 1710 atque
950 1632 1127 1695 illustravit:
1160 1649 1221 1694 tum
1239 1654 1334 1697 vcro

83 1730 213 1790 excultos
241 1730 293 1790 hos
321 1730 427 1813 puerili
454 1732 656 1806 institutione,
688 1729 853 1812 disciplinis
873 1729 1057 1806 eruditurus,
1088 1734 1334 1814 eprovcctioris

83 1831 184 1888 aetatis
210 1828 316 1888 studiis
342 1828 584 1906 facultatibusque
612 1843 639 1888 et
668 1829 729 1889 veri
757 1828 789 1886 in
809 1828 909 1910 primis
928 1850 1041 1905 amore,
1072 1816 1328 1908 disciplinarum·

83 1929 192 2008 pariter
220 1942 248 1987 et
276 1928 482 1987 doctrinarum
514 1941 664 2001 naturam,
696 1927 835 1987 rationem
853 1927 1086 2008 propositumque
1105 1930 1214 1989 effecit:
1242 1944 1352 1989 tan-'ra-

84 2024 221 2104 demque,
244 2038 294 2100 ut,
315 2024 386 2104 quid
405 2027 475 2107 ip'sis
494 2040 566 2085 esset
585 2024 743 2105 aliquando
762 2026 794 2083 in
815 2025 931 2084 civitate
947 2024 1109 2105 agendum,
1130 2026 1325 2101 declararet,

84 2124 120 2184 de
140 2126 244 2185 maturi
263 2125 390 2183 hominis
408 2125 439 2182 in
461 2124 579 2183 civitate
596 2122 699 2184 officiis
718 2122 933 2200 virtutibusque
954 2125 1115 2202 quaesivit,
1135 2125 1321 2206 quodoctri‘

85 2245 187 2283 narum
203 2224 435 2304 gravissimarum
445 2269 454 2299 ,
475 2243 546 2301 quac
570 2212 680 2300 justum
699 2234 848 2303 spectant,
869 2223 1049 2298 moralium,
1071 2237 1102 2282 ut
1112 2224 1322 2284 nobisdicun-

84 2334 149 2395 tur,
172 2336 200 2380 et
215 2324 412 2399 politicorum
433 2322 492 2381 vim
510 2334 538 2378 et
555 2320 693 2379 rationem
714 2319 814 2378 effecit.
856 2320 975 2394 Nescio,
996 2319 1069 2398 quid
1089 2321 1140 2380 alii
1161 2324 1308 2399 sentiant;

85 2418 157 2477 mihi
176 2417 312 2497 quidem,
326 2418 403 2479 'baec
424 2416 639 2492 consideranti,
660 2417 820 2497 ordineque
840 2417 946 2497 legenti
966 2419 1079 2499 saepius
1097 2432 1191 2479 totum
1208 2420 1312 2481 Plato-

85 2537 171 2590 nem,
192 2516 297 2594 subjici
315 2517 396 2594 quasi
417 2515 508 2576 oculis
528 2515 664 2590 videtur,
686 2537 746 2575 non
764 2514 848 2574 arbor
863 2515 1066 2593 scientiarum,
1086 2539 1159 2597 quae
1181 2518 1300 2579 scholam

85 2614 215 2688 redolet,
245 2614 296 2674 sed
315 2616 560 2701 encyclopuedto,
581 2613 631 2673 scd
651 2612 790 2693 ejusmodi
811 2612 1060 2694 encytlopaedia,
1078 2637 1135 2693 qua
1155 2630 1185 2683 et
1199 2616 1300 2679 artidm

88 2714 220 2774 universe
248 2734 280 2772 ac
308 2713 504 2773 doctrinarum
533 2700 689 2772 discrimen
708 2726 735 2771 et
755 2724 938 2790 utrarumque
959 2712 1138 2793 singularum
1158 2692 1258 2777 naiinra
1271 2726 1299 2773 et

86 2813 263 2893 propositum
281 2822 365 2890 atqu'e
385 2812 478 2871 omnis
498 2810 616 2870 illarum
634 2810 714 2889 quasi
731 2812 810 2868 orbiu
830 2824 1035 2891 exponuntur,
1057 2812 1280 2893 docemurque
1263 2834 1291 2871 ιι

87 2912 147 2970 mul
158 2957 167 2987 ,
187 2911 265 2990 quod
285 2931 419 2989 quaerere
439 2931 555 2983 omnes,
576 2909 626 2988 qui
646 2922 720 2967 artes
737 2907 975 2993 doctrinasquetr
1008 2922 1089 2987 tant,
1111 2908 1236 2993 primum
1246 2931 1293 2971 ιιι·
1343 2944 1349 2975 ι

85 3011 219 3116 ximcque
240 3008 363 3083 debent,
384 3028 455 3087 quae
466 3009 544 3085 justa
561 3028 612 3087 per
632 3005 698 3064 illas
717 3005 843 3065 bominis
860 2928 1049 3067 παιδεῆ
1028 3010 1083 3085 sit,
1105 3024 1137 3069 ut
1148 3033 1181 3070 ιιι
1190 3010 1293 3073 cinare

88 3127 136 3166 sua
156 3106 195 3165 sic
215 3106 296 3166 vivat
314 3119 432 3185 agatque
449 3105 623 3184 aliquando,
646 3104 688 3163 uti
709 3117 736 3162 et
756 3105 849 3166 civem
867 3107 977 3167 bonum
992 3130 1024 3167 ac
1045 3100 1289 3191 cfflodemctptt·

87 3205 194 3263 fectum
212 3206 338 3265 civitatis
358 3204 575 3283 gubernatorem
595 3188 740 3261 dccet.-
760 3204 828 3263 Late
846 3184 1120 3287 bofflgumentum
1140 3222 1236 3289 patet,
1253 3219 1291 3281 ct,

87 3302 228 3381 siquando
256 3303 303 3361 his
320 3299 571 3380 disquisitionibus
589 3314 676 3360 totam
693 3302 832 3362 fuerimus
851 3304 978 3364 Platonis
979 3304 1250 3399 philosophiam
1228 3324 1313 3367 oon·-

86 3400 186 3483 plexi,
215 3413 317 3482 sponte
345 3421 395 3459 sua
422 3399 541 3457 lectores
565 3399 684 3457 hauc
663 3420 723 3460 srvc
745 3386 1036 3482 encyclopaediarir'
1015 3423 1076 3462 srvc
1095 3396 1303 3487 philosophus

87 3499 191 3557 nostris
208 3498 385 3581 temporibus
403 3496 675 3574 accommodabunt;
698 3497 749 3557 scd
767 3498 816 3559 lnc
838 3502 896 3558 rim
914 3488 1116 3581 adumbi‘asse,
1137 3502 1177 3563 td
1193 3516 1292 3583 eamque

75 3596 321 3679 pbilosophorum
340 3594 435 3656 studia
455 3598 631 3656 convertisse
650 3596 782 3658 sufficiat.

127 3694 218 3775 Ergo,
248 3717 398 3774 quaenam·
414 3696 469 3768 sit,
490 3715 574 3772 quam
603 3697 799 3775 exquirimus,
828 3696 1001 3779 philosopha
1031 3712 1154 3772 natura,
1174 3658 1291 3779 qrrotssqt

88 3813 147 3851 esse
174 3807 202 3851 et
219 3794 304 3871 quale
322 3793 457 3878 videatur
476 3794 580 3852 artium
600 3795 728 3853 omnium
747 3809 775 3853 et
795 3788 1019 3877 disciplinarffl
1038 3817 1188 3856 commune
1207 3797 1291 3857 vincu-

89 3891 169 3966 lum,
200 3906 232 3950 ut
259 3890 381 3950 Socratis
400 3914 451 3950 nos
471 3891 632 3951 docuerunt
650 3914 716 3952 cum
736 3891 890 3952 Adimanto
908 3916 1070 3970 sermones,
1101 3896 1112 3955 i
1163 3890 1291 3956 ciceronis

88 3990 246 4051 illustravit
262 3990 446 4071 exemplum,
466 3991 516 4069 qui
536 4004 593 4049 tam
613 3992 673 4052 vita
694 3990 797 4079 studiis
819 4013 853 4050 ue
872 4014 956 4102 quam
974 3993 1093 4073 scriptia
1107 3994 1130 4052 P
1143 3986 1289 4073 atonispli·

89 4087 248 4169 losopbiam
275 4088 481 4198 comprobavit.
522 4090 580 4147 Nec
608 4084 777 4148 mirabitur
851 4091 1021 4170 quisquam,
1053 4091 1218 4172 cuicunque
1236 4084 1290 4149 insit

90 4183 203 4244 indoles
230 4185 352 4262 haecce,
382 4188 509 4245 omnium
536 4185 667 4244 eidem
660 4208 751 4267 inesse
770 4190 874 4248 artium
894 4189 1147 4267 doctrinarumque
1166 4204 1292 4252 amorem,

94 4298 142 4357 ut,
173 4285 256 4343 nulld
280 4286 441 4360 contemti,
471 4307 521 4343 suo
542 4285 667 4364 singulas
686 4260 794 4346 honore
813 4287 934 4360 habeat,
956 4288 1100 4347 universis
1118 4288 1190 4348 adeo
1208 4280 1299 4369 perlt‘

91 4381 192 4441 bentcr
217 4384 337 4444 studeat.
379 4386 450 4442 Nam
479 4405 543 4441 cum
570 4386 665 4442 omn'cs
685 4384 824 4445 fluxerint
845 4406 879 4444 ex
899 4386 1014 4465 optimis
1034 4386 1207 4466 optimorum
1225 4386 1317 4465 inge*

1069 4488 1089 4521 tu
