2796 5048
670 206 725 268 107

176 416 181 425 -
267 369 315 439 Da
335 379 385 431 oia
402 381 432 432 at
450 378 583 445 ratione,
602 390 662 449 qua
676 370 976 429 acaemetensium
996 371 1036 429 ud
1047 371 1154 449 pulcri
1187 432 1192 439 ,
1220 416 1227 429 .

576 475 734 527 scientium
752 476 873 545 aportat.

959 602 963 607 .
1031 586 1057 625 “s
1130 578 1135 587 ‘

122 667 189 727 «ln
207 665 255 727 bis
273 666 391 747 quidem
411 666 554 726 amatoriis
572 665 678 739 sacris,
697 664 738 723 mi
755 662 901 738 Socrates,
921 676 954 723 tu
972 658 1089 725 fortassb
1108 664 1220 725 initiari
1238 684 1306 745 pos-

76 767 135 827 sis:
156 765 199 827 ad
213 786 315 846 magna
335 787 403 827 vero
416 766 569 846 mysteria,
589 756 626 824 τοὶ
640 756 724 823 τέλεα
736 759 787 823 καὶ
801 754 954 836 memmi,
968 784 1088 842 quorum
1106 763 1190 823 etiam
1209 783 1307 823 caussa

75 864 151 925 baec
169 878 260 939 sunt,
280 876 411 944 pateatne
430 863 485 923 tibi
503 864 619 940 aditus,
640 866 753 926 nescio:
784 863 879 923 dicam
890 865 984 944 igitur
997 884 1066 944 ego,
1083 883 1136 921 nec
1150 861 1307 940 quidquam

75 961 117 1023 ad
144 976 175 1023 te
205 961 405 1040 adjuvandum
433 964 673 1042 praetermittam:
695 977 728 1023 tu
747 982 835 1037 vero,
855 962 879 1023 si
907 975 1004 1042 potes,
1025 981 1070 1020 ma
1098 961 1178 1038 sequi
1205 961 1306 1020 nitere.
1355 964 1359 975 '

74 1062 205 1143 Oportet
222 1080 288 1119 eum
297 1104 307 1134 ,
326 1059 376 1137 qui
394 1073 470 1119 recte
491 1081 523 1119 eo
542 1061 579 1120 sit
603 1081 820 1142 progressurus,
841 1061 936 1120 statim
955 1080 972 1118 a
989 1079 1078 1140 puero
1104 1057 1205 1138 pulcra
1227 1057 1308 1117 adire

76 1179 221 1241 corporat
242 1171 271 1216 et
298 1157 423 1238 primunr
450 1157 586 1235 quidem,
607 1159 631 1217 si
658 1159 733 1218 bene
760 1158 785 1217 is
813 1157 900 1218 ducat
928 1179 1014 1237 quem
1041 1156 1188 1235 sequitur,
1218 1176 1310 1217 unum

75 1277 178 1317 amare
190 1275 313 1336 corpus,
328 1268 356 1313 et
370 1253 486 1335 pulcros
500 1255 544 1314 ibi
559 1277 701 1316 sermones
715 1257 830 1336 gignere
840 1279 847 1313 :
858 1269 990 1337 reputare
999 1268 1094 1314 autem
1103 1252 1220 1329 deiude,
1239 1251 1310 1334 pul-

76 1354 275 1428 critudinem,
290 1372 362 1431 quae
382 1351 503 1411 cuilibet
513 1355 625 1435 corpori
636 1355 723 1428 inest,
738 1353 857 1413 alterius
865 1352 1060 1434 pulcritudini
1069 1352 1195 1433 corporis
1204 1372 1311 1432 cogna-

74 1467 138 1513 tam
158 1473 240 1527 esse,
261 1465 307 1526 et,
327 1449 470 1529 siquidem
488 1453 619 1531 persequi
639 1451 756 1526 deceat,
778 1452 856 1533 quod
874 1452 968 1533 specie
988 1465 1029 1511 est
1054 1449 1205 1532 pulcrum,
1223 1469 1311 1509 unam

56 1550 264 1630 eandemque
292 1569 369 1622 esse,
399 1568 471 1629 quae
500 1549 634 1609 omnibus
661 1550 736 1610 inest
764 1549 950 1632 corporibus,
977 1548 1223 1631 pulcritudinem:
1255 1546 1310 1607 boc

80 1670 155 1713 vero
172 1660 373 1731 reputantem,
393 1647 521 1706 omnium
549 1667 607 1706 esse
634 1647 800 1728 pulcrorum
827 1668 977 1730 corporum
1005 1661 1166 1707 amatorem.
1205 1647 1312 1720 Porro,

80 1746 165 1828 quod
183 1746 290 1807 animis
308 1746 383 1804 inest
400 1744 552 1825 pulcrum,
579 1744 633 1804 hoc
657 1729 807 1827 corporum
835 1747 978 1827 praeferre
1005 1745 1112 1804 formae
1121 1790 1131 1820 ,
1155 1758 1187 1803 ut
1205 1744 1230 1803 si
1248 1743 1313 1821 quis

82 1846 184 1905 animo
201 1844 239 1903 sit
256 1844 401 1923 ingenuo,
422 1842 532 1901 etiamsi
550 1843 677 1924 corporis
695 1843 764 1903 flore
788 1858 815 1904 et
840 1856 988 1905 venustate
1012 1844 1109 1901 minus
1135 1840 1312 1902 commende·

82 1957 152 2018 tur,
173 1941 209 2002 id
226 1942 283 2022 ipsi
301 1939 426 2001 sufficiat
444 1955 472 2000 et
491 1955 565 2001 amet
582 1941 667 2001 illum
683 1956 711 2002 et
730 1957 810 2002 curet
828 1956 856 2001 et
874 1961 1017 2001 sermones
1035 1941 1128 2023 pariat
1147 1940 1199 1999 tali
1218 1939 1313 1999 indoli

84 2054 293 2103 consentaneos
312 2053 340 2099 et
360 2038 456 2099 nullos
473 2060 533 2098 non
552 2039 624 2099 alios
641 2053 776 2118 quaerat,
796 2040 902 2120 quibus
918 2038 1112 2098 adolescentes
1128 2038 1239 2120 possint
1256 2057 1313 2095 me·

57 2166 60 2175 ·
85 2140 173 2202 liores
192 2138 275 2197 fieri:
298 2151 330 2197 ut
347 2137 417 2197 hinc
441 2137 591 2218 explorare
616 2151 644 2197 et
662 2139 851 2221 contemplari
874 2152 1009 2218 cogatur,
1029 2136 1107 2216 quod
1126 2137 1159 2195 in
1187 2136 1313 2210 studiis,

85 2239 117 2299 in
144 2235 252 2315 officiis
270 2235 436 2316 legibusque
456 2236 589 2317 pulcrum
608 2249 668 2312 est,
690 2250 717 2296 et
741 2237 795 2297 hoc
820 2238 937 2313 videat,
958 2257 1041 2297 omne
1066 2234 1162 2309 illud,
1182 2233 1314 2313 quamvis

86 2338 202 2397 varium
212 2380 221 2410 ,
240 2334 419 2394 simillimum
439 2355 496 2393 esse
506 2347 534 2393 et
553 2348 720 2414 cognatum:
741 2357 798 2414 quo
817 2335 978 2411 adductus,
999 2336 1125 2418 corporis
1141 2330 1313 2415 pulcritudi-

86 2455 153 2495 nem
180 2433 266 2514 parvi
292 2427 388 2492 ducet?
435 2430 546 2493 Officiis
565 2446 659 2491 autem
685 2428 852 2513 legibusque
879 2434 1039 2515 perceptis,
1067 2432 1221 2515 procedere
1249 2453 1314 2491 eum

86 2545 200 2615 oportet
219 2530 258 2591 ad
276 2531 441 2605 doctrinas,
462 2544 507 2595 ut,
521 2529 599 2610 quod
626 2529 672 2590 his
698 2531 773 2590 inest
796 2531 930 2611 pulcrum
957 2546 1119 2607 assecutus,
1139 2545 1168 2591 et
1190 2512 1313 2612 amplam

84 2633 144 2710 jam
173 2630 339 2708 variamque
365 2627 462 2710 pulcri
491 2628 614 2710 speciem
642 2628 870 2709 contemplatus,
890 2628 971 2689 baud
996 2610 1119 2711 amplius
1148 2628 1253 2703 unius,
1281 2631 1314 2687 ut
1372 2652 1390 2667 ··

87 2728 286 2809 mancipium,
313 2726 514 2808 pulcritudine
542 2738 712 2801 contentus,
741 2726 802 2787 sire
829 2727 963 2808 pueruli,
994 2728 1055 2788 sive
1083 2726 1227 2802 hominis,
1252 2727 1313 2787 sive

89 2825 199 2900 studii,
230 2824 359 2885 serviens
380 2824 445 2900 illi,
466 2823 535 2885 vilis
554 2824 592 2885 sit
610 2837 638 2883 et
656 2823 801 2902 abjectus,
825 2823 855 2905 1)
877 2825 928 2885 sed
946 2825 984 2886 ad
999 2826 1169 2887 immensum
1193 2844 1312 2884 conver·

89 2948 136 2987 sus
167 2923 265 3008 pulcri
292 2922 422 3003 pelagus,
440 2923 557 2982 intuens
577 2920 673 2999 illud,
693 2921 797 2981 multos
814 2924 907 3005 pariat
920 2946 953 2984 ac
972 2924 1133 3006 praeclaros
1154 2945 1314 2999 sermones,

88 3023 283 3101 sublimesque
307 3021 339 3079 in
359 3019 502 3079 uberrima
519 3019 702 3106 pbilosophia
729 3021 902 3097 sententias,
932 3022 1024 3082 donec
1044 3023 1107 3083 illic
1130 3021 1315 3082 confirmatus

88 3144 122 3183 ac
149 3119 367 3193 corroboratus,
393 3118 511 3178 tandem
539 3117 696 3198 aliquando
716 3140 802 3179 unam
823 3117 1022 3201 deprehendat
1041 3119 1221 3196 doctrinam,
1242 3141 1314 3200 quae

89 3221 184 3302 ipsius
211 3217 249 3278 sit
267 3213 363 3297 pulcri
381 3216 534 3277 scientia.»
559 3214 591 3296 2)

132 3317 215 3378 Talis
232 3329 275 3375 est
294 3313 516 3376 celebratissima
530 3314 582 3375 illa
600 3314 724 3375 Socratis
744 3311 889 3400 ἐρωτική,
907 3326 1020 3378 amoris
1033 3320 1215 3397 disciplina,
1232 3317 1316 3395 cujus

90 3568 171 3632 Nam,
183 3568 205 3619 si
217 3564 279 3634 quid
295 3564 388 3629 video,
408 3580 500 3618 seusus
519 3567 630 3629 amoris,
649 3581 742 3618 sensus
761 3566 823 3616 item
835 3563 987 3634 religionis,
1005 3573 1034 3615 ut
1048 3562 1091 3614 hic
1105 3569 1164 3614 suut
1181 3562 1314 3630 expressi,

90 3655 126 3708 ab
147 3668 198 3704 une
219 3650 349 3719 proticisci
370 3666 444 3702 saora
467 3651 593 3716 ejusmodi
618 3651 727 3703 muliere
747 3657 893 3717 potuerunt.
928 3647 986 3700 vid.
1011 3644 1111 3711 Groen,
1130 3648 1232 3717 Prosop.
1249 3648 1315 3700 rtet.

91 3758 121 3810 p.
139 3737 182 3789 25.
198 3745 224 3790 et
240 3735 327 3799 Wolf,
341 3739 426 3804 praef.
444 3739 478 3787 ad
493 3738 574 3805 Symp.

128 3829 155 3895 i)
174 3829 272 3882 Graeca
293 3836 352 3880 sunt
371 3829 535 3896 perturbata.
563 3813 729 3903 μηκέτι
691 3843 727 3882 το
753 3811 822 3903 παρ’
848 3812 908 3893 ἑνὶ,
936 3809 1033 3898 οἵσπερ
1061 3809 1215 3900 oixdrqg'
1195 3814 1317 3898 αγαααῖι

88 3913 452 4005 anteponendum
473 3915 637 4002 αἰθρώιιοιι
663 3945 755 3997 τινος,
776 3946 795 4004 η
783 3913 1083 4002 ”ἒπιιηδούματος“
1069 3913 1150 3995 evile,
1172 3912 1321 3981 δουλεύων

56 4016 263 4114 φαῦλος
238 4049 261 4112 ῃ
293 4022 343 4085 καὶ
367 4017 576 4107 σμικρολόγος·
613 4033 687 4085 Haud
715 4032 836 4099 displicet
860 4029 927 4080 Astii
951 4030 1166 4097 conjecturaz-
1134 4015 1317 4103 -οἷιιὲτης,

56 4130 69 4221 ¹,
63 4122 218 4210 ἡιαιοῖν
237 4121 397 4202 nimos
375 4151 394 4208 η
417 4122 487 4189 (ivd.
520 4135 572 4190 Sed
591 4136 671 4187 nolim
691 4135 804 4201 expungi
825 4117 996 4203 παιδαρίου,
1019 4135 1089 4240 quod
1108 4138 1187 4187 servo
1202 4134 1319 4237 apprime

89 4239 227 4294 convenit
245 4237 396 4305 uetnquam
412 4235 482 4288 hoe
475 4237 571 4306 igitur
590 4233 637 4286 sed
651 4235 846 4301 transpositum:
871 4216 1031 4306 μηκέτι
994 4245 1029 4285 το
1053 4244 1112 4302 παρ
1142 4216 1196 4294 tvi,
1219 4212 1319 4306 αι’σαερ

85 4323 265 4412 οέιιέτης,’
243 4327 366 4410 αγαιιοῖν
386 4321 502 4402 κάλλος,
524 4320 723 4410 παιδαρίου”
701 4350 720 4407 η
743 4320 833 4410 civeis.
856 4339 963 4390 sensum
985 4335 1112 4389 vertendo
1131 4335 1257 4400 expressi.

126 4430 156 4500 οι
175 4435 257 4503 sm
273 4431 333 4486 too.
352 4432 381 4485 r.
399 4431 458 4484 ero.
475 4426 506 4483 o.
