2774 5048
660 232 715 290 190

74 398 290 456 conversionem
319 394 422 453 veteris
451 393 629 463 comoediae,
652 408 683 453 ut
711 393 753 452 sal
781 393 911 465 Atticus,
933 412 1018 472 quern
1047 392 1177 470 Eupolis
1202 405 1269 474 etqui

76 495 223 555 Cratinus
243 493 516 569 Aristophanesque
532 500 654 567 poetae,
671 491 772 569 Atque
786 492 844 547 olii
852 536 861 564 ‚
878 512 1010 568 querunt
1023 492 1173 551 comedin
1187 500 1269 570 prta·

76 600 211 659 mamam
231 603 291 665 oct,
312 632 346 641 -
365 590 487 648 multum
513 589 630 669 quidem
657 604 685 648 et
713 609 825 661 acrem,
856 588 906 648 sed
926 589 1029 647 acerba
1056 578 1193 650 suffusum
1209 588 1267 665 bile,

75 692 229 772 gerebant,
250 691 388 771 paulatim
407 710 458 770 per
475 689 586 749 mediae
608 694 704 770 poetas
726 687 905 760 comoediae,
925 701 986 747 tum
1014 708 1107 749 novae
1136 691 1168 749 in
1192 689 1268 770 prinis

76 788 287 862 Menandrum,
308 788 344 846 ab
363 788 409 846 his
427 786 542 845 labibus
562 800 748 867 purgaretur,
769 800 796 844 et
817 785 854 844 ad
875 806 1037 866 germanam
1060 788 1184 846 Atticam
1208 788 1267 847 lcti-

77 891 194 948 vitatem
216 887 442 966 elegantiamque
469 885 671 964 redigeretur.»
703 882 731 964 l)
749 887 878 945 ·Gonstat
905 898 1017 959 autem,
1048 886 1173 946 colorem
1195 885 1228 946 ab
1244 904 1267 945 ct

75 987 212 1059 duxisse,
232 998 370 1063 quotquot
388 997 534 1064 posticum
559 982 686 1062 dialogos
704 984 896 1064 scripserunt,
917 984 1104 1044 Plutarchum
1123 985 1267 1069 praecipue,

75 1085 202 1144 Platonis
229 1083 473 1154 amantissimum,
495 1083 588 1162 ipsum
615 1081 683 1139 item
712 1082 872 1140 Lucianum
901 1083 933 1140 in
958 1083 1073 1163 scriptis
1104 1081 1267 1162 quibusdan,

75 1198 135 1243 tum
153 1203 221 1244 vero
240 1183 424 1253 Ciceronem,
445 1181 494 1258 qui
505 1225 514 1253 ,
534 1180 665 1257 quamvis
685 1200 714 1238 se
733 1179 857 1238 scribere
875 1180 1045 1239 Aristoteleo
1065 1196 1145 1239 more
1168 1180 1267 1253 dicae,

73 1294 248 1362 quantopere
266 1278 303 1337 ad
321 1277 517 1337 informandos
536 1278 590 1336 rite
610 1276 737 1357 dialogos
756 1297 771 1333 e
789 1276 917 1336 Platonis
944 1279 1106 1338 imitatione
1124 1277 1267 1361 profecerit,

74 1400 172 1441 omnes
191 1391 315 1449 norunt,
336 1378 386 1455 qui
404 1376 541 1435 attentius
559 1390 709 1454 utrumque
730 1375 877 1455 legerunt,
893 1396 1000 1454 nosque
1016 1377 1074 1458 ipsi
1087 1379 1151 1456 jam
1167 1374 1267 1437 trinit

24 1494 27 1499 '
75 1479 213 1539 vertimus
232 1476 264 1534 in
282 1475 486 1554 superioribus.
508 1471 540 1552 2)
560 1473 597 1532 Et
623 1474 681 1532 fuit
708 1494 776 1532 sane
803 1475 902 1533 Cicero
928 1474 1029 1534 indole
1056 1489 1086 1535 et
1113 1474 1268 1535 institutor

76 1575 240 1635 Platonicus
259 1572 365 1652 plane,
387 1585 418 1631 ut
438 1574 470 1630 in
489 1573 567 1657 omni
586 1572 751 1651 scriptionis
770 1591 891 1651 genere,
908 1573 940 1630 in
958 1573 1082 1631 oratorio
1099 1573 1202 1649 etiam,
1215 1582 1268 1632 om

75 1692 164 1753 quum
187 1690 242 1747 pro
260 1670 379 1729 Archia
398 1670 524 1745 diceret,
545 1684 645 1750 sponte
672 1683 700 1729 et
728 1670 838 1728 inscius
864 1671 924 1728 lere
951 1670 1099 1730 Platonem
1124 1672 1268 1753 exprimet

76 1793 168 1831 suurn.
219 1767 305 1829 Unde
329 1771 487 1827 sententiae
517 1767 754 1827 celebratissimae
781 1767 851 1826 illae
876 1766 912 1826 de
942 1768 1090 1828 literarum
1119 1764 1268 1843 studiis&

76 1872 181 1951 poetis,
204 1868 241 1927 de
263 1869 406 1927 communi
426 1868 458 1925 in
476 1867 576 1947 primis
594 1867 699 1925 artium
719 1865 847 1925 vinculo.
889 1865 947 1925 Sed
966 1866 1003 1926 de
1020 1867 1068 1927 his
1085 1882 1148 1927 tum
1166 1882 1269 1946 agenn,

76 1968 127 2026 ubi
144 1967 182 2026 ad
201 1967 254 2025 boc
278 1966 371 2046 ipsum
390 1966 494 2023 artium
515 1964 666 2024 vinculum
684 1965 909 2045 pervenerimus.
958 1967 1042 2025 Nunc
1056 1967 1144 2045 juvat
1162 1962 1269 2025 animl-

76 2079 203 2139 vertere,
224 2062 301 2143 quod
320 2063 407 2141 hujus
425 2063 589 2144 praesertim
608 2063 664 2122 loci
685 2076 742 2137 est,
765 2076 796 2121 ut
816 2076 996 2121 revocaretur
1019 2062 1058 2123 ad
1081 2077 1199 2123 naturae
1218 2063 1269 2124 si!-

74 2164 232 2245 plicitatem
250 2161 431 2239 eloquentia,
453 2161 513 2219 vim
530 2160 664 2220 habuisse
682 2159 832 2220 mirificam
854 2159 982 2241 dialogos
1005 2162 1141 2222 Platonis.
1182 2164 1269 2223 Dte*

76 2276 147 2337 rant¹
161 2260 287 2318 rhetores
305 2272 388 2316 antea
406 2273 435 2317 et
450 2256 592 2317 docebant
610 2259 737 2320 Platonis
755 2272 858 2332 aetate,
873 2258 1114 2337 quemadmodum
1132 2262 1218 2321 oratio
1230 2258 1269 2319 rit

75 2372 148 2435 esset
166 2354 343 2428 excolenda,
365 2368 397 2413 ut
415 2354 576 2430 evidentia,
598 2358 737 2418 suavitate
743 2403 751 2431 ,
773 2357 912 2437 gravitate
927 2377 993 2414 curn
1008 2370 1123 2437 caperet
1142 2358 1268 2418 audica!

76 2457 257 2537 legentesve,
277 2467 339 2512 tum
357 2467 467 2513 teneret
491 2475 524 2513 ac
551 2470 695 2515 moveret:
726 2457 804 2516 unde
823 2448 927 2534 τέχναι
955 2456 1146 2531 exstiterunt,
1168 2456 1269 2517 studi.

75 2553 254 2625 elaboratae,
276 2550 374 2630 quales
399 2552 530 2612 Isocratis
547 2553 724 2633 aliorumque
752 2570 944 2619 memorantur
968 2567 996 2612 et
1020 2569 1175 2635 supersunt
1192 2555 1269 2615 etin·

76 2673 156 2715 nunc
174 2651 290 2711 multae.
332 2649 389 2709 Sed
407 2651 550 2726 rhetores,
572 2654 614 2711 uti
637 2655 788 2728 novimus,
809 2638 908 2713 ortem
932 2655 992 2712 fere
1010 2652 1118 2732 magis,
1139 2674 1219 2732 quam
1232 2662 1269 2709 ae

75 2763 180 2810 turam
199 2763 381 2831 spectarunt,
402 2750 549 2828 effecitque
569 2751 647 2808 omni
665 2771 735 2811 aevo
750 2751 910 2826 rhetorica,
932 2764 963 2811 ut
982 2751 1142 2825 diceretur,
1162 2744 1269 2830 queml

75 2850 192 2910 modum
209 2846 296 2906 scribi
315 2859 472 2928 oporteret:
494 2868 553 2906 non
582 2869 666 2924 vero,
687 2863 719 2908 ut
742 2852 932 2924 scriberetur,
952 2847 1191 2930 quemadmodum
1213 2844 1269 2927 loqu·

75 2949 206 3008 solemus.
247 2947 447 3006 Contemnitur
466 2946 519 3005 boe
539 2961 722 3028 praeceptum
745 2949 777 3007 in
797 2950 866 3009 artis
889 2948 1016 3029 regulis,
1036 2961 1113 3006 certe
1141 2946 1269 3029 negligit!¹

75 3047 153 3120 lere,
183 3059 215 3103 ut
241 3043 358 3123 vulgare
387 3043 576 3123 omnibusque
605 3060 722 3121 notum,
751 3067 870 3126 raroque
892 3047 971 3107 omni
999 3059 1091 3104 aetate
1117 3043 1269 3126 eloquenti!

75 3143 240 3204 adhibitum
260 3155 315 3200 est:
335 3163 391 3221 quo
409 3143 533 3216 lectum,
555 3157 586 3202 ut
603 3143 773 3203 innumerae
789 3146 953 3205 exstiterint
968 3143 1130 3218 orationes,
1152 3164 1219 3223 quas
1232 3136 1269 3201 ed·

76 3244 249 3302 mirarentur
266 3239 434 3314 audientes,
454 3260 577 3321 paucae,
598 3241 703 3319 quibus
722 3257 906 3303 moverentur
924 3246 1005 3306 intus
1029 3240 1212 3322 melioresque
1232 3238 1269 3298 fle

76 3353 150 3401 rent.
170 3339 269 3418 ltaque
286 3338 432 3418 principes
449 3353 593 3413 oratores,
613 3341 663 3418 qui
683 3362 742 3399 non
756 3355 833 3414 arte,
854 3342 904 3401 sed
924 3343 1024 3404 indole
1039 3343 1142 3404 diserti
1164 3343 1269 3409 locunt,

76 3460 132 3521 quo
150 3438 238 3518 magis
256 3450 388 3495 naturam
408 3437 601 3518 exprimerent
628 3437 754 3498 dicendo
783 3441 871 3498 etsie
896 3440 1105 3521 persuaderent
1130 3436 1269 3499 hominib!

77 3536 246 3609 efficaciter,
275 3535 414 3614 tragicos,
444 3536 583 3611 comicos,
605 3538 779 3618 optimosque
808 3536 985 3618 dialogorum
1012 3541 1166 3620 scriptores
1188 3546 1269 3597 sore!

77 3634 172 3695 nodio
200 3633 348 3712 legerunt:
370 3633 402 3690 in
428 3631 474 3692 his
501 3635 608 3715 quippe
637 3636 760 3693 maxime
786 3636 947 3696 naturalem
972 3635 1111 3717 loquendi
1139 3636 1269 3699 ranem}

76 3732 223 3793 excultam
241 3730 322 3790 illam
350 3729 466 3810 quidem
494 3745 522 3790 et
546 3733 684 3813 politam,
705 3733 755 3792 sed
783 3734 943 3794 naturalem
969 3749 1066 3795 tamen
1094 3731 1269 3815 agamenes

77 3830 119 3891 Eo
144 3844 237 3889 autem
266 3828 337 3907 quid
357 3829 454 3890 valere
477 3831 563 3910 magis
580 3833 694 3912 potuit,
716 3831 787 3910 quid
815 3853 912 3913 reapse
938 3833 976 3892 ad
1002 3834 1056 3893 rite
1083 3829 1269 3895 informen&

76 3927 275 3993 Demosthenis
292 3929 449 3987 orationem
466 3929 554 4008 magis
572 3929 683 4003 valuit,
704 3951 789 4009 quam
814 3930 992 4011 dialogorum
1019 3930 1223 3992 Platonicorum
1241 3922 1269 3983 ll*

76 4033 158 4091 ctio?
180 4028 260 4087 Sunt.
279 4025 326 4083 illi
353 4046 486 4105 prorsus,
508 4040 540 4085 ut
559 4027 637 4109 apud
664 4029 759 4108 ipsum
786 4043 845 4103 est,
868 4031 930 4090 vivi
956 4031 1133 4111 animatiqne
1160 4016 1269 4089 Μ

78 4129 246 4191 simulacra:
277 4124 352 4182 inest
375 4124 412 4182 iis
438 4124 592 4184 familiaris
615 4125 753 4206 colloquii
784 4127 908 4187 facilitas
935 4141 963 4187 et
982 4129 1063 4208 quasi
1090 4115 1269 4189 nadad·

112 4355 137 4418 l)
158 4357 235 4422 Eptst.
254 4355 288 4403 ad
309 4370 353 4402 me.
377 4369 402 4418 p.
421 4351 504 4403 Xler.

113 4439 139 4506 ἲ)
158 4442 240 4492 lsts'tt'o.
259 4455 283 4504 p.
299 4438 339 4487 77,
