2796 5048
681 229 740 296 39:

1288 294 1310 322 ,ἢ

68 396 139 458 nis.
185 394 418 477 Deprehendisse
438 395 523 456 nobis
543 395 648 472 modo,
670 397 749 476 quod
771 410 880 457 certum
902 408 929 454 et
951 392 1132 455 immutabile
1154 404 1247 464 esset,
1270 391 1325 450 visi

68 515 201 572 sumus3
226 515 305 564 nunc
327 506 428 553 eontra
449 493 526 553 nihil
548 515 606 554 esse
628 509 758 572 eertum,
780 497 875 557 omnia
897 495 1002 553 mutari
1024 508 1109 570 atque
1131 492 1162 548 in
1185 501 1324 569 perpetua

70 612 142 654 esse
164 593 355 653 fluctuatione
376 590 516 652 dicamus.
559 592 616 654 Sed
639 595 788 654 veritatem
809 592 973 672 quaerimus
996 591 1081 648 unice
1093 635 1101 662 ‚
1122 609 1194 667 quae
1214 587 1326 645 etiamsi

67 692 168 751 nulla
190 693 247 766 sit,
268 690 319 750 sed
340 710 400 750 esse
431 689 577 752 duntaxat
606 695 765 767 videatur,
794 690 826 750 id
858 691 953 770 ipsum
974 685 1204 746 existimabimus
1223 704 1325 746 verum

67 808 151 849 esse.
195 792 255 870 Age
277 791 398 869 igitur‚·
416 789 492 849 hane
522 811 711 871 quaecunque
742 789 937 860 tendentem,
961 788 1115 847 veritatem
1138 805 1153 843 e
1173 782 1323 842 recondita

66 887 203 946 istorum
232 887 389 978 bominum
414 888 558 969 sapientia
590 900 738 969 expromat
769 887 854 946 nobis
885 885 1024 944 Socrates.
1066 884 1113 943 Sic
1145 884 1199 944 ille
1220 902 1323 963 porro:

72 996 185 1044 etune
205 1006 274 1045 vero
294 984 455 1064 intelligis,
476 987 591 1066 inquit,
612 986 766 1045 Theaetete
776 1030 786 1060 ,
806 1004 894 1063 quare
915 983 986 1041 haec
1007 983 1323 1060 secundumprotago-
1362 1010 1365 1016 ·

65 1102 149 1157 rae,
170 1103 257 1162 quam
278 1084 523 1158 memoravimus,
544 1085 736 1156 sententiam,
758 1082 829 1142 talia
856 1083 940 1141 sint?
963 1118 994 1128 -
1016 1080 1152 1140 Nondum
1176 1082 1320 1161 equidem.

58 1181 214 1242 Gratiam
234 1183 324 1262 igitur
342 1183 415 1243 mibi
441 1181 579 1256 babebis,
611 1182 634 1241 si
655 1166 711 1243 tibi
733 1183 809 1258 viri,
831 1183 888 1241 imo
919 1179 1048 1240 virorum
1069 1178 1320 1240 celeberrimorum

64 1280 213 1340 abditam
232 1281 392 1341 sententiae
413 1281 564 1341 veritatem
588 1278 617 1361 l)
638 1281 862 1363 investigavero.
886 1307 918 1317 -
940 1275 1054 1353 Quidni
1074 1275 1322 1359 habeametmag-

65 1398 147 1439 nam
168 1377 316 1458 quidem?
338 1377 469 1438 -Vide
491 1379 580 1459 igitur
601 1393 628 1438 et
650 1380 858 1462 circumspice,
880 1399 918 1438 ne
937 1376 1002 1456 quis
1013 1396 1044 1434 ea
1060 1375 1200 1455 profanus
1210 1375 1320 1436 audiat.

63 1476 156 1537 Sunt
176 1490 272 1535 autem
293 1476 360 1551 illi,
381 1478 431 1555 qui
453 1476 531 1536 nihii
551 1477 635 1538 aliud
656 1500 716 1540 esse
735 1492 860 1563 putant,
883 1477 939 1536 uisi
960 1471 1039 1553 quod
1055 1473 1190 1532 manibus
1200 1473 1322 1533 firmiter

58 1573 470 1661 possintcomprehendere5
500 1577 627 1637 actiones
650 1600 717 1640 vero
748 1579 1003 1658 generationesque
1025 1584 1054 1631 et
1074 1571 1220 1651 quidquid
1241 1573 1322 1632 cerni

61 1694 138 1735 nou
160 1684 256 1754 potest
277 1673 310 1731 in
331 1680 430 1746 coium
451 1695 589 1748 numero,
610 1697 684 1754 quae
705 1687 795 1750 aunt,
817 1697 877 1737 non
898 1674 1018 1732 habent.
1041 1701 1075 1710 -
1095 1673 1207 1744 Durus,
1229 1693 1246 1731 o
1268 1670 1323 1730 So-

59 1784 189 1845 crates,
210 1785 238 1830 et
257 1790 371 1852 asperos
389 1770 520 1831 homines
540 1794 686 1834 memoras.
708 1802 743 1812 -
763 1773 839 1833 Sunt
857 1774 952 1847 enim,
974 1792 991 1830 o
1011 1791 1102 1851 puer,
1125 1791 1141 1827 a
1162 1769 1255 1829 Musis
1264 1769 1320 1829 ad-

61 1868 201 1931 modum
219 1869 327 1929 alieni:
349 1869 396 1928 illi
419 1885 496 1929 vero·
508 1871 601 1930 multo
622 1872 830 1951 elegantiores,
851 1892 973 1950 quorum
994 1869 1050 1927 tibi
1072 1867 1322 1948 traditurusmys-

59 1968 149 2029 teria
169 1989 243 2028 sum.
285 1967 485 2049 Principium,
507 1967 586 2027 unde
608 1983 636 2035 et
657 1990 689 2028 ea
699 2016 708 2044 ‚
729 1991 801 2050 quae
816 1970 957 2029 haetenus
967 1967 1031 2027 dixi
1042 2011 1051 2042 ‚
1071 1965 1322 2045 'omniapendent,

59 2066 127 2127 boc
152 2066 218 2125 illis
237 2079 296 2142 est,
320 2057 361 2139 ὦς
381 2059 416 2125 τὸ
438 2065 498 2125 πᾶν
516 2062 627 2146 κίνησις
649 2059 687 2148 ἦν
707 2065 757 2128 καὶ
778 2060 849 2128 ἄλλο
870 2060 953 2148 παρά
972 2063 1062 2126 τοῦτο
1073 2058 1176 2123 οὐδὲν·
1196 2073 1319 2124 univer-

59 2186 144 2225 sum
161 2166 248 2225 hoece
267 2177 381 2225 motum
401 2176 431 2226 et
450 2169 538 2225 aliud
552 2182 675 2247 praeter
691 2162 805 2230 motum
826 2171 908 2228 nitet
927 2191 1007 2228 asae:
1037 2165 1130 2225 motuis
1149 2169 1255 2225 autem·
1263 2162 1322 2221 duo

60 2284 137 2323 esse
156 2282 264 2342 genera
274 2309 284 2338 ‚
325 2279 477 2344 utrumque
498 2266 689 2329 multitudine
710 2269 880 2344 infinitum,
901 2269 961 2330 viru
980 2288 1049 2328 vero
1069 2267 1192 2324 alterum
1210 2262 1323 2321 habens

59 2359 185 2448 agendi
196 2405 206 2434 ‚
226 2359 349 2421 alterurn
369 2364 523 2444 patiendi:
546 2386 583 2426 ex
605 2358 709 2426 horum
729 2383 826 2429 autem
847 2387 1000 2447 congressu
1020 2380 1048 2425 et
1066 2364 1204 2423 frictione
1222 2364 1322 2420 mutua

66 2459 163 2519 nasci
180 2478 303 2519 numero
321 2461 460 2537 infinita,
481 2466 577 2544 speeie
597 2465 687 2541 bina,
716 2467 839 2527 alterum
860 2458 1059 2544 αἰσθητόν,
1083 2457 1261 2542 αἴσθησιν
1282 2461 1321 2519 al·

61 2571 196 2631 terum,
217 2578 340 2636 quorum
357 2558 411 2619 hoc
430 2581 495 2621 cum
515 2562 570 2622 illo
587 2565 745 2625 convenire
755 2579 782 2624 et
799 2558 947 2646 generari:
965 2570 1110 2625 'caeterum
1128 2555 1321 2643 αἰσθήσεις

59 2657 115 2719 hia
138 2653 223 2737 apud
244 2677 296 2716 nos
317 2657 486 2718 nominibus
506 2660 668 2743 appellari,
690 2661 788 2738 visus,
809 2663 946 2738 auditirs,
969 2662 1111 2739 olfactum,
1123 2664 1241 2746 gustus,
1253 2683 1321 2721 sen-

58 2754 181 2835 'sdsque
201 2754 303 2835 frigidi
322 2770 350 2814 et
370 2756 480 2833 calidi,
500 2761 608 2839 quique
626 2760 790 2842 voluptates
809 2777 837 2822 et
855 2762 988 2836 dolores,
1018 2763 1163 2842 appetitus
1181 2778 1210 2823 et
1230 2765 1319 2822 timo-

61 2870 114 2912 res
138 2863 301 2913 vocantur:
323 2853 452 2934 aliosque
473 2858 589 2917 affectus
608 2859 795 2936 innumeros,
816 2861 867 2940 qui
890 2862 1009 2921 nomine
1041 2874 1161 2935 carent,
1184 2864 1320 2921 nomina-

63 2962 113 3010 tos
135 2968 226 3028 quarn
244 2950 403 3033 plurimos3
423 2950 595 3038 αἰσθητό
601 2981 617 3017 ν
639 2971 735 3017 autem
755 2979 845 3040 genus
863 2958 910 3018 bia
931 2959 1055 3038 singulis
1075 2980 1136 3019 esse
1156 2972 1319 3038 cognatum,

65 3046 190 3111 visibm
211 3051 373 3131 omnigenis
393 3058 561 3138 omnigenos
582 3060 707 3119 colores:
730 3057 881 3117 auditibus
902 3057 1002 3118 itidem
1014 3080 1117 3119 voces:
1140 3059 1316 3137 caeterisque

68 3139 238 3227 αἰσθήσεσι
259 3162 370 3213 caetera
388 3149 553 3237 uiodqrdss’
575 3157 608 3236 2)

110 3248 205 3308 Hunc
226 3249 260 3309 in
281 3251 398 3312 modum
419 3254 550 3316 Socrates
571 3256 766 3340 sophistarum
788 3255 904 3314 illorum
916 3267 944 3314 et
954 3255 1194 3338 pbilosophorum
1212 3255 1318 3336 placita

72 3347 218 3429 exponit:
240 3348 371 3411 illustrat
391 3369 488 3413 autem
509 3356 623 3436 singula
646 3377 712 3415 eum
743 3354 810 3415 aliis
831 3355 992 3435 exemplis,
1013 3369 1075 3413 tum
1095 3354 1149 3413 hoe
1160 3400 1169 3428 ‚
1190 3353 1228 3412 ab
1253 3374 1318 3413 ocu·

71 3446 109 3506 tis
129 3458 161 3505 et
181 3444 328 3508 coloribus
357 3451 453 3512 ducto.
500 3453 616 3528 «Quod
647 3454 772 3513 colorem
804 3474 889 3514 vocas
921 3452 1041 3528 album,
1063 3453 1180 3529 inquit,
1210 3449 1243 3508 id
1264 3472 1317 3508 nec

70 3542 155 3604 alind
175 3542 338 3623 quidquam.
353 3548 434 3610 extra
453 3552 552 3612 oculos
571 3567 636 3612 tuus
656 3574 734 3628 esse,
756 3573 809 3611 nec
829 3552 862 3609 in
893 3549 1005 3623 oculis,
1035 3549 1200 3607 existimes:
1222 3569 1317 3626 neque

69 3642 118 3703 illi
136 3656 170 3701 tu
189 3642 285 3702 locum
305 3662 415 3708 certum
434 3651 563 3711 tribuas:
582 3653 644 3730 jam
665 3652 743 3709 enim
764 3661 893 3708 maneret
910 3646 1020 3706 alicubi
1041 3646 1145 3706 ordine
1164 3667 1217 3706 nee
1236 3647 1317 3707 fieret

68 3743 272 3820 generatione.
295 3771 330 3782 -
351 3747 501 3821 Quomodo
523 3751 613 3831 igitur
642 3748 720 3808 illud
741 3768 770 3808 se
791 3746 904 3807 habet?
925 3779 961 3788 -
981 3745 1139 3824 sequamur
1157 3738 1315 3806 sermonim

67 3839 266 3920 superiorem,
294 3866 384 3924 quum
413 3847 491 3908 nihil
509 3870 562 3930 per
582 3871 611 3909 se
639 3849 733 3928 ipsum
755 3867 846 3905 unum
874 3866 933 3904 esse
953 3845 1147 3924 ponebamus:
1171 3860 1257 3924 atque
1275 3846 1314 3903 ita

67 3937 156 3996 nobis
175 3940 257 4020 niger
275 3941 415 4024 albusque
435 3959 464 4006 et
479 3949 577 4026 quivis
596 3948 671 4007 alius
691 3945 770 4005 color
791 3966 827 4003 ex
857 3944 1007 4004 oculorum
1027 3945 1066 4005 ad
1086 3946 1308 4007 convenientem

66 4034 142 4114 ipsis
160 4058 257 4099 rerum
277 4055 385 4103 motum
404 4045 600 4126 applicatione
622 4045 764 4105 exstitisse
785 4043 953 4117 videbitur,
972 4057 999 4102 et
1018 4042 1212 4122 quodcunque
1237 4041 1312 4100 colo·

65 4172 330 4190 m

103 4248 131 4315 1)
149 4253 188 4305 Pr
197 4264 230 4307 ot
239 4273 252 4308 a
261 4275 365 4327 gorne
376 4263 516 4329 antiquitus
525 4262 590 4313 liber
600 4262 697 4315 exstitit
704 4250 765 4316 Ἀλ
774 4249 793 4336 η’
800 4257 887 4315 deta
901 4268 1052 4333 inscriptus.
1063 4267 1119 4317 vid.
1137 4265 1231 4318 Groen.
1243 4266 1311 4316 Pro-

59 4350 246 4416 sopopr.1'lut.
267 4368 290 4418 p.
310 4352 354 4404 80.

100 4429 239 4547 2⁸)ttaeaet.
258 4438 315 4490 155.
348 4438 496 4505 Ι).-1,56.
516 4441 543 4491 C.
575 4527 576 4530 Ἴ
