2796 5048
658 195 700 253 lb.

61 369 112 414 tur
124 359 312 435 juventutem
331 373 410 413 suam
430 352 597 434 descripsit,
612 354 768 432 quumotia
782 368 918 435 captans,
931 376 988 437 par
1004 356 1075 415 anni
1092 371 1285 439 tempestatem

63 473 96 531 in
108 468 210 550 sylvas
226 481 391 546 montesque
409 481 586 542 excurreret,
606 482 635 527 et
646 490 733 526 mune
751 470 847 528 uirida·
861 472 992 528 manuleo
1011 471 1063 529 sub
1081 474 1187 531 arbuto
1206 483 1284 531 stro·

65 597 131 662 tur,
144 607 228 643 nunc
246 585 286 642 od
304 604 400 662 aquae
419 585 484 642 lane
503 595 594 662 ceput
611 606 733 659 coerce,
754 554 912 665 promerel,
933 607 994 645 non
1004 630 1013 660 ,
1034 599 1067 645 ut
1084 586 1156 662 ille,
1175 594 1286 647 vetuit

57 701 167 785 poeula
183 700 312 761 moeret
322 742 331 772 ,
356 697 406 757 sed
425 698 532 758 librum
551 699 694 775 Platonis,
717 699 750 757 in
776 701 892 785 ejusque
910 721 939 758 se
959 700 1111 759 lectionem
1131 701 1285 778 conjiceret

61 839 92 877 ac
109 818 231 898 penitus
257 762 443 873 demittere&
471 813 517 874 lbi
543 826 623 888 tum,
652 814 767 892 inquit,
790 813 854 872 fieri
874 812 1001 889 solebat,
1020 827 1070 889 ut,
1098 814 1285 893 quemadmo-

60 931 131 990 dum
148 929 212 1010 ipsc
230 929 264 987 in
282 928 341 987 alto
360 927 494 1007 aditoque
519 929 627 1008 positus
645 929 676 987 in
695 929 929 1007 circumjacentia
947 930 1026 989 infra
1044 950 1089 989 me
1107 929 1170 991 loca
1192 931 1284 994 veluti

61 1065 152 1124 parva
164 1055 199 1101 et
212 1042 337 1103 humilia
353 1041 578 1124 prospiciebam,
592 1044 632 1102 sic
649 1042 778 1102 Platonis
788 1044 873 1123 genio
882 1042 1008 1124 repletus
1017 1046 1117 1126 purior
1135 1044 1284 1127 leviorque

63 1161 96 1218 in
117 1156 252 1219 coelestes
279 1159 407 1237 regiones
435 1156 567 1216 sublimis
596 1158 709 1218 evolare
737 1157 860 1218 viderer.
881 1191 916 1203 -
935 1159 995 1239 Ego
1022 1179 1087 1218 cum
1113 1161 1175 1241 ipso
1199 1182 1282 1243 saepe

62 1271 172 1333 deinde
186 1285 217 1331 et
228 1274 346 1333 excurri
370 1293 421 1352 per
440 1285 551 1330 montes
573 1271 742 1352 sylvasque,
763 1285 791 1331 et
808 1272 928 1331 recubui
948 1273 1072 1334 subinde
1089 1274 1123 1334 in
1140 1275 1231 1355 pratis
1253 1289 1283 1335 et

61 1387 193 1447 amnium
220 1387 309 1467 ripis:
337 1385 464 1455 ubi-nec
489 1384 604 1445 Ilissum
628 1408 681 1446 nec
703 1386 853 1467 platanum
875 1384 957 1446 illam
984 1386 1198 1466 desiderabam,
1225 1408 1283 1470 quo

62 1504 160 1563 minus
179 1521 238 1561 esse
262 1500 334 1560 mihi
354 1501 468 1563 viderer
485 1500 632 1562 Phaedrus
648 1501 772 1581 aliquis,
791 1502 842 1580 qui
860 1500 1002 1561 Socratem
1020 1524 1113 1562 meum
1132 1504 1211 1585 loqui
1227 1525 1283 1564 au-

62 1616 157 1677 direm
174 1615 212 1678 de
230 1615 331 1697 pulcro
354 1630 383 1676 et
405 1616 542 1692 sublimi,
562 1616 599 1677 de
616 1638 730 1692 amore,
750 1617 786 1678 de
803 1619 910 1676 amoris
929 1619 1122 1680 enthusiasmo
1131 1665 1140 1695 ,
1164 1618 1201 1679 de
1217 1618 1281 1680 am‘·

61 1753 179 1800 ntorum¹
198 1731 427 1791 immortalitate:
449 1753 502 1790 nec
526 1731 606 1821 loqui
629 1731 743 1807 sedate,
764 1734 934 1814 composite,
958 1731 1079 1809 leniter,
1101 1748 1133 1793 ut
1154 1735 1282 1812 solebat,
1346 1770 1349 1777 ·

62 1846 113 1907 sed
137 1841 340 1906 ἐνθουσιῶντα
366 1836 635 1928 prorsus,·''quippe
655 1845 805 1926 abreptum
823 1846 910 1928 plane
938 1867 1072 1906 sensuum
1090 1834 1281 1927 sublimitate,

61 1984 150 2043 quam
165 1979 270 2025 natura
286 1942 460 2024 excitaverat
477 1975 506 2020 ct
523 1960 618 2020 alebat
636 1962 770 2020 memoria
786 1960 922 2021 Platonis.
953 1963 1027 2021 Loca
1044 1962 1117 2038 illa,
1134 1965 1174 2024 mi
1194 1969 1285 2026 Creu-

63 2100 146 2155 zere,
172 2094 269 2161 repeto
294 2078 436 2153 subinde,
467 2076 526 2137 uhi·
543 2076 635 2135 amnis
662 2076 743 2137 adest
771 2077 936 2136 etiamnunc
961 2091 989 2157 et
1014 2077 1124 2138 adsunt
1150 2080 1284 2141 arbores:

63 2211 177 2256 canunt
194 2199 280 2257 etiam
299 2193 428 2268 cicadae,
448 2212 521 2271 quae
530 2191 748 2271 jucundissimis
768 2212 969 2272 saepenumero
983 2193 1160 2254 sermonibus
1178 2216 1285 2278 oppor-

62 2311 219 2371 tunitatem
242 2310 452 2392 praebuerunt:
475 2307 607 2367 desidero
629 2328 698 2368 vero
721 2308 834 2382 virum,
857 2308 939 2385 cujus
961 2309 1121 2388 praesentia
1145 2323 1174 2370 et
1195 2333 1287 2372 serrem

62 2426 136 2485 haec
156 2427 253 2485 omnia
271 2425 344 2484 mihi
362 2424 436 2483 laeta
446 2469 455 2498 ,
468 2422 619 2500 ⁸jucunda,
638 2421 697 2480 imo
715 2435 813 2481 sancta
831 2435 860 2480 et
879 2421 1045 2482 veneranda
1064 2423 1217 2487 faciebant.
1249 2428 1286 2488 Et

60 2556 162 2601 tamen
188 2528 314 2621 repetere
343 2539 437 2620 placet
462 2536 524 2596 loca
551 2536 621 2596 illa:
643 2557 710 2596 nam
728 2549 770 2595 est
788 2537 932 2616 proiecto,
963 2549 997 2596 ut
1013 2536 1065 2597 ille
1088 2539 1147 2613 ait,
1168 2542 1286 2601 dolendi

59 2655 152 2715 eliam
165 2656 305 2731 uoluptas
323 2652 471 2733 quaedam.

105 2770 179 2828 Cum
198 2767 374 2828 Ruhnkenio
393 2785 555 2848 comparare
574 2763 672 2824 studui
690 2763 960 2824 desideratissimum
985 2765 1098 2850 virum:
1129 2770 1284 2849 potuissem

61 2902 131 2942 cum
151 2882 361 2958 Valckenario‚
382 2902 448 2940 cum
461 2880 596 2961 Heynio,
616 2899 682 2937 cum
698 2877 773 2938 aliis.
804 2879 875 2938 Nam
894 2879 951 2939 feci
971 2900 1032 2938 non
1050 2879 1104 2941 hoc
1123 2886 1284 2965 proposito,

64 3011 99 3056 ut
118 2999 197 3057 viros
213 2998 281 3058 illos
296 2997 378 3076 quasi
395 2995 602 3078 ponderarem,
621 3007 758 3073 tanquam
776 2995 809 3053 in
826 2994 909 3054 lance
925 2995 1039 3075 positos.
1069 2995 1199 3061 Aliorum
1215 3001 1284 3062 haee

63 3113 191 3174 facultas
209 3127 269 3188 est,
289 3134 349 3172 uon
364 3133 442 3185 mea,
464 3131 524 3169 non
541 3110 625 3169 amici
635 3136 650 3183 ,>
660 3131 719 3169 nou
733 3108 881 3190 discipuli.
912 3108 969 3170 Sed
987 3110 1083 3190 prouti
1101 3112 1134 3170 in
1148 3114 1286 3177 familiari

62 3249 198 3316 sermone
214 3229 369 3288 amicorum
384 3225 690 3286 solemus-varietatem
708 3220 876 3303 exquirere,
896 3226 930 3283 in
949 3225 1015 3283 aliis
1032 3224 1089 3284 alia
1107 3228 1285 3291 animadver-

63 3358 127 3403 tere
142 3357 174 3404 et
192 3342 327 3416 laudare,
347 3341 414 3400 aliis
441 3339 513 3400 ahos
534 3339 681 3410 conferre:
713 3339 765 3411 sic¹
781 3339 969 3419 apponendus
996 3339 1149 3400 videbatur
1169 3344 1215 3404 vir
1229 3366 1286 3405 ma·

19 3471 24 3479 ‘
65 3480 144 3539 gnus
163 3479 216 3517 nec
237 3458 331 3538 impar
349 3453 594 3535 Wyttenbaehio,
608 3453 666 3512 imo
679 3453 798 3527 similis,
819 3474 875 3532 quo
894 3454 981 3531 hujus
998 3471 1148 3535 appareret
1163 3461 1287 3522 eviden-

64 3575 128 3634 tius
146 3573 238 3635 virtus
255 3568 370 3654 propria
389 3584 417 3629 et
433 3570 515 3651 quasi
529 3570 630 3650 imago.
656 3568 694 3629 Et
710 3567 858 3649 respondit
876 3570 944 3629 huic
963 3570 1084 3644 virtuti,
1105 3570 1173 3631 huic
1191 3573 1287 3636 indoli

65 3704 97 3750 et
113 3689 232 3768 ingenio
250 3700 308 3747 tota
325 3688 381 3750 viri
398 3687 467 3746 vita.
482 3698 510 3742 et
534 3683 694 3757 studiorum
714 3684 796 3743 ratio.
836 3683 963 3742 Platonis
981 3681 1137 3744 admiratus
1161 3690 1286 3749 estnon

63 3818 181 3866 tantm
201 3803 361 3863 orationem
383 3800 516 3862 divinam
526 3845 535 3876 ,
558 3800 608 3859 sed
627 3799 719 3881 ipsam
736 3798 964 3880 philosophiam:
986 3819 1126 3878 quamque
1142 3802 1287 3862 Ruhnke-

65 3920 135 3979 nius
160 3931 219 3977 tam
245 3917 391 4000 praeclare
418 3915 629 3995 significaverat
654 3913 839 3995 intelligendi
866 3914 1131 3997 interpretandique
1160 3917 1287 3977 Platonis

65 4035 226 4108 rationem,
247 4032 321 4093 hanc
340 4019 401 4114 ipse
425 4032 566 4111 ingressus
582 4042 640 4090 cst.
677 4031 741 4105 Qua
764 4029 796 4087 in
815 4047 846 4112 rc
861 3998 983 4088 diffiiile
1002 4045 1043 4090 est
1061 4044 1201 4121 statuere,
1223 4045 1287 4114 uter

64 4149 151 4211 alteri
168 4147 352 4228 praestiterit.
372 4144 584 4206 Namdubium
603 4134 701 4205 videri
714 4144 815 4224 possit,
836 4142 894 4205 utri
911 4128 1001 4221 major
1015 4145 1052 4202 sit
1069 4120 1159 4205 libum
1177 4145 1284 4223 haben·

63 4265 141 4339 dm,
161 4262 213 4342 qui
236 4260 381 4321 invenerit
404 4262 501 4336 v'iam,
522 4282 560 4320 an
586 4261 636 4340 qui
661 4259 740 4338 sequi
764 4257 801 4317 ait
828 4278 913 4317 ausus
936 4270 963 4315 et
987 4257 1101 4317 naviter
1118 4260 1284 4342 fortiterque

63 4380 103 4439 sit
117 4390 293 4463 persecutus.
328 4375 408 4446 illud
429 4390 510 4436 extra
525 4371 636 4435 omnem
659 4368 868 4433 dubitationem
885 4385 927 4433 est
949 4373 1090 4451 positum,
1109 4359 1285 4454 Wyttenba·
