2796 5048
657 223 711 284 183

27 401 88 469 ,ἐσμ
157 381 302 470 quasa
333 379 366 446 ui
396 379 678 466 nicomedienses,
705 379 776 446 midi
801 387 959 464 μετασχεῖν
985 385 1040 466 τῆς
1064 385 1118 447 τοῦ
1141 383 1291 464 βελτίστου

41 491 202 585 φύσεως·
228 508 348 570 aptoton
373 510 431 568 pop
458 488 529 553 udos
550 487 600 549 uui
619 482 725 606 πάσαις
746 481 781 547 cti
802 510 846 566 μη
868 507 917 566 yse
917 480 1019 548 mosas
1041 481 1197 606 topiros«
1217 510 1291 566 μετα

47 596 145 666 τοῦτο
185 591 231 653 καὶ
256 585 292 652 td
320 591 438 670 πρῶτον
463 592 524 651 τῶν
551 584 647 651 ἄλλων
673 582 820 709 despair,
843 582 978 671 deducor
998 585 1046 664 δὲ,
1069 584 1293 670 repercutiam

53 697 231 766 tenuante
260 716 301 766 ως
330 687 464 773 τάχιστα.
496 692 598 774 Atilios
630 685 681 753 οὖν
713 685 755 766 ὠς
792 685 882 773 οὔσης
912 688 1072 773 κρείττονος
1102 690 1157 772 τῆς
1189 691 1221 752 ἕν
1250 693 1294 778 τῷ

58 796 210 867 ηθνᾶναι
251 795 400 877 διαγωγῆς
436 790 454 877 ἢ
493 795 548 877 τῆς
580 794 612 855 e’o
641 795 685 880 τῷ
717 793 795 880 ζῇν,
827 787 922 868 οὕτως
957 787 1136 879 ἀπεφήνατο·
1171 804 1273 874 itaque
1285 842 1293 870 ,

63 907 339 983 praestantissime·
355 906 486 956 omnium
510 909 539 956 et
567 901 753 971 beatissime,
783 920 850 955 oum
868 899 979 970 salices
1004 919 1156 956 censemus
1178 917 1238 954 esse
1263 905 1293 952 et

68 1004 186 1073 lectos,
213 1006 267 1076 qui
294 1004 359 1055 vita
387 999 442 1054 leuc
467 990 606 1072 defuncti
631 1007 719 1070 sarit,
752 1007 817 1054 turn
838 999 925 1072 nefas
938 1006 1101 1072 putamus,
1131 1002 1291 1073 quicquam

70 1100 100 1158 de
117 1102 165 1154 iis
185 1098 269 1172 falso
294 1105 350 1152 aut
373 1097 579 1154 contumeliose
604 1097 725 1153 dicere:
755 1103 862 1175 quippe
887 1103 941 1173 qui
961 1094 1096 1152 melioris
1108 1101 1289 1170 jampras-

75 1202 282 1272 marmorisque
299 1203 431 1251 naturae
443 1197 531 1269 facti
550 1201 613 1252 sint
631 1204 783 1270 compotes.
806 1192 907 1271 Atque
925 1195 995 1251 doec
1013 1202 1118 1250 nostra
1138 1199 1288 1250 sententia

10 1288 22 1323 ⁵·
77 1303 114 1353 ito
132 1304 255 1352 uetusta
285 1303 347 1367 ost,
377 1301 412 1349 ut
439 1299 506 1367 ejus
533 1301 562 1349 et
590 1299 716 1349 initium
749 1302 779 1349 et
807 1303 913 1351 auctor
935 1311 1062 1368 prorem
1089 1298 1287 1371 ignorentur,

10 1412 12 1421 ·
80 1390 119 1448 ssd
138 1392 178 1448 ab
203 1392 329 1469 infinita
351 1412 443 1468 usque
471 1397 653 1447 aeternitate
686 1398 874 1448 continenter
902 1410 937 1447 eo
965 1396 1008 1448 sic
1037 1398 1082 1447 ost
1105 1396 1286 1468 propagata.

10 1474 24 1507 i
84 1487 122 1546 Ad
146 1490 216 1549 haec
237 1491 337 1564 oides,
369 1496 402 1545 in.
426 1511 475 1547 ore
499 1489 668 1548 hominibus
691 1510 751 1548 esse
784 1491 918 1548 omnibus
938 1495 1008 1564 jam
1037 1489 1107 1545 inde
1134 1508 1153 1544 a
1181 1487 1287 1545 multis

11 1536 33 1639 ¹i
86 1593 162 1646 onais
186 1596 296 1647 tritum
324 1588 412 1647 illud.
465 1586 642 1667 Quodnam?
672 1594 806 1666 inquam.
848 1586 907 1644 Illo
936 1608 1022 1660 vero,
1052 1587 1284 1664 quodomnium

10 1665 23 1678 ’
87 1690 226 1761 pomum,
247 1694 365 1765 inquit,
386 1695 449 1760 est,
470 1708 528 1744 non
548 1692 653 1743 nasci:
670 1695 812 1762 praestat
831 1695 931 1743 autem
948 1692 1043 1766 speri,
1064 1705 1153 1762 quam
1171 1692 1285 1776 oioers:

10 1778 43 1923 ῃ
87 1785 189 1861 ejusque
206 1793 254 1844 rei
270 1786 376 1843 multis
395 1794 467 1842 sunt
485 1785 634 1843 diuinitus
644 1785 799 1861 perhibita
818 1790 997 1842 testimonio.
1029 1783 1129 1861 Atque
1146 1784 1202 1840 huc
1216 1767 1285 1859 per·

10 1906 34 1941 ι,
86 1882 166 1958 tinet,
192 1885 268 1963 quod
290 1893 463 1957 narratur,
496 1882 632 1941 Silenum
661 1903 678 1938 a
703 1883 786 1940 Mida
804 1889 861 1940 isto
879 1893 1018 1958 captum,
1047 1892 1077 1939 ot
1094 1901 1113 1937 a
1131 1888 1286 1945 ,venatione

16 1958 32 2019 Ξ
82 1979 107 2027 02'
121 1990 301 2056 sciscitanti,
322 1982 466 2059 quidnam
486 1989 630 2058 optimum
650 1982 768 2038 homini
785 1988 970 2058 maximeque
988 1981 1181 2056 repetendum
1198 1989 1286 2053 esset,

10 2084 25 2118 ·'
75 2081 217 2160 erinopu
239 2081 565 2157 respondero'noluisse
584 2101 735 2158 uocemque
755 2087 977 2157 compressisse:
1007 2079 1126 2136 tandem
1146 2099 1214 2135 cum
1234 2098 1284 2133 ur·

10 2184 29 2219 ·*·
71 2180 173 2253 gandi,
202 2189 237 2237 ut
254 2179 373 2256 aliquid
389 2180 519 2253 diceret,
541 2179 639 2252 finem
658 2180 778 2235 nullum
798 2178 884 2236 Mida
896 2181 1034 2254 saceret,
1064 2184 1099 2233 in
1118 2177 1188 2234 ltaec
1207 2183 1284 2233 inci·

10 2284 17 2321 Γ
70 2271 136 2332 'um
160 2286 291 2355 erupisse
316 2279 424 2334 uerba:
457 2277 663 2336 «Aerumnosi
684 2285 770 2359 genii
801 2287 829 2334 et
854 2276 991 2355 difficilis
1018 2277 1169 2350 fortunas
1188 2296 1284 2341 semen
1318 2351 1319 2354 Ἴ

65 2367 96 2419 ῑη
135 2378 209 2435 diem
241 2376 376 2450 durans,
403 2396 497 2452 quare
517 2396 563 2432 me
592 2382 698 2455 cogitis
726 2396 761 2433 ca
788 2377 866 2433 vodis
885 2377 1004 2449 dicore,
1031 2395 1106 2451 quae
1133 2375 1211 2432 codis
1238 2394 1285 2430 no·

62 2473 145 2534 wire
161 2485 229 2533 erat
244 2473 379 2532 melius?
399 2474 531 2531 Maxime
549 2481 629 2530 enim
645 2483 786 2531 vacantes
796 2474 892 2531 dolore
912 2481 1019 2530 oiount
1028 2518 1036 2547 ,
1057 2480 1110 2550 qui
1128 2493 1184 2530 sua
1202 2479 1284 2551 igno·

60 2579 142 2632 rant
164 2577 255 2633 malo.
296 2572 475 2631 Hominibus
500 2582 601 2629 autom
624 2581 741 2630 omnino
758 2579 901 2648 optimum
921 2580 982 2646 est,
1013 2593 1070 2628 non
1090 2577 1175 2629 nasci
1194 2592 1286 2648 neque

53 2677 244 2750 participem
254 2673 334 2750 fleri
349 2677 586 2749 praestantioris
606 2681 737 2728 naturae
747 2692 761 2740 ;
792 2680 936 2746 optimum
955 2676 1034 2726 enim
1053 2671 1188 2727 omnibus
1207 2676 1285 2725 utri·

27 2848 32 2853 Ι
55 2776 157 2842 mque
183 2793 271 2831 serus
298 2771 466 2829 leontinihus
490 2771 542 2827 lroc
566 2760 629 2827 est:¹
650 2777 824 2846 preciosum
850 2770 938 2842 huic,
968 2777 998 2825 et
1021 2774 1105 2824 inter
1128 2787 1181 2841 ea,
1212 2787 1285 2842 quae

53 2875 202 2949 ⁰0nsequi
222 2870 303 2927 homo
319 2875 433 2946 possit,
455 2877 593 2944 primum
609 2877 671 2942 est,
702 2888 791 2946 quam
811 2869 966 2925 celerrimo
988 2873 1097 2925 mori.»
1142 2865 1286 2940 Manifes-

53 2963 128 3024 tum
147 2990 217 3027 vero
235 2978 297 3043 est,
318 2976 362 3026 sic
379 2989 446 3025 sum
459 2974 691 3044 pronunciasse,
713 2969 790 3046 quod
802 2969 908 3024 melior
922 2973 963 3024 sit
975 2976 1175 3039 mortuorum,
1197 2985 1286 3042 quom

50 3060 216 3140 vivorum,
238 3068 377 3159 conditio.
402 3064 432 3146 l)

91 3158 145 3226 Ut
163 3185 232 3227 vero
258 3146 407 3244 perierunt
435 3161 520 3223 nobis
544 3163 604 3221 lere
622 3163 783 3223 Aristotelis
803 3163 927 3244 dialogi,
951 3165 991 3222 ita
1018 3175 1190 3242 supersunt,
1217 3183 1287 3238 quos

50 3268 129 3330 apte
148 3285 215 3325 cum
232 3262 388 3321 Platonicis
406 3282 619 3342 comparemus,
641 3260 747 3341 dialogi
767 3262 926 3323 Lusionei.
977 3260 1108 3340 Cognovi
1135 3259 1289 3338 equidem,

51 3354 105 3426 Pli
132 3377 316 3439 utrorumque
337 3360 452 3420 nullum
476 3381 644 3441 magnopere
666 3360 821 3419 discrimen
839 3363 1073 3442 suspicarentur,
1101 3370 1169 3430 aut,
1189 3358 1213 3414 si
1239 3355 1288 3415 vel

52 3463 185 3521 maxime
212 3460 444 3539 suspicarentur,
464 3460 550 3538 quale
578 3458 655 3517 illud
684 3473 771 3533 esset,
797 3458 876 3518 haud
906 3459 1111 3538 perspicerent.
1153 3456 1190 3514 Et
1219 3476 1289 3535 pro-

52 3542 251 3619 ftetotsunt
243 3572 311 3616 item
329 3555 381 3633 hi,
402 3571 434 3617 ut
452 3558 614 3631 Platonici,
636 3578 695 3615 non
722 3506 879 3635 colloquia,
901 3557 951 3615 sed
969 3554 1111 3614 dr:amata
1132 3557 1291 3613 sertitem

53 3639 280 3737 Philosophiae,
307 3674 380 3734 quac
408 3655 555 3717 veritatem
573 3655 775 3734 'virtutemque
804 3669 930 3736 spectat,
962 3655 1061 3735 pleni,
1084 3667 1112 3712 et
1139 3653 1291 3731 quamvis,

56 3755 141 3815 quod
160 3756 297 3812 miremur
306 3754 395 3834 ,ipse
415 3753 447 3811 in
466 3753 502 3811 iis
520 3753 681 3833 exagitetur
699 3753 843 3828 Socrates,
866 3751 1000 3832 2)haud
1023 3752 1102 3812 deest
1126 3765 1224 3811 tamen
1252 3752 1289 3808 iis

57 3856 155 3914 “onia
174 3852 317 3913 Socratica
343 3872 408 3910 cum
436 3852 549 3911 Atticae
573 3851 714 3912 dictionis
733 3851 976 3931 humanitatisque
1005 3852 1092 3931 gratia
1121 3852 1284 3925 conjuncta.

66 4023 323 4052 μ...

54 4127 57 4136 Ι
87 4151 119 4222 ¹)
138 4164 206 4217 Plus
226 4157 350 4239 Haoau.
371 4149 447 4238 πρός
468 4151 581 4215 Ἀπολλ.
607 4164 678 4233 (opp
697 4164 716 4217 1.
734 4164 759 4216 2.
777 4164 834 4216 453
854 4163 941 4232 W.ytt)

86 4241 343 4314 ²)tttu.mus.X.
369 4257 587 4311 Demostratum
610 4258 721 4326 dialogis
745 4257 786 4307 liic
809 4259 906 4326 agimus
931 4259 1021 4309 solum.
1057 4255 1118 4308 Nam
1140 4263 1239 4306 exstant
1257 4257 1282 4304 in

57 4319 113 4388 ‘lus
148 4346 277 4413 scriptis,
310 4360 417 4411 quorum
446 4344 528 4396 forma
554 4344 630 4409 plane
655 4361 685 4393 ex
710 4343 818 4394 Platone
843 4344 917 4395 ducta
943 4351 995 4405 cst,
1018 4359 1042 4393 v.
1072 4359 1093 4392 c.
1117 4342 1281 4392 Dentostlsenis

59 4421 194 4460 ‘non-...-
