2796 5048
674 222 734 281 460

87 387 159 448 tidie
177 387 312 460 auribus,
334 383 541 464 Thrasymacbi
561 381 741 462 aliorumque
761 403 905 442 sermones
919 381 1065 458 audiens,
1086 385 1309 449 orationemvero

86 507 139 567 pro
158 487 219 565 ipsa
234 484 367 562 justitia,
389 482 536 541 meliorem
556 502 635 555 eam,
655 501 742 560 quam
761 481 935 559 injustitiam
949 501 1027 555 esse,
1051 501 1090 542 ex
1116 481 1206 542 nullo
1230 483 1310 545 adbuc

86 582 209 656 audivi,
230 581 345 660 qualem
370 601 524 660 cuperem;
556 600 692 660 cuperem
719 593 813 639 autem
830 580 921 660 ipsam
938 600 990 660 per
1009 599 1039 638 se
1058 580 1155 661 ipsam
1182 581 1311 641 laudatam

86 679 187 739 audire
200 703 206 736 :
217 681 340 737 maxime
361 699 429 739 vero
449 698 483 736 er
504 692 532 737 te
549 677 603 737 boo
623 699 667 736 me
686 677 811 737 arbitror
828 677 1005 737 auditurum.
1026 677 1219 758 Quapropter
1234 679 1311 738 dican

86 777 188 851 latins,
204 778 340 854 injustam
352 777 442 837 vitam
454 774 576 834 laudans
588 799 594 832 :
616 773 799 853 dicendoque
809 773 958 833 ostendam
968 773 1025 833 tibi
1035 820 1044 849 ,
1064 796 1198 854 quonam
1207 777 1312 835 maxine

87 874 172 934 modo
198 874 299 934 audire
326 887 354 931 te
375 873 483 947 velim,
512 875 724 953 vituperantem
753 873 947 948 injustitiam,
963 873 1113 951 justitiam
1137 873 1311 934 laudantem:

86 970 136 1030 sed
155 972 241 1046 vide,
273 993 342 1030 num
370 971 425 1030 hoo
452 970 508 1029 tibi
535 969 674 1050 placeat.»
700 967 729 1050 l)
759 969 806 1030 Ad
833 969 904 1029 baec
923 969 1054 1030 Socrates
1088 973 1263 1053 «maxime,¹
1279 973 1312 1031 in·

85 1071 166 1148 quit,
187 1071 334 1129 omnium:
357 1090 413 1148 qua
432 1067 469 1127 de
490 1089 520 1126 re
540 1067 618 1127 enim
637 1068 703 1146 quis
723 1069 838 1149 sapiens
857 1068 971 1149 saepius
990 1089 1058 1127 cum
1079 1069 1185 1129 dicere
1202 1084 1261 1131 tum
1276 1091 1313 1129 aa·

85 1166 149 1226 dire
169 1167 266 1228 velit?
298 1169 373 1226 Turn
391 1166 523 1240 Glauco,
545 1166 712 1246 praeclare,
733 1166 849 1245 inquit,
870 1165 1014 1245 loqueris:
1044 1167 1129 1246 quod
1147 1182 1246 1227 autem
1268 1169 1313 1249 pri·

83 1285 161 1323 mum
189 1265 225 1324 de
255 1265 309 1325 boc
339 1265 435 1324 dicere
455 1264 606 1344 pollicitus
625 1285 705 1337 sum,
732 1265 793 1341 jam
814 1263 883 1323 audi
900 1264 986 1343 quale
1006 1263 1039 1324 id
1061 1265 1122 1340 sit,
1146 1279 1178 1325 et
1197 1265 1316 1326 undesit

84 1377 145 1422 orta
162 1363 286 1441 justitia.
328 1363 437 1421 Natura
455 1362 559 1421 dicunt
580 1361 719 1440 injuriam
745 1362 839 1421 facere
869 1361 977 1420 bonum
1004 1383 1089 1438 esse,
1118 1362 1236 1441 injuria
1259 1385 1314 1425 vero

83 1459 160 1520 affici
177 1462 306 1537 malurn,
328 1461 379 1520 sed
398 1461 483 1540 longe
500 1459 568 1540 plus
585 1459 655 1518 mali
676 1481 735 1519 esse
755 1461 787 1518 in
804 1459 944 1540 patiendo
965 1461 1128 1539 injuriam,
1151 1482 1241 1541 quam
1257 1461 1314 1521 boni

83 1559 115 1616 in
145 1557 315 1617 inferendo:
348 1559 551 1637 quamobrem,
583 1571 733 1638 postquam
754 1558 881 1618 vicissim
906 1557 1046 1636 injuriam
1075 1573 1105 1618 et
1120 1559 1279 1619 intulerint
1293 1573 1315 1618 et

84 1657 250 1737 acceperint
276 1671 361 1735 atque
392 1669 545 1734 utrumque
571 1656 770 1734 gustaverint,
799 1655 849 1734 qui
875 1669 1025 1732 nequeunt
1052 1656 1152 1717 vitare
1178 1657 1270 1733 illud,
1287 1655 1312 1715 id

84 1755 221 1832 consequi
240 1775 342 1835 operae
362 1756 488 1836 pretium
508 1755 569 1814 sore
583 1754 712 1828 ducunt,
734 1767 765 1812 ut
784 1754 824 1812 ita
847 1754 975 1812 invicem
996 1769 1201 1835 componant,
1232 1768 1262 1814 ut
1276 1775 1315 1829 ne

84 1871 139 1929 que
158 1852 262 1911 inferri
279 1874 372 1932 neque
389 1853 481 1933 accipi
502 1853 591 1933 possit
617 1851 745 1929 injuria:
768 1851 896 1931 hincque
921 1852 1027 1912 volunt
1055 1853 1208 1933 originem
1233 1852 1313 1912 habn-

83 1948 136 2006 isse
154 1949 231 2029 leges
252 1964 337 2030 atque
358 1952 509 2025 instituta,
542 1964 570 2009 et
590 1949 737 2008 nominata
757 1970 816 2008 esse
835 1963 985 2030 praecepta
1006 1950 1106 2029 legum
1137 1951 1312 2031 legitimare

77 2047 165 2123 justa.
208 2047 291 2108 Hanc
311 2050 400 2129 igitur
412 2049 544 2127 justitiae
565 2067 623 2106 esse
649 2049 791 2128 originem
811 2061 839 2106 et
851 2047 918 2116 ,vim
938 2046 1148 2123 contendunt,
1181 2071 1255 2128 quae
1269 2069 1312 2107 me

82 2142 132 2202 dia
151 2145 362 2223 quodammodo
381 2147 419 2204 sit
438 2147 578 2227 optimum
594 2148 672 2206 inter
690 2159 718 2204 et
734 2147 906 2226 pessimum,
923 2143 1171 2223 quandoquidem
1189 2150 1313 2228 optimum

81 2257 122 2302 est
141 2243 250 2302 inferre
270 2245 407 2322 injuriam
429 2265 481 2302 nec
502 2244 572 2303 dare
589 2265 711 2324 poenas,
732 2245 887 2325 pessimum
907 2263 976 2303 vero
995 2243 1056 2323 pati
1085 2264 1143 2302 nec
1171 2265 1253 2325 posse
1276 2244 1313 2302 ul·

81 2339 159 2399 cisci.
201 2340 316 2400 Justum
336 2362 420 2420 ergo,
438 2340 541 2399 horum
561 2341 592 2400 in
610 2341 707 2401 medio
734 2342 942 2415 constitutum,
974 2360 1034 2399 non
1063 2343 1161 2401 amari
1192 2357 1312 2422 tanquam

80 2437 190 2496 bonurn
200 2483 209 2513 ,
230 2437 281 2497 sed
291 2483 300 2513 ,
321 2460 358 2497 ex
375 2438 577 2498 imbecillitate
596 2438 633 2498 ad
651 2439 789 2518 injuriam
808 2438 1009 2513 inserendam,
1039 2437 1206 2499 honorari:
1238 2441 1312 2500 nerni-

83 2556 150 2594 nem
169 2536 264 2611 enim‚
285 2537 336 2615 qui
357 2536 410 2597 hoc
432 2535 547 2596 efficere
567 2538 658 2616 possit
679 2557 803 2615 vereque
824 2537 871 2597 vir
891 2536 947 2612 sit,
968 2557 1035 2594 cum
1050 2536 1113 2596 alio
1134 2539 1265 2618 pacisci,
1283 2557 1311 2596 ne

82 2631 158 2692 ultro
184 2634 313 2712 citroque
343 2635 452 2714 injuria
477 2635 638 2694 inferatur:
661 2635 790 2693 insanire
810 2633 889 2692 enirn
909 2635 1005 2694 istum.
1048 2635 1130 2693 Haec
1153 2649 1218 2711 est,
1238 2657 1254 2695 o
1272 2635 1310 2694 So

80 2745 189 2806 crates,
210 2747 330 2792 naturae
344 2734 460 2811 justitia
480 2724 565 2811 atque
586 2753 601 2790 e
621 2732 731 2792 talibus
751 2746 811 2807 est,
844 2745 876 2790 ut
896 2733 1014 2807 ferunt,
1044 2734 1214 2812 progenita.
1254 2733 1310 2792 lllos

79 2842 194 2906 autern,
215 2833 264 2909 qui
280 2832 425 2909 justitiam
446 2844 581 2904 servant,
602 2831 711 2891 invitos
728 2829 760 2889 id
785 2850 886 2909 agere,
907 2850 974 2888 cum
994 2850 1031 2888 cx
1051 2828 1258 2891 imbecillitate
1275 2833 1309 2890 in·

75 2926 183 3002 juriam
203 2929 312 2987 inferre
332 2942 497 3006 nequeant,
518 2928 605 3008 plane
622 2928 867 3008 perspiceremus,
896 2929 921 2986 si
942 2928 1000 2987 tale
1018 2927 1094 3007 quid
1113 2930 1217 2989 animo
1235 2929 1309 3008 finge·

79 3042 192 3081 remus:
215 3027 239 3084 si
259 3027 392 3104 utrique,
413 3039 471 3084 tam
486 3027 583 3104 justo,
605 3046 690 3104 quam
710 3026 838 3103 injusto,
859 3026 1008 3085 licentiam
1029 3026 1224 3106 largiremur,
1233 3025 1308 3106 quod·

79 3139 195 3198 cunque
217 3121 348 3197 luberet,
368 3122 493 3202 agendi,
519 3136 580 3181 tum
601 3144 676 3204 pone
694 3144 877 3202 sequeremur
906 3134 1086 3204 spectantes,
1116 3145 1180 3203 qno
1211 3136 1308 3206 raperet

82 3232 236 3297 utrumque
263 3217 376 3278 libido:
408 3220 607 3279 inveniremus
637 3223 784 3301 profecto,
809 3223 919 3300 justum
947 3220 1090 3282 aviditate
1120 3217 1308 3304 compulsum,

78 3315 117 3375 ad
147 3316 246 3375 eadem
275 3337 323 3390 se,
354 3329 438 3392 atque
467 3317 627 3394 injustum,
659 3319 805 3392 conferre:
838 3318 871 3377 id
890 3312 1002 3377 seilicet
1026 3332 1133 3377 natura
1153 3321 1264 3395 omnis,
1283 3330 1307 3395 nt

79 3413 207 3489 bonum,
236 3414 365 3505 appetit3
390 3414 462 3492 ,lege
491 3435 560 3475 vero
590 3435 622 3474 ac
654 3416 684 3476 vi
713 3415 752 3475 ad
772 3417 974 3495 aequalitatem
995 3414 1175 3476 servandam
1193 3418 1306 3478 ducitur.

79 3512 143 3571 Erit
160 3527 254 3572 autem
274 3512 393 3572 licentia
414 3511 487 3588 illa,
508 3533 593 3590 quam
612 3511 696 3588 dieo,
714 3512 798 3587 talis,
820 3514 882 3572 istis
901 3514 925 3572 si
945 3512 1039 3587 detur,
1053 3515 1174 3591 qualem
1189 3515 1306 3595 aliquan·

79 3607 117 3666 do
126 3609 223 3670 ferunt
239 3612 326 3669 fuisse
336 3596 431 3690 Gygi3
455 3609 600 3689 qui,cum
620 3623 695 3668 terra
714 3610 830 3672 divulsa
850 3624 923 3670 esset
940 3611 1051 3690 magnis
1069 3611 1250 3690 quibusdam
1266 3613 1307 3670 in·

78 3703 197 3778 bribus,
218 3709 250 3765 in
260 3708 346 3766 illurn
363 3708 475 3768 hiatum
494 3707 656 3783 descendit,
673 3729 849 3788 aeneumque
870 3729 976 3786 equum
987 3753 995 3782 ,
1016 3721 1048 3766 ut
1064 3707 1169 3768 ferunt
1189 3709 1306 3781 fabulae,

78 3801 304 3879 animadvertit,
334 3808 418 3883 cujus
438 3807 470 3864 in
498 3806 638 3865 lateribus
658 3807 732 3867 fores
759 3819 869 3865 essent:
900 3803 1007 3885 quibus
1032 3806 1160 3884 apertis,
1192 3805 1307 3867 bominis

79 3900 186 3959 mortui
205 3901 283 3960 vidit
302 3923 404 3983 corpus
425 3903 628 3984 magnitudine
645 3903 782 3963 inusitata
793 3949 801 3977 ,
824 3903 1023 3980 annulumque
1048 3922 1170 3961 aureum
1192 3904 1225 3963 in
1244 3902 1304 3982 digi-

78 4010 125 4056 to:
148 4017 233 4074 quem
254 4011 285 4056 ut
303 3997 448 4074 detraxit,
470 4003 532 4081 ipse
552 4001 670 4059 induit:
690 4016 751 4060 erat
768 4002 967 4079 autemregius
986 4012 1101 4080 pastor:
1125 4013 1189 4059 tum
1208 4002 1240 4060 in
1249 4022 1305 4060 con·

79 4095 178 4153 cilium
197 4110 342 4175 pastorum
363 4117 391 4154 se
412 4099 530 4179 recepit.
573 4098 703 4158 ibicum
724 4100 819 4180 palam
839 4101 901 4178 ejus
919 4098 1025 4158 annuli
1043 4096 1081 4156 ad
1102 4097 1231 4179 palmam
1249 4121 1305 4158 con·

114 4403 143 4465 1)
163 4405 200 4455 De
218 4407 278 4473 liep.
297 4405 328 4455 ll.
344 4405 403 4456 358.
423 4407 452 4457 Β.
473 4406 501 4460 C.
520 4407 552 4458 l).
