2774 5048
657 242 695 300 59

49 398 52 475 i
100 403 166 464 bom
181 424 233 463 usu
244 449 252 478 ,
273 415 404 464 accurata
422 403 581 481 argumenti
602 402 791 474 delinitione,
813 402 947 461 interiore
970 402 1061 460 animi
1082 399 1202 459 humani
1223 419 1290 479 per-

49 570 51 579 ,
98 503 270 583 vestigatione:
313 500 389 560 valet
419 500 504 559 unice
531 498 569 559 ad
596 521 722 559 caussam
750 499 957 573 obtinendam,
987 518 1074 578 quam
1105 509 1291 579 proposuerat

90 602 174 682 burs,
203 601 313 660 amanti
340 597 494 678 gratificari
524 618 583 657 non
608 612 736 680 oportere
762 599 909 676 juvenem.
934 594 1180 680 *uQuaerendum
1208 593 1291 653 nobis
1331 619 1336 633 ¹

84 701 203 781 primm,
231 699 347 778 inquit,
378 695 451 774 quid
474 697 510 755 sit
534 716 628 756 amor:
658 710 720 756 tum
747 695 889 773 quidnam
913 715 949 753 ex
975 715 1008 754 eo
1037 694 1214 775 percipiatur
1243 690 1291 751 vol

81 797 243 857 emolumenti
276 795 324 856 vel
357 794 466 854 damni.
521 795 621 854 Omnis
648 815 726 853 amor
759 793 903 874 cupiditas
941 806 983 852 est
1015 791 1176 872 quaedam':
1215 789 1291 863 sed,

78 909 100 954 ut
120 895 208 954 multa
234 908 303 954 sunt
326 915 429 974 genera
453 892 662 974 cupiditatum,
683 913 803 971 quorum
822 890 879 949 alia
897 890 956 950 alio
975 904 1124 971 spectant,
1154 891 1193 948 ita
1213 908 1291 947 amor

74 993 234 1074 voluptatem
260 992 369 1073 appetit
397 989 614 1071 pulcritudinis.
663 993 767 1064 Porro,
792 1010 857 1049 cum
886 989 945 1048 duo
972 986 1056 1048 nobis
1077 989 1186 1062 insint,
1218 1006 1290 1065 quae

72 1092 136 1170 sequi
163 1091 304 1150 soleamus
330 1110 501 1168 quocunque
527 1088 655 1162 ducant,
684 1092 832 1171 primum,
863 1090 963 1148 innata
993 1085 1064 1146 baec
1082 1086 1177 1169 vnobis
1205 1085 1291 1165 cupi-

72 1188 133 1248 ditas
149 1187 360 1270 pulcritudinis
386 1201 414 1247 et
442 1186 616 1269 voluptatis,
637 1201 699 1248 tum
727 1187 868 1260 alterum,
889 1186 959 1246 boni
988 1170 1181 1257 existimatio,
1201 1185 1291 1243 ratio-

72 1306 100 1344 ne
122 1300 149 1345 et
171 1285 269 1345 studio
294 1298 391 1365 parta,
414 1303 491 1343 amor
513 1286 575 1345 sine
599 1276 708 1345 ratione
737 1285 845 1346 bonive
872 1283 969 1344 studio
993 1281 1031 1343 ed
1055 1282 1182 1362 corporis
1201 1283 1290 1341 trahit

74 1384 255 1465 voluptates.»
279 1383 341 1441 Hac
358 1383 510 1464 praemissa
528 1385 631 1443 amoris
649 1383 838 1458 definitione,
857 1380 947 1442 efficit
965 1381 1035 1440 inde
1054 1379 1200 1456 Socrates,
1227 1401 1289 1460 per·

72 1482 197 1540 uitiosum
224 1500 282 1540 esse
306 1482 410 1557 juveni
439 1501 579 1540 amorem:
611 1495 764 1541 amatorem
793 1483 895 1555 enim,
927 1481 1035 1561 quippe
1064 1478 1207 1558 voluptati
1233 1499 1288 1537 ser·

73 1579 200 1654 usuum,
221 1578 254 1637 id
282 1579 367 1639 unice
400 1599 500 1679 agger,
522 1592 555 1639 ut
581 1580 717 1639 amasium
746 1579 803 1638 sibi
832 1578 935 1638 reddat
963 1597 1048 1656 quam
1078 1577 1286 1663 gratissimum:

73 1675 137 1737 laud
161 1664 236 1737 ferre
259 1678 366 1757 igitur,
387 1677 424 1736 ab
452 1697 484 1735 eo
504 1697 533 1737 se
552 1678 613 1737 sire
632 1678 749 1757 ingenio
760 1704 770 1750 ,·
788 1675 850 1739 'sive
872 1674 1065 1749 fortitudine,
1091 1675 1151 1735 sive
1175 1673 1289 1733 divitiis

74 1776 184 1855 superari
199 1789 252 1835 aut
265 1776 398 1854 aequari:
421 1795 488 1833 nam
502 1789 613 1854 gratum
630 1796 688 1835 esse
708 1775 867 1835 insanienti
885 1772 1032 1852 quidquid
1051 1794 1111 1831 nou
1129 1785 1285 1852 repugnet,

74 1873 198 1955 qudquid
216 1895 286 1934 vero
304 1872 352 1933 rel
370 1873 501 1953 superius
515 1874 552 1931 sit
568 1873 615 1933 vel
630 1895 681 1954 par
691 1918 700 1947 ,
720 1875 776 1954 ipsi
795 1894 854 1932 esse
871 1873 1032 1931 inimicum.
1053 1871 1152 1949 Itaque
1168 1891 1200 1928 eo
1219 1891 1284 1930 cou-

75 1969 172 2031 teudere
187 1985 350 2045 amantem,
370 1984 402 2029 ut
427 1972 563 2031 amasium
592 1970 698 2031 efficiat
722 1969 856 2046 mollem,
879 1971 1036 2049 ignarum,
1057 1968 1285 2041 effoeminatum,

75 2087 191 2146 qeuum,
219 2069 357 2130 excludat
383 2060 450 2129 euni
476 2069 618 2129 honorum
641 2071 870 2145 consuetudine,
897 2060 974 2130 ὅθεν
999 2061 1035 2128 aiio
1065 2059 1182 2144 μάλιστ’
1209 2059 1284 2146 α’νὴρ

75 2161 193 2244 γίγνοιτο,
215 2169 294 2227 uado
313 2175 442 2227 merim
457 2175 555 2244 possit
573 2177 623 2227 eir
636 2172 758 2228 coemes
767 2191 781 2239 ;
803 2169 940 2230 excludat
959 2191 1024 2230 eum
1042 2169 1114 2230 adeo
1132 2182 1281 2247 arceatque

75 2267 157 2346 procul
183 2268 222 2327 ab
247 2287 347 2339 eorum
374 2287 445 2339 usu,
467 2266 546 2325 unde
574 2269 695 2327 maxime
722 2269 811 2347 possit
839 2270 954 2350 sapiens
984 2268 1065 2327 fieri:
1096 2266 1184 2328 τοῦτο
1206 2260 1283 2348 diei

74 2362 129 2425 delo
146 2362 306 2448 φιλοσοφία
326 2357 463 2444 τυγχάνει
483 2357 530 2425 ὅν·
551 2366 585 2425 id
603 2377 705 2424 eutem
723 2377 768 2425 ert
784 2368 890 2425 divino
907 2370 1114 2445 philosophie:
1135 2392 1192 2449 quo
1215 2391 1283 2431 saue

75 2465 158 2527 damno
175 2471 266 2546 majus
285 2468 456 2546 graviusque
473 2465 583 2525 homini
605 2466 706 2525 inferri
728 2463 843 2525 nullum
862 2479 963 2545 potest.
989 2465 1017 2546 l)

100 2565 150 2624 ,Sed
173 2567 248 2626 hanc
276 2565 399 2624 Socratis
427 2566 463 2624 de
487 2585 580 2623 amore
609 2564 765 2622 orationem
790 2564 829 2621 ita
859 2563 1053 2643 intelligemus
1082 2569 1224 2641 maxime,
1252 2580 1283 2624 ut

75 2659 271 2744 diligentissime
285 2662 494 2723 adverterimus
508 2683 599 2724 mores
617 2662 812 2739 libidinesque
827 2663 954 2740 gentium
974 2664 1167 2742 antiquarum.
1189 2666 1224 2723 In
1239 2665 1285 2723 his

75 2763 184 2822 omuibus
203 2761 353 2823 obtinebat
377 2781 455 2819 arnor
483 2762 576 2841 turpis
595 2774 623 2819 et
647 2759 794 2836 abjectus,
816 2759 866 2836 qui
887 2761 972 2818 unice
993 2762 1190 2820 contineretur
1217 2783 1284 2820 sen-

75 2878 137 2920 erum
158 2860 374 2942 voluptatibus,
395 2860 452 2919 imo
472 2873 590 2919 naturae
615 2870 786 2938 repugnaret
806 2870 833 2916 et
851 2857 950 2917 bestiis
970 2858 1043 2919 adeo
1067 2859 1199 2921 viliorem
1219 2859 1284 2919 effi-

74 2964 130 3019 eret
149 2959 304 3019 hominem.
352 2959 452 3035 Neque
478 2952 629 3017 obtinebat
652 2956 703 3015 ille
728 2969 839 3015 tantum
862 2957 896 3014 in
923 2955 1046 3016 rudibus
1068 2973 1097 3019 et
1125 2958 1284 3038 agrestibus

74 3051 235 3117 bominibus:
256 3055 461 3120 dominabatur
478 3055 565 3135 plane
584 3057 617 3115 in
636 3055 707 3135 ipsis
725 3054 813 3114 sacris
823 3099 832 3128 ,
852 3055 885 3113 in
904 3054 987 3113 cultu
1002 3055 1127 3130 Bacchi,
1147 3057 1283 3125 Veneris,

73 3149 164 3237 Priapi:
184 3155 338 3237 praeibant
356 3153 531 3226 sacerdotes,
552 3153 745 3232 sequebantur
765 3153 875 3233 populi.
917 3153 989 3213 Nam
1008 3167 1039 3213 ut
1058 3155 1141 3216 homo
1159 3156 1283 3236 primum

74 3253 183 3336 torpidus
206 3268 248 3315 est
272 3268 299 3312 et
322 3253 438 3332 languet
462 3265 520 3311 tam
544 3273 679 3332 corpore,
699 3272 785 3330 quam
802 3252 898 3310 animo
919 3287 959 3297 ·-
983 3273 1055 3330 quae
1075 3254 1205 3313 conditio
1227 3254 1285 3314 fuit

75 3345 329 3435 lththyo‘phagorum
357 3366 385 3411 et
412 3352 674 3432 Troglodytarum,
706 3363 733 3408 et
760 3364 801 3409 est
829 3350 971 3431 hodieque
1000 3351 1183 3425 mortalium,
1213 3371 1284 3430 quos

75 3450 139 3509 tuiis
152 3453 185 3511 in
205 3451 371 3533 regionibus
391 3465 419 3511 et
437 3451 552 3510 olimst
571 3448 759 3528 praecedente
783 3470 853 3508 aevo
881 3451 1057 3511 invenerunt
1081 3450 1220 3529 Europaei
1242 3486 1281 3496 -—

76 3541 99 3602 lle
111 3551 195 3628 prima
214 3563 257 3608 est
279 3550 435 3630 progressio
460 3549 498 3608 ad
524 3548 749 3621 humanitatem,
772 3561 803 3607 ut
823 3569 858 3606 ex
877 3548 930 3607 hoc
949 3569 1047 3628 sopore
1072 3562 1100 3607 et
1119 3549 1282 3611 indolentia

75 3645 183 3724 evigilet,
210 3647 408 3728 appetitibus,
421 3645 647 3727 cupiditatibus,
663 3644 781 3718 studiis,
801 3645 978 3704 libidinibus
995 3647 1144 3706 excitetur.
1177 3649 1281 3722 Quam·

76 3735 146 3806 thren
163 3745 236 3806 dum
260 3745 365 3825 vulgus
390 3759 485 3804 manet
513 3747 545 3803 in
569 3744 668 3803 eodem
694 3757 827 3824 stupore,
847 3744 933 3823 primi
952 3758 1019 3803 sunt
1038 3745 1209 3821 sacerdotes,
1231 3751 1280 3826 qui

76 3839 204 3919 sugnens,
226 3843 424 3924 voluptatibus
442 3844 604 3916 ducantur,
626 3842 806 3922 voluptatum
834 3841 958 3920 insignia
984 3857 1011 3903 et
1034 3843 1137 3904 sibiet
1160 3850 1279 3905 caeteris

77 3930 220 4016 informent,
250 3943 363 4023 phallos
386 3956 414 4000 et
439 3940 542 4000 similia
571 3941 679 4020 populo
704 3954 885 4019 proponant,
917 3942 945 3997 in
972 3940 1139 4000 solennibus
1167 3945 1278 4023 pompis

78 4025 124 4093 haec
139 4041 356 4113 oireumferant,
378 4055 408 4097 ut
429 4040 489 4097 fieri
511 4038 588 4118 apud
611 4038 764 4117 Aegyptios
786 4036 911 4110 solebat,
934 4037 965 4116 2)
995 4039 1042 4097 vel
1071 4040 1216 4099 celebrent
1246 4044 1277 4099 in

84 4226 304 4257 N--—-----v

49 4322 54 4437 l
104 4347 388 4414 triuncem-au.
405 4362 434 4412 o.

49 4456 51 4505 ξ
105 4429 218 4498 2lilerod.
234 4447 264 4501 ll.
283 4447 325 4499 ⁴8.
