2796 5048
664 217 698 273 51

64 379 233 458 ,pravitatis
251 379 395 459 particeps
410 375 543 435 deorsum
561 377 773 456 praependere
791 376 909 449 ruebat,
927 378 965 438 ad
983 391 1087 437 terram
1102 400 1236 459 vergens,
1259 382 1312 437 nisi

75 475 151 534 bene
178 476 306 534 essetab
326 475 424 553 auriga
443 473 544 531 doctus
563 487 591 532 et
611 473 766 533 cohibitus.
808 474 865 548 Qui
889 476 1002 534 animus
1022 477 1127 556 optime
1150 490 1179 534 et
1203 491 1313 535 secutus

75 587 117 632 est
136 575 234 632 Deum
252 594 335 632 suum
351 586 380 631 et
399 571 545 645 imitatus,
566 571 672 630 extulit
693 572 743 630 ille
764 572 794 630 in
815 569 967 631 sublimem
985 587 1064 632 trans
1089 574 1199 632 coelum
1220 574 1313 632 locum

75 673 196 751 aurigae
222 684 308 750 ceput
335 684 363 729 et
391 690 449 727 una
477 688 544 726 cum
569 668 643 727 coeli
668 669 855 730 conversione
875 689 1029 731 conversus
1056 685 1115 746 est,
1145 693 1314 750 quamquam

75 769 213 829 turbatus
231 770 312 848 equis
329 782 357 827 et
383 771 435 829 vix
458 760 496 826 sti
519 759 591 826 ὄντα
617 767 834 848 contemplatus.
878 765 961 826 Alius
984 782 1078 828 autem
1101 769 1185 828 modo
1211 769 1315 827 extulit

76 882 187 948 caput,
211 867 296 927 modo
315 866 443 942 demisit,
458 882 505 942 et,
532 865 738 927 ferocientibus
761 865 854 943 equis,
879 866 983 945 partim
1005 866 1118 946 aliquid
1138 869 1232 943 vidit,
1252 888 1304 948 par

70 966 132 1035 ,tim
147 987 209 1027 non
230 965 318 1025 vidit·
339 966 449 1024 Caeteri
465 988 532 1027 vero
551 977 717 1047 appetentes
733 961 850 1040 quidem
864 982 961 1022 omnes
975 964 1140 1047 superiora,
1160 960 1315 1045 sequeban-

79 1077 148 1138 tur,
170 1063 222 1123 sed
248 1065 355 1123 frustra
384 1063 610 1137 contendentes,
637 1061 775 1119 submersi
796 1050 1090 1136 circumferebantur,
1115 1063 1260 1123 calcantes
1287 1086 1316 1123 se

80 1163 210 1224 invicem
229 1175 257 1220 et
280 1161 498 1232 incumbentes,
519 1160 571 1219 alii
590 1159 662 1219 alios
681 1171 860 1238 praevertere
880 1157 1045 1238 proruendo
1057 1175 1207 1221 conantes.
1248 1161 1314 1221 Illic

80 1261 172 1340 igitur
191 1257 334 1317 tumultus
352 1273 380 1318 et
399 1274 542 1319 certamen
561 1269 597 1316 et
607 1256 693 1327 sudor¹
714 1268 873 1329 extremus,
893 1255 944 1314 ubi
963 1256 1038 1317 vitio
1053 1259 1216 1339 aurigarum
1231 1259 1315 1318 multi

78 1357 303 1431 claudicarunt,
328 1357 414 1416 multi
434 1355 539 1416 multas
562 1377 672 1436 pennas
695 1353 912 1432 confregerunt,
936 1375 1047 1430 omnes,
1072 1358 1152 1436 gravi
1172 1376 1232 1439 ex¹

79 1439 200 1533 labore,
221 1456 284 1515 veri
301 1454 449 1534 carpones,
475 1454 553 1533 quod
568 1466 725 1533 spectatum
744 1452 877 1525 iverant,
897 1450 1089 1513 discesserunt
1097 1442 1247 1551 ,prQ*'

80 1554 223 1634 opinione
241 1553 284 1612 usi
304 1567 373 1612 sunt
387 1552 533 1612 alimento.
578 1551 666 1611 Unde
686 1563 780 1609 autern
803 1563 916 1608 tantum
935 1549 1012 1609 illud
1035 1552 1163 1611 studium
1186 1530 1316 1671 eaflpitp

82 1649 211 1713 ridendi
231 1650 379 1722 veritatis,
401 1650 520 1709 ubinam
544 1650 604 1709 sit?
627 1647 744 1706 Scilicet
768 1667 803 1704 ea
822 1645 875 1706 illo
898 1662 980 1756 prato
1003 1651 1087 1709 unice
1115 1648 1240 1732 petitur,
1259 1670 1317 1732 qtro

81 1749 193 1830 optima
220 1749 259 1808 sit
285 1747 442 1807 nutrienda
467 1747 558 1805 animi
588 1768 672 1826 pars,
700 1764 828 1823 quaeque
856 1745 984 1804 animum
1013 1747 1128 1809 elevant
1154 1749 1234 1825 alae,
1263 1751 1316 1810 hoc

83 1848 216 1906 aluntur.
251 1843 280 1925 l)

103 1942 106 1946 ’
124 1945 260 2018 Etenim,
275 1959 307 2004 ut
321 1945 445 2003 Deorum
462 1943 573 2016 animi,
587 1941 628 1999 sic
642 1939 792 1999 hominum
805 1938 963 2018 aliquando
977 1939 1031 2000 alis
1043 1941 1161 2002 fuerunt
1174 1945 1317 2006 instructi.

85 2046 141 2103 His
160 2045 197 2103 in·
219 2043 309 2102 altum
328 2042 435 2108 sublati
455 2061 487 2100 ac
515 2040 687 2113 sustentati,
708 2058 739 2097 eo
768 2036 977 2112 escendebant,
1000 2039 1050 2098 ubi
1069 2041 1191 2101 Deorum
1208 2043 1319 2103 habitat

85 2162 186 2222 genus.
228 2142 298 2202 Nam
318 2140 379 2198 alae
401 2139 529 2203 omnium
549 2138 673 2197 maxime
690 2135 792 2195 divina
810 2149 879 2194 sunt
896 2139 1017 2214 naturl;
1040 2137 1071 2219 2)
1100 2131 1139 2199 rei
1160 2135 1195 2200 ts*
1217 2145 1319 2204 ortos

82 2233 191 2313 nativ,
222 2231 331 2319 σοφόν,
362 2231 482 2316 (lyndrie
503 2233 551 2296 καὶ
582 2234 640 2295 πᾶν
671 2227 691 2294 ii
720 2256 748 2294 τι
776 2230 916 2293 τοιοῦτον
946 2239 1111 2299 divinum
1131 2252 1242 2302 ‚eutem
1274 2257 1319 2303 est

79 2345 248 2422 pulcrum,
268 2349 405 2418 sumena,
426 2343 532 2398 bonum
556 2349 586 2396 et
614 2338 759 2416 quidquid
784 2346 828 2394 ert
849 2339 1040 2414 hujusmodi:
1068 2339 1113 2398 his
1143 2341 1262 2401 aluntur
1291 2359 1318 2402 et

85 2439 308 2502 corroborantur
331 2439 491 2498 animorum
516 2437 595 2511 alae,
616 2437 694 2517 turpi
722 2455 789 2494 vero
815 2448 843 2493 et
862 2436 937 2494 malo
964 2450 992 2496 et
1015 2439 1167 2497 contrariis'
1186 2440 1319 2499 omnibus

83 2540 290 2618 infringuntur
313 2551 341 2596 et
360 2549 490 2617 pereunt.
532 2535 641 2593 Fractis
661 2533 748 2612 igitur
766 2533 820 2591 alis
839 2534 871 2592 in
890 2532 942 2593 illa
962 2537 1145 2596 contentione
1164 2538 1200 2596 ad
1220 2561 1317 2598 verum

86 2636 297 2719 spectandum,
317 2634 389 2715 lapsi
410 2634 585 2721 suntanimi
604 2633 776 2705 interram,
797 2645 997 2710 terrenumque
1017 2631 1176 2693 induerunt
1198 2657 1300 2718 corpus
1311 2685 1318 2711 ,

87 2736 142 2795 alii
163 2755 231 2793 vero
250 2732 350 2806 aliud,
375 2733 481 2811 quique
505 2731 631 2812 plurima
660 2728 817 2802 viderunt,
837 2731 869 2787 in
898 2748 944 2788 eos
963 2730 1121 2808 migrarunt
1145 2733 1195 2811 qui
1224 2750 1317 2815 postea

90 2835 156 2894 nati
176 2846 245 2891 sunt
262 2834 322 2893 sive
341 2824 554 2912 φιλόσοφοι,
577 2831 637 2892 sive
660 2821 862 2908 φιλόκαλοι,
884 2829 946 2890 sive
967 2827 1142 2906 μουσικοὶ.
1164 2831 1195 2913 3)

117 2931 213 3000 vTalis
230 2946 271 2990 est
296 2932 451 3015 descriptio
471 2932 619 2992 Platonica
646 2931 745 2990 beatae
774 2931 869 3005 vitae,
890 2951 976 3009 quam
1004 2945 1151 3010 gustarunt
1170 2932 1318 3088 igninum

87 3031 202 3103 animi,
219 3044 388 3109 anteaquam
415 3052 577 3112 corpoream
601 3030 676 3089 hanc
702 3042 833 3088 naturam
860 3028 1027 3087 induerunt.
1070 3031 1176 3088 Contin
1214 3045 1262 3090 tur
1288 3035 1318 3090 eh

75 3128 150 3187 alia
171 3130 238 3186 item
257 3129 346 3188 multa
370 3144 397 3188 et
421 3129 575 3202 sublimia,
596 3129 628 3186 in
646 3128 747 3207 primis
757 3173 766 3200 ,
787 3148 859 3205 quae
877 3129 979 3187 vis-sit
997 3129 1100 3186 amoris
1119 3143 1145 3186 et
1163 3129 1257 3208 pulcri
1282 3131 1319 3189 ad

88 3226 290 3286 reducendum
310 3229 438 3285 animum
457 3247 493 3285 ex
510 3239 656 3306 praesente
672 3225 725 3283 hac
744 3225 912 3284 conditione
926 3226 958 3283 in
973 3227 1123 3304 pristinem
1137 3226 1216 3284 illam
1232 3228 1319 3286 heati-

89 3325 235 3384 tudinem.
277 3325 334 3384 Sed
353 3327 385 3383 in
408 3326 469 3404 ipsa
488 3322 661 3405 explicanda
684 3322 867 3404 philosophia
885 3323 1012 3381 Platonis
1032 3338 1131 3403 sponte
1155 3346 1205 3383 nos
1224 3326 1275 3382 illa
1292 3341 1319 3384 et

89 3423 269 3483 adducemus
288 3423 424 3509 deinceps
444 3436 471 3482 et
489 3421 751 3502 interpretabimur.
793 3423 876 3479 Nunc
896 3442 963 3481 vero
982 3421 1020 3479 ad
1038 3421 1229 3496 illustranda,
1248 3446 1320 3502 quae

89 3520 260 3595 attulimus,
283 3520 431 3592 ,nonnihil
458 3541 493 3579 ex
517 3521 594 3600 poesi
623 3520 740 3597 antiqua
770 3532 799 3577 et
830 3518 1012 3605 philosophia
1042 3519 1238 3582 adhibeamus.
1283 3523 1318 3581 Et

89 3620 219 3702 primum
236 3618 353 3697 quidem
369 3618 424 3677 hoc
442 3615 737 3677 animadvertendum.

133 3719 239 3776 Innata
256 3729 298 3774 est
320 3716 433 3775 homini
455 3716 574 3796 perfecti
599 3712 726 3793 cupido,
745 3713 793 3770 cui
813 3732 878 3769 cum
906 3733 965 3771 non
993 3715 1147 3775 conveniat
1166 3721 1319 3797 praesentis

91 3802 231 3895 temporis
250 3814 396 3888 conditio,
417 3813 523 3892 lingere
538 3812 614 3870 illud
632 3811 704 3869 solet
722 3810 859 3889 ingenio,
873 3823 900 3869 et
919 3812 1041 3890 pristino
1058 3814 1173 3872 cuidam
1189 3830 1215 3873 et
1233 3839 1318 3883 remo·

91 3915 205 3973 tissimo
230 3933 299 3971 aevo
322 3912 458 3970 tribuere.
500 3911 597 3988 Itaque
625 3929 738 3967 auream
766 3909 884 3967 humani
913 3911 1024 3988 generis
1050 3926 1167 3969 aetatem
1192 3916 1317 3972 certatim

91 4009 280 4073 celebrarunt
300 4010 392 4067 omnis
411 4010 474 4066 aevi
493 4022 519 4066 et
535 4007 589 4065 loci
611 4013 725 4087 poetae,
747 4006 878 4086 idemque
908 4009 1037 4066 fecerunt
1060 4009 1241 4090 philosophi,
1270 4013 1318 4072 sed

92 4167 348 4178 ‚-.-—--.——

131 4251 437 4319 mmmmm

129 4338 364 4400 ammo

129 4423 364 4491 ummo
