2774 5048
672 238 728 313 iao

89 415 181 475 cende
209 434 423 497 recognoscere,
456 435 509 472 nec
534 433 601 473 vero
619 413 681 474 fieri
712 415 773 475 ullo
803 414 887 473 modo
915 406 1013 494 pedae,
1045 426 1110 470 uta
1140 415 1236 493 pueris
1263 428 1279 475 tr

88 533 182 571 rerum
206 526 288 590 atque
312 526 455 571 tantarum
479 512 579 575 insitas
602 525 629 570 et
652 515 733 592 quasi
763 512 943 591 consignatas
965 511 997 569 in
1022 509 1127 569 animis
1156 511 1279 583 nououet

86 632 155 688 quas
179 606 289 683 ἐννοίας
318 623 437 683 vocant,
467 607 652 687 haberemus,
685 611 739 669 nisi
768 611 898 682 animus,
919 620 1071 686 antequam
1090 607 1123 665 in
1142 610 1279 688 corperis

86 690 235 786 transeut,
259 713 299 789 in¹
321 729 413 766 rerum
446 707 608 786 cognitione
633 709 804 787 viguisset.»
833 706 861 786 1)
896 706 1046 765 Sermones
1077 703 1143 763 illic
1177 705 1279 767 Sacrae

85 829 149 866 cum
171 808 286 867 Simmia
309 810 341 866 in
365 806 464 887 primis
493 819 520 863 et
546 806 649 865 Cebete
670 806 705 864 de
725 807 848 886 pristina
867 803 990 884 quadarn
1008 803 1098 861 animi
1119 804 1180 863 vita
1197 804 1279 880 hetia

83 927 167 983 quam
175 923 321 988 postquam
335 927 370 963 ex
384 905 549 984 geometriae
563 903 719 985 disciplina
734 905 824 963 effecit
847 903 985 989 «quodsi,
1006 902 1116 981 inquit,
1137 888 1279 961 oSimrflr

84 1025 143 1062 non
171 1005 223 1064 hoc
252 1004 335 1063 modo
362 1002 417 1061 tibi
446 1022 505 1059 rem
522 1002 691 1083 persuades,
714 1003 771 1061 alio
800 1000 1011 1061 consideranda
1040 1013 1099 1074 est3
1127 1015 1155 1060 et
1177 1001 1279 1080 primun

83 1102 198 1181 quidem
218 1102 429 1182 quaerendum,
451 1099 523 1178 quid
544 1101 580 1159 sit
600 1101 762 1175 recordari,
784 1114 844 1159 tum
863 1101 1006 1173 manime,
1028 1085 1098 1157 num
1115 1097 1173 1155 alia
1192 1099 1279 1157 ratioet

85 1200 162 1274 ulla,
183 1222 268 1279 quam
296 1198 490 1272 recordando,
512 1199 549 1258 ad
577 1220 673 1257 rerum
692 1200 830 1280 possimus
849 1199 997 1257 scientiam
1017 1196 1200 1277 pervenire.»
1240 1194 1279 1255 Etr

81 1297 208 1357 Socrates
230 1319 288 1356 rem
316 1298 453 1356 continuo
481 1297 611 1377 exemplo
643 1297 786 1372 illustrat,
813 1319 850 1357 en
876 1296 1046 1370 amantium,
1069 1311 1100 1356 nt
1128 1293 1212 1368 solet,
1230 1292 1279 1353 ami·

82 1413 214 1457 eorumve
242 1394 448 1455 consuetudine
476 1395 574 1475 petito.
619 1397 768 1468 «Constat,
800 1396 912 1474 inquit,
934 1394 1031 1473 siquis
1049 1393 1174 1474 alicujus
1194 1390 1279 1472 negotii

82 1493 280 1552 recordaturus
300 1495 353 1567 sit,
374 1514 487 1551 necesse
507 1514 577 1567 csse,
600 1488 728 1571 utillu'd
747 1493 913 1572 cognoverit
931 1506 1022 1550 antea.
1053 1493 1100 1551 Fit
1119 1508 1213 1553 autem
1229 1493 1279 1560 he,

81 1588 220 1668 siquando
249 1592 329 1670 quis,
351 1589 480 1648 sensibus
498 1604 633 1672 percepta
654 1613 684 1648 re
704 1590 819 1669 aliqua,
841 1582 926 1651 aliam
947 1590 1032 1649 simul
1052 1594 1197 1674 percipit,
1217 1589 1279 1666 cujut

81 1708 140 1745 non
160 1687 257 1747 eadem
275 1689 354 1747 notio
374 1699 431 1762 est3
455 1701 515 1745 tum
535 1709 598 1745 eum
618 1686 649 1767 2)
670 1687 798 1747 dicimus·
811 1691 872 1766 eius
889 1689 931 1747 rei
950 1689 1116 1764 reminisci,
1137 1691 1219 1767 cujus
1233 1704 1279 1769 per·

80 1800 193 1865 ceperat
212 1787 365 1845 notionem.
387 1786 469 1860 Alia,
492 1798 522 1844 ut
541 1785 594 1846 hoc
612 1801 686 1861 utar,
701 1785 827 1845 hominis
837 1806 854 1861 ,·
867 1785 923 1845 alia
943 1786 1023 1867 lyrae
1035 1789 1114 1846 notio
1125 1800 1183 1862 est3
1195 1785 1279 1846 seimus

80 1904 147 1943 vero
165 1883 354 1958 amatoribus,
377 1882 428 1942 ubi
442 1883 553 1963 lyram,
575 1884 621 1944 vel
640 1899 763 1959 vestem,
785 1883 832 1944 vel
849 1884 945 1961 aliud,
966 1906 1022 1962 quo
1043 1899 1164 1944 utuntur
1173 1885 1279 1965 ipsorm

81 1982 196 2056 amasii,
225 1981 342 2055 vident,
373 1982 430 2040 tale
447 1981 519 2091 quid
533 1982 666 2042 evenire:
689 1996 846 2062 agnoscunt
864 1981 956 2062 lyram
976 1995 1004 2040 et
1021 1996 1118 2049 mente
1137 1983 1193 2041 sibi
1211 1974 1279 2040 sind

80 2080 177 2138 amasii
204 2079 322 2138 formam
348 2093 580 2159 repraesentant,
609 2082 690 2155 cuius
718 2093 758 2139 est
778 2079 859 2160 lyra3
882 2079 913 2138 id
933 2078 1091 2138 1¹·ecordati0
1111 2094 1171 2154 est,
1202 2072 1279 2160 prouti

80 2179 165 2249 item,
184 2176 299 2254 quando
319 2176 402 2254 quis,
424 2176 540 2235 Simmia
561 2191 710 2256 conspecto
730 2199 829 2259 saepe,
851 2177 964 2236 Cebetis
983 2176 1160 2238 recordatur
1190 2175 1242 2237 Sed
1256 2182 1279 2231 ut

80 2273 231 2333 dissimilia
255 2274 416 2331 instaurant
440 2273 517 2353 apud
542 2296 593 2332 nos
619 2275 780 2335 rerum.vel
800 2276 948 2335 hominum
974 2275 1232 2349 reminiscentiam,
1249 2273 1279 2331 iu

80 2372 164 2429 etiarn
182 2368 295 2428 similia.
318 2371 380 2444 Fit,
403 2385 435 2429 ut
448 2372 512 2450 quis
532 2380 603 2450 equo
623 2387 772 2453 consperto
787 2373 864 2453 picto
884 2373 931 2432 vel
950 2370 1013 2451 lyra
1032 2387 1185 2454 conspecta
1203 2373 1279 2454 picta,

79 2468 220 2555 hominis,
250 2489 301 2542 ac,
333 2467 448 2527 Simmia
476 2484 625 2549 conspecto
645 2472 741 2551 picto,
764 2470 874 2530 Cebetis
894 2469 1076 2528 recordetur:
1099 2469 1132 2529 fit
1160 2471 1279 2544 item,rt

79 2567 161 2645 quis,
180 2556 299 2626 'Simmia
317 2582 467 2647 conspecto
486 2568 579 2647 picto,
606 2570 696 2648 ipsius
714 2569 878 2627 recordetur
897 2566 1041 2627 Simmiae.
1083 2567 1194 2642 Quodsi
1212 2564 1279 2626 siud·

79 2664 119 2722 lia
138 2665 351 2745 movent'apud
368 2687 420 2746 nos
439 2666 479 2723 rei
499 2666 548 2725 vel
567 2665 693 2725 hominis
705 2650 955 2743 'recordationem
970 2664 1077 2724 accidit
1097 2664 1182 2725 nobis
1200 2680 1278 2724 necet·

78 2762 151 2820 sario
162 2806 170 2834 ,
191 2776 240 2834 ut,
262 2777 356 2820 utrum
376 2763 450 2821 desit
469 2762 581 2842 aliquid
600 2762 636 2821 ad
651 2762 888 2837 similitudinem,
906 2783 958 2820 nec
973 2782 1025 2836 ne,
1045 2776 1235 2842 reputemus.»
1254 2754 1278 2835 3)

78 2858 163 2932 Quod
192 2873 222 2917 ut
249 2861 453 2920 animadvertit
479 2860 605 2920 Socrates
631 2864 786 2940 sagaciter,
807 2875 907 2941 sponte
926 2861 966 2918 sic
986 2859 1024 2918 ad
1048 2859 1126 2918 ideas
1146 2859 1276 2940 procedit,

78 2979 147 3035 quas
166 2957 249 3016 nobis
267 2959 298 3016 in
318 2971 440 3017 mentem
459 2980 609 3032 revocare,
639 2960 694 3017 nisi
715 2980 765 3039 per
785 2981 829 3017 res
847 2957 977 3017 sensibus
998 2957 1139 3034 subjectas
1167 2972 1194 3018 et
1216 2954 1275 3016 sini·

79 3054 138 3128 le's,
160 3074 218 3112 non
248 3050 419 3135 possumus'
449 3056 568 3116 «Veluti
587 3058 703 3136 aequale
732 3077 808 3131 esse,
837 3057 950 3134 inquit,
972 3055 1113 3128 dicimus,
1133 3077 1192 3114 csse
1209 3055 1276 3117 etia!

78 3174 123 3211 res
141 3154 289 3231 aequales,
316 3167 347 3211 ut
365 3153 494 3235 lapides,
517 3155 614 3233 ligna,
645 3154 720 3213 alia:
751 3153 821 3213 haec
849 3154 943 3214 videri
971 3152 1055 3212 nobis
1082 3151 1140 3211 alio
1169 3166 1276 3234 tempure

80 3250 226 3329 aequalia,
247 3250 304 3309 alio
325 3250 486 3329 inaequalia
503 3266 638 3331 possunt:
660 3275 720 3312 non
738 3255 804 3311 item
825 3252 958 3331 aequale:
981 3250 1074 3331 ipsum
1098 3252 1215 3329 aequale
1229 3242 1279 3311 11⁰¹¹

78 3370 134 3408 esse
155 3348 304 3427 inaequale
323 3362 422 3428 potest.
449 3351 607 3408 Perfectum
626 3350 679 3410 hoc
702 3365 760 3426 est,
781 3350 861 3424 illis,
882 3371 938 3427 quo
958 3348 1053 3406 minus
1070 3350 1200 3435 perlecta
1214 3349 1274 3415 sint,

77 3445 187 3524 aliquid
217 3445 304 3505 deest.
346 3447 406 3505 Hoc
434 3462 527 3506 autem
554 3447 649 3522 idem,
678 3450 772 3530 ipsum
799 3450 932 3527 aequale,
949 3439 1029 3506 odeo*
1051 3439 1089 3506 tri
1111 3441 1192 3522 ἴσον,
1213 3441 1273 3507 unde

75 3544 276 3623 percepimus?
298 3545 343 3603 En
360 3566 454 3604 rerum
467 3547 593 3626 profecto
608 3548 769 3625 aequalium
785 3538 1030 3622 consideratione,
1050 3549 1111 3608 sive
1127 3542 1273 3609 oculisiltas

8 3684 11 3689 -
77 3642 137 3699 sive
153 3640 210 3700 alio
229 3663 397 3722 quocunque
413 3665 496 3702 sensu
510 3646 736 3725 perceperimus3
759 3645 854 3704 deesse
874 3646 910 3704 iis
928 3644 1040 3725 aliquid
1059 3649 1229 3718 sentientes,
1245 3632 1273 3698 td

76 3739 169 3819 ipsum
186 3738 262 3797 illud
278 3742 435 3820 perfectum
451 3742 604 3820 exegimus.
626 3739 831 3802 'Veruntamen
846 3744 938 3801 facere
954 3743 1007 3802 hoc
1025 3766 1085 3802 non
1095 3747 1273 3824 potuissemssb

75 3832 131 3894 nisi
163 3851 245 3895 antea
273 3840 498 3912 cognovissemus
518 3839 612 3913 illud,
643 3862 721 3898 nunc
741 3855 833 3898 autern
852 3860 972 3898 essemus
991 3841 1119 3918 ejusdem
1140 3831 1273 3901 recordati·

74 3931 152 4005 Quid
168 3935 274 4012 igitur?
296 3935 412 3993 Scilicet
428 3937 570 4015 superiore
586 3936 709 4015 quadam
725 3938 783 3997 vita
800 3938 895 3996 animo
912 3938 943 3996 id
956 3941 1165 4018 perceperimus
1177 3945 1277 3998 necesse

107 4157 131 4220 1)
151 4158 203 4210 cic.
227 4159 295 4209 Tusc.
315 4161 343 4221 Q.
363 4160 381 4206 l.
400 4159 440 4210 24.

106 4246 133 4310 2)
151 4249 242 4299 Ptoed.
259 4247 291 4299 73
307 4247 334 4300 C.
360 4237 406 4320 ἄρ’
427 4240 495 4323 οὐχ)
516 4245 601 4303 τοῦτο
624 4244 741 4317 δικαίως
762 4243 893 4323 λέγομεν,
917 4242 963 4307 ὅτι
985 4242 1158 4327 ἀνεμνήσθη
1181 4237 1213 4307 οὗ
1230 4258 1279 4310 Π

42 4361 45 4368 ’
74 4335 182 4403 ἔννοιαν
203 4336 316 4421 illudere
339 4353 485 4422 legendnm
502 4364 617 4420 putamus
635 4365 660 4405 et
675 4358 847 4420 expressimus
861 4358 999 4413 vertendo.
1019 4349 1130 4409 τοῦτον.

104 4442 130 4507 3)
149 4445 209 4497 Eud.
