2796 5048
663 206 719 267 tat

1 379 2 386 ’
78 370 134 431 ch
160 369 308 444 Socrates,
329 368 417 431 Haud
445 388 496 448 ego
520 381 566 442 tc,
587 369 729 441 Diotime‚
750 367 866 446 inquit,
886 336 1002 447 prhpter
1032 369 1208 455 sapientiam
1228 383 1300 431 tm

78 467 235 531 admiratus
252 489 357 540 essem,
388 486 440 525 nec
469 465 601 526 discendi
625 488 723 526 caussa
747 466 785 525 ad
808 479 836 525 te
858 468 1062 540 ¹ventitassem,
1081 466 1110 526 ci
1139 466 1198 527 lanc
1223 474 1301 531 tata·

78 587 147 627 rem.
164 596 200 607 -
236 567 294 626 Sed
321 587 372 646 ego
396 564 469 640 tibi,
489 565 604 645 inquit,
625 564 738 625 dicam:
771 556 832 624 ἔστι
857 558 915 647 γὰρ
941 564 1029 625 τοῦτο
1054 556 1144 639 τόκος
1170 563 1206 627 dr
1229 564 1302 659 τιμᾷ

78 663 127 724 καὶ
146 658 220 725 κατά
241 657 277 725 τό
299 664 388 742 σῶμα
408 661 456 723 καὶ
475 656 549 733 rocci
571 657 625 744 τήν
645 657 767 744 ψυχήν·
797 680 841 728 est
859 669 910 727 hoe
920 678 1034 744 partus
1047 675 1080 725 tn
1090 669 1205 746 pulcro
1223 678 1300 729 otas·

79 769 210 826 eundum
237 788 344 844 corpur
373 776 402 824 et
428 767 590 824 seeundum
619 773 764 827 antimum.
785 795 819 805 -
849 767 1016 839 Vaticiniu,
1037 766 1155 844 inquit,
1177 786 1251 847 aput
1264 760 1300 829 lo

79 865 117 926 ad
145 865 303 944 ich-quod
331 848 423 937 dicis,
454 863 695 943 intelligendum:
725 865 860 943 equidem
887 885 948 923 non
975 864 1119 944 intelligo.
1140 890 1179 903 -
1207 865 1299 924 Dicam
1338 844 1340 857 Ι

78 964 167 1045 igitur
193 963 319 1044 planius.
358 960 475 1023 Κυοῦσι
500 955 572 1040 γὰρ,
600 954 625 1020 ol
652 956 818 1042 Σόκρατες,
844 955 949 1035 πάντες
974 948 1132 1043 ἅνθρωποι
1159 960 1211 1023 aaut
1234 952 1298 1023 nari

77 1055 113 1122 ro*
135 1061 233 1140 Ισῶμα
264 1061 313 1122 aot
343 1058 416 1123 ratri
447 1058 504 1144 τήν.
533 1057 650 1144 ψυχήν·
677 1064 726 1134 καὶ
752 1060 871 1125 e'neuloiv
896 1058 928 1124 ἔν
953 1087 1008 1124 τινι
1031 1057 1129 1149 η’λαίᾳ
1153 1058 1297 1144 ydram,

78 1160 180 1224 τίκτειν
205 1161 350 1242 ἕπιθνμεῖ
371 1160 459 1247 ἡμῶν
485 1159 506 1246 η’
532 1159 627 1245 φύσις.
670 1166 778 1227 Omnes
806 1169 954 1241 hominos,
983 1175 1026 1245 πῃ·
1055 1166 1217 1241 Sacrator,
1243 1174 1297 1225 ten

79 1274 196 1342 animo,
219 1290 307 1347 quam
336 1290 455 1346 corpora
465 1315 474 1344 ,
492 1277 666 1345 concipiunt
686 1277 715 1325 at
726 1277 934 1348 praegnantes
952 1277 1024 1325 sunt
1033 1288 1047 1336 ,·
1068 1288 1162 1344 quum
1184 1288 1250 1325 ren
1265 1266 1297 1325 cd

79 1375 193 1423 certem
221 1368 372 1444 quondum
400 1377 530 1425 aeratam
554 1377 778 1445 pervenerunt,
799 1388 912 1443 por-ore
937 1373 1032 1446 gestit
1055 1376 1175 1423 nutura
1193 1374 1295 1424 norm.

79 1465 179 1523 Parere
202 1478 313 1542 autem,
335 1466 391 1524 nisi
414 1467 447 1524 in
473 1465 594 1547 pulcro,
615 1465 771 1525 nonlicet.
813 1465 885 1523 Nam
904 1463 1090 1543 quandoid,
1110 1463 1191 1542 quod
1209 1463 1295 1544 gravi-

1 1581 6 1592 ·
79 1562 149 1623 duni
177 1577 235 1638 est,
256 1565 335 1644 turpi
362 1566 592 1646 appropinquat,
618 1563 735 1623 tristitia
763 1577 791 1622 et
818 1562 917 1637 delore
944 1561 1137 1636 contrahitur,
1167 1562 1295 1622 avertitur

80 1674 164 1740 atque
190 1662 366 1737 involvitur,
392 1683 445 1722 nec
474 1677 603 1743 generat,
624 1662 694 1736 sed,
714 1659 792 1740 quod
820 1661 970 1739 concepit,
992 1678 1072 1739 aegre
1096 1658 1234 1735 cohibat3
1258 1658 1294 1717 sin

80 1779 148 1820 vero
171 1760 273 1840 pulcro
301 1760 472 1836 adhaereat,
493 1760 602 1820 laetitia
619 1761 721 1841 gestit,
742 1758 887 1817 hilaritate
906 1771 933 1816 et
951 1756 1100 1837 voluptate
1114 1756 1294 1829 diffunditur,

80 1857 156 1937 parit
184 1871 213 1917 et
240 1844 364 1937 generat.
403 1859 454 1918 Est
483 1859 578 1934 enini,
609 1858 796 1932 oSocrates,
817 1876 895 1915 amor
913 1876 973 1915 non
992 1855 1088 1936 pulcri
1106 1876 1206 1931 amor,
1227 1866 1295 1915 utta

80 1968 181 2035 putas,
201 1954 253 2015 sed
281 1956 474 2036 generationis
502 1970 530 2016 et
559 1970 657 2038 partus
685 1957 717 2015 in
741 1954 862 2037 pulcro,
883 1954 941 2013 imo
970 1974 1038 2013 vero
1065 1953 1294 2027 immortalitatis,

79 2073 163 2131 quam
186 2073 238 2135 per
259 2056 471 2134 generationem
493 2040 730 2134 consequimur.»
750 2049 779 2132 1)

118 2149 176 2210 Sed
202 2154 334 2232 quamvis
361 2154 401 2211 ita
428 2153 599 2211 sententiam
628 2151 753 2232 explicet
782 2151 925 2224 Diutime,
947 2149 1031 2209 nohis
1060 2163 1158 2208 tamen
1187 2149 1295 2210 obscura

78 2250 193 2324 manet',
223 2250 281 2307 nisi
307 2249 361 2308 hoc
389 2247 669 2325 animadvertamus,
702 2244 805 2309 τίκτειν
838 2248 932 2328 apud.
946 2247 1089 2322 Graecos,
1120 2261 1153 2307 ut
1182 2244 1296 2311 subinde

81 2346 166 2405 etiam
185 2345 263 2426 apud
281 2347 398 2406 Latinos
414 2367 544 2423 por-ara,
565 2346 607 2405 de·
625 2350 741 2408 feminis
765 2370 826 2408 nou
851 2360 983 2419 tantum,
1004 2346 1144 2407 seditem
1171 2345 1211 2407 de
1237 2344 1321 2406 viris·

81 2445 232 2524 usurpari,
253 2458 395 2523 totamque
414 2434 489 2504 haine
509 2439 735 2526 disputationem
753 2447 792 2507 ad
811 2445 869 2507 viri
885 2459 1027 2504 naturam
1054 2443 1297 2523 contuerentur

81 2542 192 2601 referri.
233 2543 292 2617 Qui
315 2564 449 2623 corpore,
470 2543 585 2622 inquit,
606 2560 800 2628 conceperunt
818 2566 851 2603 ae
871 2556 1061 2624 praegnantes
1080 2556 1168 2617 sunt,
1189 2543 1229 2608 ad
1250 2542 1297 2605 lat

14 2707 17 2715 Ι
80 2641 173 2701 minas
190 2661 218 2700 se
233 2655 423 2702 convertunt:
445 2656 588 2719 quaerunt
600 2657 695 2702 autem
715 2645 847 2725 pulcras:
870 2663 937 2703 nam
955 2662 1053 2722 parere
1072 2640 1106 2699 in
1125 2641 1230 2721 pulcra
1247 2658 1297 2722 put

80 2754 165 2816 sunt,
187 2740 219 2800 in
237 2741 316 2825 turpi
344 2762 404 2800 non
429 2754 567 2821 possunt:
589 2755 617 2800 et
644 2745 767 2823 gignunt
794 2743 834 2801 ita
859 2720 989 2813 liberos,
1010 2752 1171 2820 propagant
1192 2740 1298 2821 stirpen

80 2861 179 2914 snam,
199 2839 275 2898 fiunt
303 2839 484 2899 immortales.
506 2837 538 2918 2)
559 2839 593 2899 Id
622 2834 758 2900 transfert
785 2838 893 2900 deinde
921 2839 1044 2899 Diotirne
1064 2837 1102 2897 ad
1121 2838 1297 2918 ingeniorum

80 2935 315 2997 foecunditatem.
361 2936 478 3012 «Sunt,
500 2939 561 3013 ait,
586 2941 637 3017 qui
664 2940 782 3018 ingenio
812 2937 903 3016 magis
930 2939 1034 3013 etiam,
1052 2958 1141 3017 ¹quam
1169 2955 1298 3019 corpora,

81 3034 140 3093 sint
156 3048 345 3114 praegnantes
362 3048 389 3093 et
407 3034 459 3094 illa
476 3033 684 3117 conceperint,
702 3057 775 3115 quae
803 3037 926 3095 manime
954 3049 1065 3117 oportet
1088 3049 1186 3097 mente
1209 3052 1298 3101 cotta·t

81 3118 173 3211 pisse,
193 3133 362 3212 sapientiam
379 3146 407 3192 et
426 3129 522 3193 ulfilas
540 3155 601 3194 non
620 3136 753 3195 virtutes:
776 3137 946 3216 inquorum
966 3154 1069 3213 genere
1083 3131 1226 3199 censendi
1241 3141 1299 3195 sunl

82 3242 110 3288 et
123 3234 222 3309 poetae
237 3250 333 3288 omnes
348 3244 376 3288 et
389 3245 526 3310 quotquot
540 3231 663 3292 artifices
677 3232 849 3293 inveniendi
868 3232 966 3292 valent
981 3231 1135 3291 facultate:
1155 3238 1299 3310 genitam

81 3339 150 3386 sunt
168 3325 214 3384 illi
233 3327 524 3408 praeclarissimarum
541 3325 656 3389 rerum:
677 3331 802 3391 maxima
825 3343 867 3388 est
895 3344 989 3389 autem
1011 3342 1039 3391 et
1066 3328 1299 3409 praestantissima

82 3425 239 3505 sapientia,
259 3445 315 3503 qua
333 3427 446 3506 negotia
465 3427 706 3488 administrantur
724 3449 788 3486 cum
808 3427 939 3507 privata,
960 3440 1020 3484 tum
1039 3425 1168 3505 publica.
1200 3427 1299 3485 Harum

83 3521 224 3582 virtutum
238 3523 262 3582 si
276 3524 340 3602 quis
354 3546 369 3583 a
384 3546 474 3606 puero
488 3526 593 3608 planus
607 3528 645 3586 sit
659 3540 687 3585 et
697 3524 848 3605 gravidus,
869 3527 952 3598 θεῖος
974 3518 1016 3587 aiv
1035 3521 1084 3583 uui
1103 3516 1236 3606 ἡκούσης
1254 3520 1299 3604 τῆς

82 3611 194 3702 vitoriae
213 3617 316 3682 τίκτειν
334 3644 366 3683 τε
386 3622 435 3685 καὶ
455 3623 555 3704 γεννᾶν
575 3617 636 3706 ἤδη
659 3621 813 3703 ἐπιθυμεῖ·
832 3627 958 3687 divinus
977 3637 1039 3701 est,
1060 3635 1108 3701 et,
1128 3637 1230 3689 aetate
1246 3647 1297 3687 aaa

84 3732 177 3798 turo,
193 3744 304 3801 parere
315 3732 387 3802 jam
400 3736 431 3785 et
443 3750 592 3810 generare
609 3735 713 3809 gestit.
724 3725 756 3806 3)
777 3728 895 3801 Quaerit
913 3727 962 3786 hic
982 3727 1087 3806 igitur,
1108 3725 1142 3787 in
1161 3747 1259 3787 omncs
1275 3742 1297 3785 et

83 3834 178 3901 partes
195 3837 382 3899 convertens,
401 3826 555 3906 pulcrum,
576 3841 608 3886 ut
626 3828 715 3908 possit
732 3827 865 3906 gignere:
888 3847 955 3884 nam
975 3826 1007 3884 iu
1025 3825 1105 3904 turpi
1123 3845 1184 3883 non
1202 3834 1295 3906 potest:

83 3920 212 4001 pulcram
230 3922 317 4001 igitur
342 3924 461 3982 formam
488 3927 594 4005 magis,
614 3946 699 4005 quam
725 3938 839 4005 turpem
860 3925 1058 4004 prosequitur:
1080 3920 1184 4001 quodsi
1202 3923 1236 3982 in
1253 3918 1294 3981 illt

83 4018 210 4104 animum
238 4019 322 4078 simul
341 4023 478 4101 repererit
494 4023 646 4104 pulcrum,
667 4041 830 4102 generosum
841 4068 849 4096 ,
871 4021 1018 4096 solertem,
1040 4021 1225 4082 vehementer
1246 4036 1293 4079 am·

91 4176 133 4183 ..--
140 4175 201 4182 ..-

119 4261 145 4326 1)
163 4265 244 4332 Symp.
263 4237 320 4312 206.
340 4263 369 4313 Β.
389 4262 417 4314 Ο.

120 4349 146 4413 2)
165 4351 225 4400 Eod.
244 4347 301 4396 208.
321 4349 351 4400 Ε.

119 4433 145 4498 3)
163 4436 224 4486 Eod.
242 4433 299 4484 209.
318 4435 346 4485 Β,
