2796 5048
670 222 703 279 ll

111 378 167 439 Sed
187 400 248 441 non
273 378 430 460 est,.quod
456 377 512 438 tihi
539 377 608 439 haec
636 380 749 455 dicam,
770 381 925 456 Crenaerc,
944 382 1002 461 quo
1019 402 1102 443 nemo
1130 383 1217 444 facile
1242 383 1296 443 hac

70 507 165 555 nostra
183 506 322 554 aetateet
343 492 510 554 difficiliora
534 495 657 575 suscepit
675 509 705 555 et
718 509 847 576 suscepta
868 497 978 576 peragit
1001 497 1124 559 facilius.
1163 498 1240 559 Mihi
1260 497 1297 558 de

67 608 297 689 Wyttenbachio
309 608 504 683 narrandum,
524 609 618 686 qualis
636 611 724 669 fuerit
734 656 743 684 ‚
762 620 837 669 c'e‘rte
856 609 928 669 mihi
948 613 984 671 sit
1003 614 1170 689 visusferc,
1190 612 1297 673 inlite-

66 724 106 783 ris
124 721 304 784 tractandis:
323 723 449 784 necdum
462 722 539 781 enim
557 721 611 781 hac
626 725 658 784 in
673 745 705 783 re
719 723 792 783 mihi
805 725 866 804 ipse
884 726 1019 787 satisfeci.
1040 729 1111 787 Nam
1120 727 1296 807 quaeadhuc

64 837 150 913 dixi,
166 839 330 898 communia
347 837 398 897 illa
426 857 555 916 magnam
581 846 690 918 partem
709 838 811 898 habuit
834 858 899 898 cuna
929 840 1089 922 scaligero,
1111 843 1296 917 Gasaubono,

62 952 220 1030 Bentlejc,
241 953 471 1032 Hemsterhusio,
492 959 643 1036 Ernestio,
668 962 793 1042 Heynio.
833 961 872 1020 Hi
896 976 994 1017 omnes
1006 970 1042 1017 et
1062 959 1156 1017 critici
1176 958 1295 1017 fuerunt

65 1068 202 1148 primarii
218 1080 248 1127 et
269 1067 438 1130 habitarunt
461 1073 494 1132 in
517 1075 563 1135 his
588 1075 696 1152 literis,
716 1096 867 1155 earumque
886 1071 973 1132 ducti·
985 1093 1078 1132 amore
1096 1071 1140 1132 nil
1164 1092 1225 1131 non
1243 1093 1297 1152 pro

64 1183 102 1241 iis
131 1181 322 1262 pertulerunt.
361 1183 460 1244 Fuisse
487 1202 582 1248 autem
608 1189 724 1251 videtin
749 1187 977 1270 wyttenbachio
996 1187 1144 1269 proprium
1171 1186 1295 1264 quidet

62 1295 229 1377 singultire,
246 1318 306 1356 non
323 1318 380 1376 quo
396 1300 550 1363 excelleret
568 1305 640 1364 viris
651 1304 860 1373 ¹illisomnibus
879 1317 908 1362 et
923 1301 1045 1381 singulis
1063 1313 1091 1361 et
1108 1300 1291 1361 universis-

61 1410 105 1469 sic
127 1410 288 1491 loquuntur
304 1410 434 1473 homines
452 1415 587 1477 rhetorici
607 1433 636 1479 et
659 1418 844 1494 scholastici,
869 1437 939 1497 quos
960 1414 1051 1477 nolim
1068 1414 1222 1474 imitari-
1244 1413 1295 1474 sed

60 1546 121 1604 quo
137 1525 365 1607 distingueretur
382 1526 420 1587 ab
439 1527 509 1590 illis.
547 1532 617 1592 Erat
634 1532 688 1593 hoc
697 1579 706 1608 ,
722 1533 847 1614 siquid
863 1532 968 1605 video,
989 1529 1119 1591 studiant
1133 1529 1292 1589 Socraticae

60 1639 264 1721 philosophiae
283 1653 310 1699 et
333 1639 516 1726 Platonicae,
539 1647 616 1727 quod
635 1646 801 1707 dominatur
822 1649 855 1708 in
876 1645 1028 1721 omnibus,
1042 1665 1114 1724 quae
1131 1645 1293 1725 scripsitet
1359 1718 1361 1725 Ι

60 1776 270 1837 commentatus
287 1776 346 1838 est,
367 1784 399 1822 ac
417 1776 494 1844 patet
509 1763 703 1843 ascriptorum
713 1760 844 1837 delectu,
864 1782 935 1841 quos
942 1761 1120 1842 potissimum
1127 1757 1293 1820 tractandos

24 1940 27 1944 ,
60 1876 117 1936 sibi
135 1876 280 1958 suscepit,
301 1899 316 1936 e
333 1877 431 1938 studio
443 1877 569 1951 Juliani,
584 1876 729 1958 Eunapii,
749 1877 940 1952 Aristaeneti,
963 1896 1033 1954 quos
1046 1874 1165 1954 juvenis
1184 1874 1217 1933 in
1230 1873 1291 1955 epi·

61 1978 256 2051 stold'l'eritica
269 2011 305 2051 ex
321 1992 450 2052 Platonis
466 1994 546 2052 fonte
565 1991 729 2053 emendavit
744 2006 772 2052 et
789 1991 965 2065 illustravit,
985 2010 1022 2048 ex
1043 1988 1165 2049 consilio
1183 1987 1290 2047 edendi

61 2103 228 2179 Plutarchi,
256 2105 363 2166 edendi
391 2109 481 2188 ipsius
509 2106 655 2182 Platonis,
676 2106 754 2185 quod
782 2107 912 2181 fecisset,
934 2119 966 2164 ut
990 2106 1052 2185 ipse
1071 2103 1204 2184 scripsit,
1232 2102 1289 2161 nisi
1323 2106 1326 2112 '

61 2219 140 2279 idem
158 2232 225 2279 ante
240 2219 357 2280 molitus
369 2221 469 2282 suisset
484 2221 686 2282 Ruhnkenius.
717 2222 807 2281 Natus
820 2234 881 2281 erat
895 2220 932 2279 ad
942 2220 1040 2280 literas
1046 2216 1292 2279 tractandas-anti·

58 2355 150 2414 quas,
171 2332 222 2393 sed
241 2304 342 2394 naturd
360 2336 428 2395 item
447 2336 521 2396 duce
544 2335 698 2395 accedebat
717 2334 755 2394 ad
769 2334 953 2417 philosophos
963 2381 972 2411 ,
992 2335 1148 2395 Socraticos
1171 2334 1204 2393 in
1227 2331 1291 2414 pri-

59 2449 114 2508 mis
139 2461 169 2509 et
194 2447 364 2510 Platonicos.
403 2451 580 2510 Perlustrans
604 2450 693 2529 igitur
719 2463 831 2510 vastum
860 2449 1008 2511 literarum
1034 2469 1183 2530 campum,
1214 2444 1292 2507 illud

57 2561 229 2646 attendebat
245 2564 388 2640 maxime,
409 2565 486 2644 quod
510 2586 575 2624 cum
593 2563 726 2637 Socrate,
745 2582 812 2622 cum
830 2563 966 2639 Platone,
987 2584 1053 2623 cnm
1071 2565 1218 2642 utriusque
1235 2560 1290 2621 ele·
1369 2562 1372 2571 ’

58 2679 159 2758 gantia
182 2691 210 2736 et
234 2676 417 2759 philosophia
440 2681 563 2738 maxime
586 2690 658 2737 esset
679 2679 881 2754 conjunctum3
908 2692 936 2737 et
955 2699 1023 2739 vero
1041 2678 1079 2737 ad
1097 2676 1151 2736 hos
1168 2677 1290 2736 interius

58 2790 271 2872 cognoscendos
287 2783 417 2853 accurate
432 2793 705 2874 diligentissimeque
723 2791 837 2871 singula
850 2793 1036 2872 antiquitatis
1043 2804 1227 2851 monumenta
1241 2810 1288 2848 ex·

58 2906 202 2989 plorabat.
233 2907 380 2987 Ingressus
394 2921 435 2967 est
454 2909 494 2968 ita
513 2907 661 2969 historiam
680 2904 897 2990 philosophiae,
914 2908 948 2966 in
964 2929 1022 2987 qua
1039 2906 1170 2987 regnavit
1183 2904 1289 2986 plane,

58 3023 150 3103 ipsam
168 3021 311 3102 ingressus
329 3034 371 3080 est
395 3022 625 3104 philosophiam,
646 3021 707 3080 sine
726 3042 783 3101 qua
797 3025 857 3102 ejus
874 3021 992 3082 historia
1011 2994 1151 3103 explicari
1170 3020 1287 3099 nequit:

58 3136 222 3215 factumque
247 3135 286 3195 ita
312 3150 371 3211 est,
391 3151 422 3196 ut
441 3137 563 3197 biennio
580 3148 652 3217 post¹
662 3135 769 3195 editam
787 3136 934 3218 epistolam
943 3138 1088 3212 criticam,
1108 3133 1293 3196 Amsteloda-·
1338 3151 1342 3167 ¹

50 3252 98 3310 -mi
124 3249 241 3310 doceret
267 3249 385 3331 publice
404 3272 462 3311 una
490 3273 556 3312 cum
573 3216 692 3311 histoiia
711 3251 909 3334 philosophiae
936 3251 1055 3332 logicam
1074 3253 1159 3312 etiam
1177 3265 1205 3310 et
1227 3271 1288 3309 me-

58 3363 247 3445 taphysicam.

48 3518 54 3526 ·
98 3477 209 3552 Quodsi
232 3499 296 3537 cum
311 3479 537 3559 Wyttenbachio
554 3477 763 3539 Ruhnkenium
776 3500 990 3561 comparamus,
1007 3478 1077 3539 haec
1097 3478 1211 3539 indoles
1230 3479 1287 3539 viri

57 3594 147 3674 magis
165 3594 251 3653 etiam
271 3594 382 3675 patebit
397 3595 490 3655 nobis.
520 3595 621 3668 Illius,
638 3594 671 3652 in
688 3615 790 3675 magna
804 3596 1014 3670 similitudine,
1028 3593 1127 3676 dispar
1144 3595 1202 3654 fuit
1217 3615 1286 3674 quo·

57 3706 211 3768 dammodo
230 3709 398 3788 ingenium,
420 3708 518 3790 dispar
539 3708 700 3769 studiorum
720 3710 815 3769 viaet
833 3711 913 3770 ratio.
952 3710 977 3769 E
994 3708 1109 3789 Bergeri
1126 3711 1286 3789 Ritterique

56 3823 202 3904 proiectus
219 3822 418 3898 institutione,
440 3838 471 3883 ut
484 3825 613 3905 suo'ipse
632 3823 749 3904 ingenio
769 3824 887 3905 obsequi
906 3825 1017 3906 coepit,
1037 3825 1078 3884 ita
1096 3827 1234 3886 continuo
1253 3826 1285 3882 in

55 3943 155 4019 poetas
171 3937 296 4013 incidit,
316 3939 489 4014 Homerum,
510 3938 686 4014 Hesiodum,
704 3939 890 4015 Homeridas,
917 3939 1103 4021 Apollonium
1121 3939 1284 4014 Rhodium,

47 4050 284 4127 -Callimachum,
302 4053 334 4112 in
352 4053 719 4135 quibusinterpretandis‚
740 4054 946 4131 emendandis,
967 4052 1281 4137 purgandis-Bentleja·
1327 4132 1330 4139 Ι

54 4186 127 4225 nam
143 4167 300 4248 usurpabat
318 4169 456 4229 rationem
481 4183 510 4229 et
533 4169 698 4229 audaciam:
729 4172 825 4252 prouti
845 4172 905 4251 ipse
929 4172 1038 4231 Rittero
1056 4167 1214 4248 aliquando
1232 4170 1282 4229 in-

53 4301 151 4361 genue
169 4281 297 4383 anim'gm
312 4283 464 4362 'aperiens,
493 4284 526 4343 in
545 4283 665 4364 epistola
684 4287 815 4367 scripsit:
845 4293 907 4344 aiei
923 4288 1000 4345 mihi
1017 4285 1282 4358 Hamrtcrhasias,

56 4397 88 4456 V
85 4398 282 4477 adelmarius
301 4399 415 4477 otiique
434 4407 544 4459 summi
561 4401 694 4460 &nunes
715 4399 803 4460 corbo
823 4401 912 4475 daut,
934 4403 1087 4461 videor-ite
1105 4401 1156 4461 hoe
1176 4401 1278 4458 litoro-
