2796 5048
659 236 717 295 349

63 420 153 477 quam
171 378 282 457 sumti
303 408 333 453 et
361 394 475 455 Platoni
513 396 640 457 videtur.
682 396 791 457 Debuit
821 397 867 457 his
904 397 1106 475 dialecticam,
1136 404 1199 463 sine
1225 424 1303 483 qua,

61 496 144 575 quod
165 497 227 576 ipse
244 492 389 567 affirmat,
410 494 527 552 tractari
549 492 602 553 illa
620 508 701 554 recte·
729 516 789 554 non
818 508 940 576 poterat.
982 496 1064 557 Plato
1094 514 1188 560 autem
1223 504 1301 564 riam

28 598 37 633 '¹
61 593 119 677 ipsi
139 593 322 675 praeiverat,
344 603 377 649 ut
396 611 448 671 per
463 590 647 651 dialecticam
668 593 700 650 in
730 593 873 653 mundum
900 587 1025 674 νοητδν,
1046 597 1119 676 quin
1149 598 1235 657 etiam
1265 599 1304 659 ad

12 692 37 733 Ι
62 692 212 773 principia
240 680 418 779 α’νοιιιίθιτα
448 690 624 751 escenderet.
666 688 879 770 Quidr'quod
905 709 934 755 et
963 695 1093 755 Socrates
1118 708 1146 753 ct
1164 695 1246 755 Plato
1265 696 1302 756 de

12 796 35 855 'l
59 792 172 851 caussis
188 792 251 853 sive
266 781 424 873 qi'rlioipiis
443 811 540 849 rerum
557 786 716 871 diligenter
735 792 937 868 quaesiverant
961 807 989 853 et
1016 796 1205 872 Anaxagorae
1234 792 1303 874 pla-

12 888 119 947 ¹eita
149 889 375 969 exploraverant
400 889 537 948 studiose.
579 888 682 947 Narrat
711 887 744 947 id
763 889 800 948 de
828 911 887 949 sese
908 890 988 971 apud
1006 890 1153 951 Platonem
1172 890 1301 953 Socrates

11 972 286 1145 1¹:³Phaedone
318 986 431 1046 unde'
424 989 515 1067 ipsius
532 986 662 1045 Platonis
681 986 808 1045 studium
828 1002 916 1067 patet.
961 1012 976 1044 o
987 981 1064 1068 Ἐγώ
1085 1010 1161 1069 γαρ,
1185 989 1300 1068 inquit,

116 1078 238 1165 Κέβης,
269 1077 391 1157 νέος’
363 1106 422 1158 ιον,
449 1083 639 1163 θαυμαστῶς
668 1076 710 1157 ὦς
739 1078 920 1167 ἐπεθύμησα
948 1083 1061 1205 ταύτης
1087 1087 1150 1170 τῆς
1178 1089 1299 1172 σοφίας,

11 1206 17 1241 ι
55 1180 98 1267 ἢν
119 1176 164 1268 δη
185 1183 308 1247 καλοῦσι
327 1184 397 1271 maol
419 1179 539 1266 φύσεως
560 1180 705 1267 ἱστορίαν·
725 1179 916 1269 ὑπερήφανος
936 1186 994 1272 γάρ
1021 1212 1074 1270 μοι
1100 1183 1197 1252 ἐδόκει
1225 1185 1297 1253 εἶναι

11 1282 20 1341 l
56 1283 229 1349 εἰδέναι
190 1311 245 1362 τας
265 1284 427 1363 αἰτίος“
413 1282 551 1362 seducor,
574 1280 625 1347 dra
646 1310 664 1347 τ
664 1283 821 1368 ίγίγνεται
843 1284 1035 1353 ἕκαστονκαὶ
1057 1286 1150 1356 διὰτί
1163 1286 1296 1355 ἀπόλλυ-

11 1402 21 1439 Ι
54 1384 107 1451 τοι
128 1388 180 1451 καὶ
201 1380 253 1450 did
274 1387 306 1451 τί
326 1383 401 1450 ἔστι·
425 1394 580 1472 squidem,
601 1413 616 1449 ο
636 1389 829 1464 Cebes,'cacm
848 1414 939 1453 assem
950 1401 1098 1470 juvenis,
1119 1402 1202 1455 mira
1222 1419 1296 1476 que·

113 1486 217 1569 ''ejus
236 1492 581 1570 sapiantioecupiditctc
591 1489 783 1569 flagrabunt,
803 1511 894 1568 quum
915 1502 1047 1551 noturus
1066 1505 1173 1553 vocarat
1201 1498 1297 1555 bisto-

105 1574 117 1585 .
150 1614 161 1649 .·
180 1592 376 1668 praeclarum
395 1598 476 1650 anim
495 1610 555 1648 essa
574 1588 726 1645 censebam
737 1630 746 1660 ,
766 1608 891 1649 ocurras
915 1593 1109 1672 intelligere,
1139 1598 1245 1672 quidus
1265 1606 1295 1654 et

158 1754 161 1759 ,
190 1690 365 1770 singulari
387 1696 556 1747 interirent
575 1695 605 1744 ct
626 1695 750 1745 aaroni.»
778 1684 807 1765 1)
828 1686 874 1746 sic
895 1708 1031 1764 exorsus,
1053 1691 1295 1769 quemadmodum

13 1796 20 1833 ¹
105 1788 116 1847 i
147 1772 201 1847 boc
228 1787 358 1847 studium
384 1787 519 1859 cesserit,
550 1797 675 1843 enarrat.
718 1785 793 1841 Tum
822 1784 931 1864 pergit:
967 1786 1045 1846 «scd
1063 1809 1129 1847 cum
1147 1789 1291 1850 audissem

10 1876 24 1935 '¹'
88 1884 381 1967 aquandoqaendam
399 1906 436 1945 cx
456 1884 552 1958 libro,
574 1896 606 1940 ut
624 1880 738 1959 ajebat,
759 1884 947 1962 anaxagorae
966 1883 1109 1965 legentem
1119 1888 1293 1947 sententiam

13 1996 18 2031 ⁵
11 1982 189 2081 hancce,
220 1980 262 2057 οἷς
283 1976 353 2066 ἄρα
373 1983 456 2057 νοιῖς
477 1978 558 2042 ἐστὶν
580 1973 599 2041 o‘
621 1979 790 2056 διακοσμῶν
813 2001 845 2040 τε
865 1978 915 2041 atui
935 1972 1055 2043 adnare
1075 1978 1181 2059 αἴτιος,
1212 2010 1292 2047 man·

145 2105 225 2160 erse,
254 2108 331 2164 quas
358 2087 528 2145 ordinasset
555 2089 655 2142 omnia
683 2089 874 2160 mniumque
902 2093 978 2145 aaut
1000 2106 1129 2161 οοιιττο,
1153 2086 1216 2171 bac
1242 2104 1293 2165 ego

173 2182 360 2247 vehementer
379 2205 442 2243 sum
462 2182 640 2255 delectatus,
661 2180 813 2261 visumque
834 2178 907 2239 mihi
928 2162 1193 2255 est,1ectescid
1220 2206 1294 2264 quo-

10 2302 15 2339 ι
50 2248 211 2340 dammodo
229 2281 353 2357 habere,
374 2295 498 2340 mentem
515 2298 612 2339 rernm
629 2278 760 2339 omniurn
787 2298 915 2337 caussam
944 2300 1021 2339 esse:
1052 2280 1216 2341 arbitrabar
1244 2304 1293 2341 au·

10 2402 13 2439 t
50 2388 134 2452 tem,
153 2380 178 2437 si
197 2379 238 2439 ita
257 2400 287 2438 sc
307 2400 351 2439 res
370 2379 509 2453 haberet,
539 2390 571 2435 ut
596 2397 677 2436 mens
697 2375 839 2436 ordinans
857 2368 1013 2436 ordinaret
1034 2381 1148 2457 omnia,
1176 2352 1294 2463 singula

10 2516 12 2523 =
51 2476 144 2559 aiam
164 2476 325 2537 eandem
302 2498 344 2537 src
365 2477 540 2559 disponere,
562 2486 594 2532 ut
614 2475 722 2554 optime
744 2494 775 2532 se
803 2474 953 2535 haberent
996 2477 1209 2581 Quamobrem,
1241 2478 1293 2567 ubi

52 2568 148 2635 vellet
162 2573 271 2652 aliquis
288 2596 417 2635 caussam
437 2574 591 2646 invenire,
612 2592 668 2651 qua
686 2570 802 2650 singula
822 2570 895 2630 fiant
920 2587 969 2631 aut
987 2588 1108 2653 pereant
1139 2586 1204 2635 aut·
1205 2574 1298 2653 sant,

49 2670 146 2731 boc
137 2692 233 2753 ipsum
259 2693 318 2732 esse
348 2671 582 2745 inveniendum,
611 2691 694 2749 qua
694 2671 806 2728 ratione
832 2670 972 2750 optimum
998 2672 1036 2730 sit
1066 2692 1231 2750 unicuique*
1242 2687 1293 2734 aut

48 2788 115 2827 esse
133 2782 183 2828 aut
201 2770 296 2830 facere
315 2770 441 2849 quodvis
460 2783 510 2830 aut
528 2768 606 2849 pati:
638 2767 693 2826 hoc
721 2780 817 2826 autem
844 2779 929 2847 pacto
959 2767 1005 2827 nil
1031 2768 1114 2829 aliud
1146 2768 1292 2829 hominem

48 2866 239 2929 considerare
258 2884 308 2929 aut
328 2868 364 2928 de
385 2890 415 2929 se
434 2882 483 2928 aut
501 2866 538 2926 de
556 2866 623 2925 aliis
639 2879 789 2946 oportere,
810 2864 869 2925 niu
861 2864 965 2945 quod
988 2867 1169 2945 potissimum
1199 2868 1236 2926 sit
1263 2882 1292 2929 et

47 2964 214 3045 optimum:
235 2981 379 3059 caeterum
398 2966 549 3027 eundem
541 2978 611 3024 rtem
625 2963 705 3043 quod
722 2966 805 3045 pejus
821 2974 909 3029 curt
905 2964 1108 3049 cognovisse:
1141 2965 1292 3043 utriusque

47 3064 134 3123 enim
154 3064 276 3125 candem
294 3047 445 3126 scientiam
464 3085 532 3124 esse.
574 3065 653 3123 Haec
678 3063 766 3143 igitur
788 3074 926 3143 reputans
952 3068 1083 3138 meeum,
1112 3052 1293 3178 gaudliltam,
1373 3064 1388 3079 ⁸

47 3160 202 3223 invenisse
221 3185 266 3223 me
294 3166 460 3247 magistrum
478 3176 577 3239 ratus,
607 3184 658 3243 qur
649 3161 751 3221 'mihi
779 3181 892 3223 caussas
912 3158 973 3219 τῶν
997 3142 1098 3223 dard)
1111 3155 1188 3222 κατοὶ
1208 3162 1292 3236 νσῦν,

46 3274 71 3321 tt
88 3262 254 3337 sententia,
284 3260 431 3336 traderet,
462 3263 690 3341 Anaxagoram.»
710 3259 743 3340 2)
774 3260 888 3334 Quibus
920 3250 1078 3340 enarratis,
1117 3263 1292 3344 pulcerrima

49 3378 120 3473 ιρι
108 3357 264 3417 excidisse
285 3380 314 3418 se
335 3360 452 3420 latetur.
496 3350 605 3420 'a'Aud
642 3351 683 3441 δή
722 3360 921 3441 θαυμαστῆς,
958 3351 985 3422 ὦ
1021 3356 1134 3443 ἑταῖρε,
1171 3360 1292 3481 ἐλπίδρς

36 3448 181 3545 ςέχόμην
202 3449 379 3539 φερόμενος,
402 3454 506 3542 ἐπειδη
526 3452 640 3553 nqoi'cir
659 3458 710 3520 καὶ
731 3454 956 3541 αναγιγνώσκων
977 3456 1039 3545 όρω
1026 3455 1219 3547 ’ἄνδρα
1174 3484 1217 3522 τω
1233 3458 1291 3540 μὲν

47 3554 95 3640 νῷ
119 3549 209 3618 οὖδὲν
233 3554 405 3641 χρώμενον,
433 3556 506 3623 σνδέ
530 3566 611 3636 τιναςΙ
636 3559 732 3635 αἰτίας
759 3556 1020 3642 ἐνιαιτιώμινον’
995 3587 1036 3637 εις
1061 3586 1097 3625 το
1121 3564 1292 3643 διακοσμεῖν

47 3680 89 3718 τοι
108 3646 295 3739 πράγματα,
322 3657 413 3747 οἷέρος
444 3660 481 3725 δὲ
505 3687 555 3725 και
548 3659 706 3743 αἰθέρος
732 3661 782 3725 καὶ
799 3657 909 3757 cidara
936 3653 1112 3744 αἰτιωμινσν
1136 3665 1185 3728 καὶ
1215 3660 1291 3729 ἄλλα

48 3755 145 3823 πολλὰ
164 3786 214 3824 κον
234 3759 341 3825 ἄτοπα
361 3770 542 3831 admirabili
560 3776 664 3827 autom
682 3788 749 3844 aps,
771 3775 884 3843 amica,
912 3770 1011 3827 excidi
1039 3790 1134 3849 quum
1156 3792 1290 3851 porgens

47 3865 173 3943 lugendo
198 3874 302 3926 cirum
331 3862 464 3929 viderem
491 3878 589 3927 menta
619 3868 703 3925 nullo
727 3867 809 3925 medo
829 3875 878 3924 uti
896 3888 948 3925 nec
967 3877 1085 3928 cauam
1104 3881 1208 3930 menti
1218 3892 1290 3928 eon-

84 4245 111 4311 ii
131 4248 224 4331 Phoci.
242 4249 284 4303 96.
301 4250 333 4303 Α.

84 4334 102 4384 2
131 4336 193 4386 Eoi.
213 4335 256 4387 97.
275 4336 304 4386 Β.
326 4334 353 4387 C.
373 4336 401 4385 ll.
