<?xml version="1.0" encoding="UTF-8"?>
<!DOCTYPE html PUBLIC "-//W3C//DTD XHTML 1.0 Transitional//EN"
    "http://www.w3.org/TR/xhtml1/DTD/xhtml1-transitional.dtd">
<html xmlns="http://www.w3.org/1999/xhtml" xml:lang="en" lang="en">
 <head>
  <title>
</title>
<meta http-equiv="Content-Type" content="text/html;charset=utf-8" />
  <meta name='ocr-system' content='tesseract 3.04.00' />
  <meta name='ocr-capabilities' content='ocr_page ocr_carea ocr_par ocr_line ocrx_word'/>
</head>
<body>
  <div class='ocr_page' id='page_1' title='image "./initiaphilosoph00heusgoog_0610.png"; bbox 0 0 2796 5048; ppageno 0'>
   <div class='ocr_carea' id='block_1_1' title="bbox 668 263 723 326">
    <p class='ocr_par' dir='ltr' id='par_1_1' title="bbox 668 263 723 326">
     <span class='ocr_line' id='line_1_1' title="bbox 668 263 723 326; baseline 0 0"><span class='ocrx_word' id='word_1_1' title='bbox 668 263 723 326; x_wconf 78' lang='lat'><strong>571</strong></span> 
     </span>
    </p>
   </div>
   <div class='ocr_carea' id='block_1_2' title="bbox 119 344 124 373">
    <p class='ocr_par' dir='ltr' id='par_1_2' title="bbox 119 344 124 373">
     <span class='ocr_line' id='line_1_2' title="bbox 119 344 124 373; baseline 0 0"><span class='ocrx_word' id='word_1_2' title='bbox 119 344 124 373; x_wconf 85' lang='lat' dir='ltr'><strong>l</strong></span> 
     </span>
    </p>
   </div>
   <div class='ocr_carea' id='block_1_3' title="bbox 43 410 1351 1911">
    <p class='ocr_par' dir='ltr' id='par_1_3' title="bbox 43 410 1351 1608">
     <span class='ocr_line' id='line_1_3' title="bbox 79 410 1309 515; baseline -0.002 -19"><span class='ocrx_word' id='word_1_3' title='bbox 79 439 173 512; x_wconf 83' lang='lat' dir='ltr'><strong>litia,</strong></span> <span class='ocrx_word' id='word_1_4' title='bbox 194 436 227 494; x_wconf 92' lang='lat' dir='ltr'><strong>in</strong></span> <span class='ocrx_word' id='word_1_5' title='bbox 247 418 395 515; x_wconf 80' lang='lat' dir='ltr'><strong>Legilae,</strong></span> <span class='ocrx_word' id='word_1_6' title='bbox 416 432 449 491; x_wconf 93' lang='lat' dir='ltr'><strong>in</strong></span> <span class='ocrx_word' id='word_1_7' title='bbox 468 430 523 492; x_wconf 89' lang='lat' dir='ltr'><strong>hoc</strong></span> <span class='ocrx_word' id='word_1_8' title='bbox 541 434 604 515; x_wconf 92' lang='lat' dir='ltr'><strong>ipso</strong></span> <span class='ocrx_word' id='word_1_9' title='bbox 622 433 660 493; x_wconf 88' lang='lat' dir='ltr'><strong>de</strong></span> <span class='ocrx_word' id='word_1_10' title='bbox 679 410 815 495; x_wconf 84' lang='lat' dir='ltr'><strong>universd</strong></span> <span class='ocrx_word' id='word_1_11' title='bbox 838 431 953 512; x_wconf 83' lang='lat' dir='ltr'><strong>dialogo</strong></span> <span class='ocrx_word' id='word_1_12' title='bbox 973 443 1015 491; x_wconf 90' lang='lat' dir='ltr'><strong>est</strong></span> <span class='ocrx_word' id='word_1_13' title='bbox 1026 478 1034 507; x_wconf 92' lang='lat'>‚</span> <span class='ocrx_word' id='word_1_14' title='bbox 1055 447 1156 512; x_wconf 91' lang='lat' dir='ltr'><strong>sponte</strong></span> <span class='ocrx_word' id='word_1_15' title='bbox 1175 429 1309 494; x_wconf 87' lang='lat' dir='ltr'><strong>efficitur.</strong></span> 
     </span>
     <span class='ocr_line' id='line_1_4' title="bbox 78 530 1311 613; baseline -0.005 -16"><span class='ocrx_word' id='word_1_16' title='bbox 78 537 139 598; x_wconf 87' lang='lat' dir='ltr'><strong>Nec</strong></span> <span class='ocrx_word' id='word_1_17' title='bbox 164 533 270 594; x_wconf 86' lang='lat' dir='ltr'><strong>desunt</strong></span> <span class='ocrx_word' id='word_1_18' title='bbox 296 532 423 613; x_wconf 87' lang='lat' dir='ltr'><strong>profecto</strong></span> <span class='ocrx_word' id='word_1_19' title='bbox 444 530 593 592; x_wconf 89' lang='lat' dir='ltr'><strong>doctrinae</strong></span> <span class='ocrx_word' id='word_1_20' title='bbox 612 531 680 591; x_wconf 90' lang='lat' dir='ltr'><strong>huic</strong></span> <span class='ocrx_word' id='word_1_21' title='bbox 697 532 882 607; x_wconf 90' lang='lat' dir='ltr'><strong>Platonicae,</strong></span> <span class='ocrx_word' id='word_1_22' title='bbox 904 531 1043 612; x_wconf 84' lang='lat' dir='ltr'>equibus</span> <span class='ocrx_word' id='word_1_23' title='bbox 1063 530 1206 610; x_wconf 86' lang='lat' dir='ltr'><strong>hodieque</strong></span> <span class='ocrx_word' id='word_1_24' title='bbox 1225 530 1311 591; x_wconf 90' lang='lat' dir='ltr'><strong>etiam</strong></span> 
     </span>
     <span class='ocr_line' id='line_1_5' title="bbox 43 627 1311 714; baseline -0.008 -17"><span class='ocrx_word' id='word_1_25' title='bbox 43 656 46 663; x_wconf 86' lang='grc'><em>·</em></span> <span class='ocrx_word' id='word_1_26' title='bbox 78 634 165 696; x_wconf 89' lang='lat' dir='ltr'><strong>nohis</strong></span> <span class='ocrx_word' id='word_1_27' title='bbox 184 631 321 714; x_wconf 83' lang='lat' dir='ltr'><strong>prolicere</strong></span> <span class='ocrx_word' id='word_1_28' title='bbox 340 630 443 690; x_wconf 89' lang='lat' dir='ltr'><strong>liceat:</strong></span> <span class='ocrx_word' id='word_1_29' title='bbox 464 630 497 689; x_wconf 91' lang='lat' dir='ltr'><strong>iu</strong></span> <span class='ocrx_word' id='word_1_30' title='bbox 516 630 623 710; x_wconf 89' lang='lat' dir='ltr'><strong>quibus</strong></span> <span class='ocrx_word' id='word_1_31' title='bbox 641 630 780 691; x_wconf 90' lang='lat' dir='ltr'><strong>modestia</strong></span> <span class='ocrx_word' id='word_1_32' title='bbox 800 633 830 691; x_wconf 91' lang='lat' dir='ltr'><strong>in</strong></span> <span class='ocrx_word' id='word_1_33' title='bbox 853 633 952 712; x_wconf 87' lang='lat' dir='ltr'><strong>primis</strong></span> <span class='ocrx_word' id='word_1_34' title='bbox 978 629 1144 711; x_wconf 90' lang='lat' dir='ltr'><strong>philosophi</strong></span> <span class='ocrx_word' id='word_1_35' title='bbox 1166 627 1311 689; x_wconf 86' lang='lat' dir='ltr'><strong>censenda</strong></span> 
     </span>
     <span class='ocr_line' id='line_1_6' title="bbox 80 725 1309 811; baseline -0.007 -18"><span class='ocrx_word' id='word_1_36' title='bbox 80 748 142 809; x_wconf 86' lang='lat' dir='ltr'><strong>est,</strong></span> <span class='ocrx_word' id='word_1_37' title='bbox 163 728 279 795; x_wconf 85' lang='lat' dir='ltr'><strong>ubi&#39;de</strong></span> <span class='ocrx_word' id='word_1_38' title='bbox 309 731 368 790; x_wconf 89' lang='lat' dir='ltr'><strong>Deo</strong></span> <span class='ocrx_word' id='word_1_39' title='bbox 388 728 529 807; x_wconf 82' lang='lat' dir='ltr'>rebusque</span> <span class='ocrx_word' id='word_1_40' title='bbox 548 729 660 790; x_wconf 84' lang='lat' dir='ltr'><strong>divinis</strong></span> <span class='ocrx_word' id='word_1_41' title='bbox 680 731 747 811; x_wconf 86' lang='lat' dir='ltr'><strong>agit.</strong></span> <span class='ocrx_word' id='word_1_42' title='bbox 771 728 800 811; x_wconf 91' lang='grc'><strong>1)</strong></span> <span class='ocrx_word' id='word_1_43' title='bbox 841 730 1019 790; x_wconf 89' lang='lat' dir='ltr'><strong>Recentioris</strong></span> <span class='ocrx_word' id='word_1_44' title='bbox 1040 729 1140 788; x_wconf 81' lang='lat' dir='ltr'><strong>aetatis</strong></span> <span class='ocrx_word' id='word_1_45' title='bbox 1159 749 1224 786; x_wconf 93' lang='lat' dir='ltr'><strong>cum</strong></span> <span class='ocrx_word' id='word_1_46' title='bbox 1238 725 1309 808; x_wconf 87' lang='lat' dir='ltr'><strong>phi·</strong></span> 
     </span>
     <span class='ocr_line' id='line_1_7' title="bbox 79 826 1311 913; baseline -0.007 -20"><span class='ocrx_word' id='word_1_47' title='bbox 79 831 211 913; x_wconf 91' lang='lat' dir='ltr'><strong>losophi,</strong></span> <span class='ocrx_word' id='word_1_48' title='bbox 242 842 303 888; x_wconf 89' lang='lat' dir='ltr'><strong>tum</strong></span> <span class='ocrx_word' id='word_1_49' title='bbox 322 828 447 887; x_wconf 85' lang='lat' dir='ltr'><strong>maxime</strong></span> <span class='ocrx_word' id='word_1_50' title='bbox 466 827 593 907; x_wconf 81' lang='lat' dir='ltr'><strong>theologi</strong></span> <span class='ocrx_word' id='word_1_51' title='bbox 613 829 652 888; x_wconf 91' lang='lat' dir='ltr'><strong>sic</strong></span> <span class='ocrx_word' id='word_1_52' title='bbox 681 827 717 888; x_wconf 88' lang='lat' dir='ltr'><strong>de</strong></span> <span class='ocrx_word' id='word_1_53' title='bbox 737 842 840 889; x_wconf 87' lang='lat' dir='ltr'><strong>natura</strong></span> <span class='ocrx_word' id='word_1_54' title='bbox 858 828 960 888; x_wconf 85' lang='lat' dir='ltr'><strong>divina</strong></span> <span class='ocrx_word' id='word_1_55' title='bbox 979 828 1212 908; x_wconf 84' lang='lat' dir='ltr'><strong>pronunciarunt</strong></span> <span class='ocrx_word' id='word_1_56' title='bbox 1232 826 1311 902; x_wconf 84' lang='lat' dir='ltr'><strong>sere,</strong></span> 
     </span>
     <span class='ocr_line' id='line_1_8' title="bbox 80 925 1311 1009; baseline -0.002 -21"><span class='ocrx_word' id='word_1_57' title='bbox 80 929 162 1009; x_wconf 86' lang='lat' dir='ltr'><strong>quasi</strong></span> <span class='ocrx_word' id='word_1_58' title='bbox 179 929 236 1008; x_wconf 92' lang='lat' dir='ltr'><strong>ipsi</strong></span> <span class='ocrx_word' id='word_1_59' title='bbox 256 948 317 986; x_wconf 88' lang='lat' dir='ltr'><strong>eam</strong></span> <span class='ocrx_word' id='word_1_60' title='bbox 335 939 423 986; x_wconf 89' lang='lat' dir='ltr'><strong>totam</strong></span> <span class='ocrx_word' id='word_1_61' title='bbox 437 927 609 1007; x_wconf 89' lang='lat' dir='ltr'><strong>penitusque</strong></span> <span class='ocrx_word' id='word_1_62' title='bbox 629 929 839 1006; x_wconf 80' lang='lat' dir='ltr'><strong>cognovissent.</strong></span> <span class='ocrx_word' id='word_1_63' title='bbox 881 928 946 987; x_wconf 91' lang='lat' dir='ltr'><strong>Non</strong></span> <span class='ocrx_word' id='word_1_64' title='bbox 963 927 1002 986; x_wconf 87' lang='lat' dir='ltr'><strong>ita</strong></span> <span class='ocrx_word' id='word_1_65' title='bbox 1020 925 1111 985; x_wconf 89' lang='lat' dir='ltr'><strong>Plato.</strong></span> <span class='ocrx_word' id='word_1_66' title='bbox 1142 926 1292 985; x_wconf 90' lang='lat' dir='ltr'><strong>Timaeum</strong></span> <span class='ocrx_word' id='word_1_67' title='bbox 1302 971 1311 1001; x_wconf 88' lang='lat'>‚</span> 
     </span>
     <span class='ocr_line' id='line_1_9' title="bbox 80 1024 1313 1106; baseline -0.005 -18"><span class='ocrx_word' id='word_1_68' title='bbox 80 1027 119 1089; x_wconf 89' lang='lat' dir='ltr'><strong>de</strong></span> <span class='ocrx_word' id='word_1_69' title='bbox 135 1028 195 1087; x_wconf 88' lang='lat' dir='ltr'><strong>Deo</strong></span> <span class='ocrx_word' id='word_1_70' title='bbox 216 1024 304 1105; x_wconf 73' lang='lat' dir='ltr'><strong>rerba</strong></span> <span class='ocrx_word' id='word_1_71' title='bbox 324 1025 468 1085; x_wconf 77' lang='lat' dir='ltr'><strong>facturum</strong></span> <span class='ocrx_word' id='word_1_72' title='bbox 478 1069 487 1100; x_wconf 95' lang='lat'><strong>,</strong></span> <span class='ocrx_word' id='word_1_73' title='bbox 508 1024 566 1085; x_wconf 88' lang='lat' dir='ltr'><strong>hoc&#39;</strong></span> <span class='ocrx_word' id='word_1_74' title='bbox 583 1041 817 1106; x_wconf 85' lang='lat' dir='ltr'><strong>praemonentem</strong></span> <span class='ocrx_word' id='word_1_75' title='bbox 832 1024 970 1086; x_wconf 77' lang='lat' dir='ltr'><strong>induxit:</strong></span> <span class='ocrx_word' id='word_1_76' title='bbox 993 1031 1162 1083; x_wconf 72' lang='lat' dir='ltr'><strong>meminisse</strong></span> <span class='ocrx_word' id='word_1_77' title='bbox 1181 1047 1230 1084; x_wconf 80' lang='lat' dir='ltr'><strong>aar</strong></span> <span class='ocrx_word' id='word_1_78' title='bbox 1251 1028 1313 1084; x_wconf 81' lang='lat' dir='ltr'><strong>rci-</strong></span> 
     </span>
     <span class='ocr_line' id='line_1_10' title="bbox 80 1115 1313 1207; baseline -0.003 -22"><span class='ocrx_word' id='word_1_79' title='bbox 80 1128 155 1185; x_wconf 84' lang='lat' dir='ltr'><strong>lieet</strong></span> <span class='ocrx_word' id='word_1_80' title='bbox 179 1127 339 1203; x_wconf 79' lang='lat' dir='ltr'><strong>oportebit,</strong></span> <span class='ocrx_word' id='word_1_81' title='bbox 371 1116 411 1197; x_wconf 71' lang='lat' dir='ltr'><strong>aig</strong></span> <span class='ocrx_word' id='word_1_82' title='bbox 431 1117 449 1183; x_wconf 93' lang='lat' dir='ltr'><strong>o&#39;</strong></span> <span class='ocrx_word' id='word_1_83' title='bbox 470 1117 565 1204; x_wconf 72' lang='grc' dir='ltr'><em>λέγων</em></span> <span class='ocrx_word' id='word_1_84' title='bbox 585 1119 646 1204; x_wconf 73' lang='grc' dir='ltr'><strong>ἐγώ</strong></span> <span class='ocrx_word' id='word_1_85' title='bbox 667 1119 751 1204; x_wconf 75' lang='grc' dir='ltr'><em>ὑμεῖς</em></span> <span class='ocrx_word' id='word_1_86' title='bbox 771 1148 801 1187; x_wconf 77' lang='grc' dir='ltr'><strong><em>τι</em></strong></span> <span class='ocrx_word' id='word_1_87' title='bbox 824 1121 852 1186; x_wconf 83' lang='grc' dir='ltr'><strong>οἱ</strong></span> <span class='ocrx_word' id='word_1_88' title='bbox 878 1122 974 1207; x_wconf 81' lang='grc' dir='ltr'><em>κριταὶ</em></span> <span class='ocrx_word' id='word_1_89' title='bbox 1002 1115 1092 1205; x_wconf 71' lang='grc' dir='ltr'><strong><em>φύσιν</em></strong></span> <span class='ocrx_word' id='word_1_90' title='bbox 1118 1117 1313 1206; x_wconf 73' lang='grc' dir='ltr'><em>ἀνθρωπίνην</em></span> 
     </span>
     <span class='ocr_line' id='line_1_11' title="bbox 72 1213 1313 1342; baseline -0.002 -55"><span class='ocrx_word' id='word_1_91' title='bbox 72 1218 207 1342; x_wconf 68' lang='grc' dir='ltr'><em>,ἕχρμεν</em></span> <span class='ocrx_word' id='word_1_92' title='bbox 242 1215 318 1285; x_wconf 74' lang='grc' dir='ltr'><em>ὥστε</em></span> <span class='ocrx_word' id='word_1_93' title='bbox 353 1224 420 1308; x_wconf 85' lang='grc' dir='ltr'><em>περὶ</em></span> <span class='ocrx_word' id='word_1_94' title='bbox 450 1219 565 1288; x_wconf 78' lang='grc' dir='ltr'><em>τούτων</em></span> <span class='ocrx_word' id='word_1_95' title='bbox 596 1221 651 1289; x_wconf 80' lang='grc' dir='ltr'><strong>τάν</strong></span> <span class='ocrx_word' id='word_1_96' title='bbox 676 1222 773 1290; x_wconf 74' lang='grc' dir='ltr'><em>εἰκότα</em></span> <span class='ocrx_word' id='word_1_97' title='bbox 797 1213 901 1309; x_wconf 60' lang='lat' dir='ltr'><strong>peritior</strong></span> <span class='ocrx_word' id='word_1_98' title='bbox 925 1217 1181 1309; x_wconf 71' lang='grc' dir='ltr'><em>ἀποδεχομένους,</em></span> <span class='ocrx_word' id='word_1_99' title='bbox 1209 1219 1313 1309; x_wconf 70' lang='grc' dir='ltr'><em>πρέπει</em></span> 
     </span>
     <span class='ocr_line' id='line_1_12' title="bbox 81 1321 1351 1412; baseline -0.002 -23"><span class='ocrx_word' id='word_1_100' title='bbox 81 1321 190 1389; x_wconf 74' lang='grc' dir='ltr'><em>τούτου</em></span> <span class='ocrx_word' id='word_1_101' title='bbox 211 1321 348 1408; x_wconf 74' lang='grc' dir='ltr'><em>μηδὲν</em></span> <span class='ocrx_word' id='word_1_102' title='bbox 331 1349 373 1388; x_wconf 81' lang='lat' dir='ltr'><strong>ere</strong></span> <span class='ocrx_word' id='word_1_103' title='bbox 394 1323 471 1411; x_wconf 75' lang='grc' dir='ltr'><em>πέρα</em></span> <span class='ocrx_word' id='word_1_104' title='bbox 493 1327 603 1412; x_wconf 81' lang='grc' dir='ltr'><em>ζητιῖν·</em></span> <span class='ocrx_word' id='word_1_105' title='bbox 635 1342 664 1391; x_wconf 88' lang='lat' dir='ltr'><strong>et</strong></span> <span class='ocrx_word' id='word_1_106' title='bbox 692 1355 756 1410; x_wconf 88' lang='lat' dir='ltr'><strong>me,</strong></span> <span class='ocrx_word' id='word_1_107' title='bbox 786 1341 840 1412; x_wconf 82' lang='lat' dir='ltr'><strong>qm·</strong></span> <span class='ocrx_word' id='word_1_108' title='bbox 865 1334 1032 1407; x_wconf 82' lang='lat' dir='ltr'><strong>dieeeram,</strong></span> <span class='ocrx_word' id='word_1_109' title='bbox 1063 1332 1209 1390; x_wconf 72' lang='lat' dir='ltr'><strong>honitatem</strong></span> <span class='ocrx_word' id='word_1_110' title='bbox 1233 1350 1310 1402; x_wconf 81' lang='lat' dir='ltr'><strong>eree,</strong></span> <span class='ocrx_word' id='word_1_111' title='bbox 1342 1378 1351 1403; x_wconf 76' lang='lat'><strong>,</strong></span> 
     </span>
     <span class='ocr_line' id='line_1_13' title="bbox 82 1431 1313 1511; baseline -0.004 -20"><span class='ocrx_word' id='word_1_112' title='bbox 82 1443 113 1491; x_wconf 89' lang='lat' dir='ltr'><strong>et</strong></span> <span class='ocrx_word' id='word_1_113' title='bbox 140 1453 207 1506; x_wconf 84' lang='lat' dir='ltr'><strong>voe,</strong></span> <span class='ocrx_word' id='word_1_114' title='bbox 234 1439 288 1511; x_wconf 84' lang='lat' dir='ltr'><strong>qui</strong></span> <span class='ocrx_word' id='word_1_115' title='bbox 306 1432 477 1508; x_wconf 76' lang='lat' dir='ltr'><strong>judicetis:</strong></span> <span class='ocrx_word' id='word_1_116' title='bbox 509 1443 562 1510; x_wconf 84' lang='lat' dir='ltr'><strong>ut,</strong></span> <span class='ocrx_word' id='word_1_117' title='bbox 594 1441 621 1493; x_wconf 83' lang='lat' dir='ltr'><strong>ei</strong></span> <span class='ocrx_word' id='word_1_118' title='bbox 643 1434 814 1511; x_wconf 77' lang='lat' dir='ltr'><strong>probabilia</strong></span> <span class='ocrx_word' id='word_1_119' title='bbox 842 1433 1001 1506; x_wconf 81' lang='lat' dir='ltr'><strong>dicentur,</strong></span> <span class='ocrx_word' id='word_1_120' title='bbox 1024 1432 1072 1489; x_wconf 81' lang='lat' dir='ltr'><strong>nil</strong></span> <span class='ocrx_word' id='word_1_121' title='bbox 1091 1431 1177 1488; x_wconf 83' lang='lat' dir='ltr'><strong>altra</strong></span> <span class='ocrx_word' id='word_1_122' title='bbox 1208 1435 1313 1507; x_wconf 82' lang='lat' dir='ltr'><strong>requi-</strong></span> 
     </span>
     <span class='ocr_line' id='line_1_14' title="bbox 81 1525 228 1608; baseline 0.007 -20"><span class='ocrx_word' id='word_1_123' title='bbox 81 1525 228 1608; x_wconf 71' lang='lat' dir='ltr'><strong>retiati)</strong></span> 
     </span>
    </p>

    <p class='ocr_par' dir='ltr' id='par_1_4' title="bbox 83 1605 1317 1911">
     <span class='ocr_line' id='line_1_15' title="bbox 123 1605 1316 1712; baseline -0.003 -24"><span class='ocrx_word' id='word_1_124' title='bbox 123 1626 182 1688; x_wconf 90' lang='lat' dir='ltr'><strong>Sed</strong></span> <span class='ocrx_word' id='word_1_125' title='bbox 211 1626 407 1688; x_wconf 87' lang='lat' dir='ltr'><strong>accedendum</strong></span> <span class='ocrx_word' id='word_1_126' title='bbox 435 1629 553 1690; x_wconf 89' lang='lat' dir='ltr'><strong>tandem</strong></span> <span class='ocrx_word' id='word_1_127' title='bbox 582 1629 666 1690; x_wconf 91' lang='lat' dir='ltr'><strong>nohis</strong></span> <span class='ocrx_word' id='word_1_128' title='bbox 695 1644 737 1689; x_wconf 88' lang='lat' dir='ltr'><strong>cst</strong></span> <span class='ocrx_word' id='word_1_129' title='bbox 767 1628 805 1689; x_wconf 90' lang='lat' dir='ltr'><strong>ad</strong></span> <span class='ocrx_word' id='word_1_130' title='bbox 834 1627 1034 1712; x_wconf 88' lang='lat' dir='ltr'><strong>philosophiae</strong></span> <span class='ocrx_word' id='word_1_131' title='bbox 1060 1626 1138 1709; x_wconf 90' lang='lat' dir='ltr'><strong>apud</strong></span> <span class='ocrx_word' id='word_1_132' title='bbox 1168 1605 1316 1686; x_wconf 82' lang='lat' dir='ltr'><strong>Platonem</strong></span> 
     </span>
     <span class='ocr_line' id='line_1_16' title="bbox 83 1716 1317 1814; baseline -0.002 -28"><span class='ocrx_word' id='word_1_133' title='bbox 83 1723 192 1802; x_wconf 82' lang='lat' dir='ltr'><strong>finem,</strong></span> <span class='ocrx_word' id='word_1_134' title='bbox 221 1726 272 1806; x_wconf 93' lang='lat' dir='ltr'><strong>qui</strong></span> <span class='ocrx_word' id='word_1_135' title='bbox 297 1724 423 1788; x_wconf 89' lang='lat' dir='ltr'><strong>hominis</strong></span> <span class='ocrx_word' id='word_1_136' title='bbox 451 1741 494 1789; x_wconf 86' lang='lat' dir='ltr'><strong>eet</strong></span> <span class='ocrx_word' id='word_1_137' title='bbox 510 1722 652 1809; x_wconf 78' lang='grc' dir='ltr'><strong><em>ὁμοίωσις</em></strong></span> <span class='ocrx_word' id='word_1_138' title='bbox 668 1726 738 1814; x_wconf 68' lang='grc' dir='ltr'><strong>θεῷ</strong></span> <span class='ocrx_word' id='word_1_139' title='bbox 756 1721 832 1790; x_wconf 79' lang='lat' dir='ltr'><strong>eard</strong></span> <span class='ocrx_word' id='word_1_140' title='bbox 853 1750 887 1789; x_wconf 79' lang='lat' dir='ltr'><strong>eo</strong></span> <span class='ocrx_word' id='word_1_141' title='bbox 880 1716 1048 1800; x_wconf 72' lang='grc' dir='ltr'><em>δυνατὸν,</em></span> <span class='ocrx_word' id='word_1_142' title='bbox 1073 1739 1104 1784; x_wconf 89' lang='lat' dir='ltr'><strong>ut</strong></span> <span class='ocrx_word' id='word_1_143' title='bbox 1123 1746 1139 1784; x_wconf 92' lang='lat' dir='ltr'><strong>e</strong></span> <span class='ocrx_word' id='word_1_144' title='bbox 1161 1725 1317 1784; x_wconf 75' lang='lat' dir='ltr'><strong>Theaeteto</strong></span> 
     </span>
     <span class='ocr_line' id='line_1_17' title="bbox 84 1829 336 1911; baseline -0.004 -20"><span class='ocrx_word' id='word_1_145' title='bbox 84 1831 282 1911; x_wconf 82' lang='lat' dir='ltr'><strong>cognovimus.</strong></span> <span class='ocrx_word' id='word_1_146' title='bbox 303 1829 336 1911; x_wconf 90' lang='grc'><strong>3)</strong></span> 
     </span>
    </p>
   </div>
   <div class='ocr_carea' id='block_1_4' title="bbox 345 2028 1064 2092">
    <p class='ocr_par' dir='ltr' id='par_1_5' title="bbox 345 2028 1064 2092">
     <span class='ocr_line' id='line_1_18' title="bbox 345 2028 1064 2092; baseline 0 -4"><span class='ocrx_word' id='word_1_147' title='bbox 345 2028 398 2090; x_wconf 87' lang='lat' dir='ltr'><strong>De</strong></span> <span class='ocrx_word' id='word_1_148' title='bbox 418 2033 678 2092; x_wconf 71' lang='lat' dir='ltr'><strong>dominiorum</strong></span> <span class='ocrx_word' id='word_1_149' title='bbox 698 2029 774 2090; x_wconf 89' lang='lat' dir='ltr'><strong>Deo</strong></span> <span class='ocrx_word' id='word_1_150' title='bbox 793 2030 1064 2090; x_wconf 76' lang='lat' dir='ltr'><strong>rimilitadiree.</strong></span> 
     </span>
    </p>
   </div>
   <div class='ocr_carea' id='block_1_5' title="bbox 74 2223 1323 3927">
    <p class='ocr_par' dir='ltr' id='par_1_6' title="bbox 74 2223 1319 2803">
     <span class='ocr_line' id='line_1_19' title="bbox 125 2223 1318 2309; baseline -0.001 -24"><span class='ocrx_word' id='word_1_151' title='bbox 125 2225 258 2286; x_wconf 80' lang='lat' dir='ltr'><strong>Diximus</strong></span> <span class='ocrx_word' id='word_1_152' title='bbox 281 2225 319 2285; x_wconf 91' lang='lat' dir='ltr'><strong>de</strong></span> <span class='ocrx_word' id='word_1_153' title='bbox 342 2224 460 2288; x_wconf 81' lang='lat' dir='ltr'><strong>Timaeo</strong></span> <span class='ocrx_word' id='word_1_154' title='bbox 478 2228 624 2305; x_wconf 87' lang='lat' dir='ltr'><strong>Platonis,</strong></span> <span class='ocrx_word' id='word_1_155' title='bbox 651 2241 793 2309; x_wconf 90' lang='lat' dir='ltr'><strong>quatenus</strong></span> <span class='ocrx_word' id='word_1_156' title='bbox 812 2227 974 2289; x_wconf 86' lang='lat' dir='ltr'><strong>doctrinam</strong></span> <span class='ocrx_word' id='word_1_157' title='bbox 994 2224 1159 2308; x_wconf 89' lang='lat' dir='ltr'><strong>philosophi</strong></span> <span class='ocrx_word' id='word_1_158' title='bbox 1182 2223 1219 2284; x_wconf 92' lang='lat' dir='ltr'><strong>de</strong></span> <span class='ocrx_word' id='word_1_159' title='bbox 1237 2225 1297 2285; x_wconf 90' lang='lat' dir='ltr'><strong>Deo</strong></span> <span class='ocrx_word' id='word_1_160' title='bbox 1307 2270 1318 2300; x_wconf 85' lang='lat'><strong>,</strong></span> 
     </span>
     <span class='ocr_line' id='line_1_20' title="bbox 74 2323 1318 2406; baseline -0.002 -23"><span class='ocrx_word' id='word_1_161' title='bbox 74 2323 189 2384; x_wconf 85' lang='lat' dir='ltr'><strong>mundi</strong></span> <span class='ocrx_word' id='word_1_162' title='bbox 216 2337 333 2385; x_wconf 85' lang='lat' dir='ltr'><strong>auctore</strong></span> <span class='ocrx_word' id='word_1_163' title='bbox 363 2339 448 2405; x_wconf 90' lang='lat' dir='ltr'><strong>atque</strong></span> <span class='ocrx_word' id='word_1_164' title='bbox 474 2327 680 2406; x_wconf 80' lang='lat' dir='ltr'><strong>gubernatore,</strong></span> <span class='ocrx_word' id='word_1_165' title='bbox 701 2328 851 2405; x_wconf 74' lang='lat' dir='ltr'><strong>continet,</strong></span> <span class='ocrx_word' id='word_1_166' title='bbox 874 2324 940 2402; x_wconf 89' lang='lat' dir='ltr'><strong>sed,</strong></span> <span class='ocrx_word' id='word_1_167' title='bbox 961 2346 1033 2405; x_wconf 90' lang='lat' dir='ltr'><strong>quae</strong></span> <span class='ocrx_word' id='word_1_168' title='bbox 1053 2327 1090 2385; x_wconf 89' lang='lat' dir='ltr'><strong>sit</strong></span> <span class='ocrx_word' id='word_1_169' title='bbox 1108 2323 1234 2384; x_wconf 91' lang='lat' dir='ltr'><strong>hominis</strong></span> <span class='ocrx_word' id='word_1_170' title='bbox 1251 2344 1318 2381; x_wconf 91' lang='lat' dir='ltr'><strong>cum</strong></span> 
     </span>
     <span class='ocr_line' id='line_1_21' title="bbox 84 2413 1318 2504; baseline -0.003 -20"><span class='ocrx_word' id='word_1_171' title='bbox 84 2424 145 2484; x_wconf 90' lang='lat' dir='ltr'><strong>Deo</strong></span> <span class='ocrx_word' id='word_1_172' title='bbox 171 2420 351 2499; x_wconf 89' lang='lat' dir='ltr'><strong>similitudo,</strong></span> <span class='ocrx_word' id='word_1_173' title='bbox 372 2438 400 2484; x_wconf 86' lang='lat' dir='ltr'><strong>et</strong></span> <span class='ocrx_word' id='word_1_174' title='bbox 424 2446 510 2502; x_wconf 85' lang='lat' dir='ltr'><strong>vero,</strong></span> <span class='ocrx_word' id='word_1_175' title='bbox 540 2413 781 2504; x_wconf 76' lang='lat' dir='ltr'><strong>quemadmodum</strong></span> <span class='ocrx_word' id='word_1_176' title='bbox 807 2423 1042 2484; x_wconf 89' lang='lat' dir='ltr'><strong>contendendum</strong></span> <span class='ocrx_word' id='word_1_177' title='bbox 1068 2422 1180 2484; x_wconf 92' lang='lat' dir='ltr'><strong>homini</strong></span> <span class='ocrx_word' id='word_1_178' title='bbox 1208 2425 1262 2497; x_wconf 86' lang='lat' dir='ltr'><strong>sit,</strong></span> <span class='ocrx_word' id='word_1_179' title='bbox 1286 2435 1318 2481; x_wconf 88' lang='lat' dir='ltr'><strong>ut</strong></span> 
     </span>
     <span class='ocr_line' id='line_1_22' title="bbox 84 2521 1317 2604; baseline -0.003 -21"><span class='ocrx_word' id='word_1_180' title='bbox 84 2544 171 2603; x_wconf 91' lang='lat' dir='ltr'><strong>quam</strong></span> <span class='ocrx_word' id='word_1_181' title='bbox 199 2523 329 2602; x_wconf 78' lang='lat' dir='ltr'><strong>proxime</strong></span> <span class='ocrx_word' id='word_1_182' title='bbox 358 2522 396 2582; x_wconf 89' lang='lat' dir='ltr'><strong>ad</strong></span> <span class='ocrx_word' id='word_1_183' title='bbox 424 2523 543 2586; x_wconf 85' lang='lat' dir='ltr'><strong>divinae</strong></span> <span class='ocrx_word' id='word_1_184' title='bbox 571 2537 689 2585; x_wconf 87' lang='lat' dir='ltr'><strong>naturae</strong></span> <span class='ocrx_word' id='word_1_185' title='bbox 707 2524 914 2604; x_wconf 86' lang='lat' dir='ltr'><strong>perfectionem</strong></span> <span class='ocrx_word' id='word_1_186' title='bbox 932 2521 1069 2596; x_wconf 88' lang='lat' dir='ltr'><strong>accedat,</strong></span> <span class='ocrx_word' id='word_1_187' title='bbox 1090 2522 1167 2581; x_wconf 90' lang='lat' dir='ltr'><strong>idem</strong></span> <span class='ocrx_word' id='word_1_188' title='bbox 1185 2543 1237 2580; x_wconf 90' lang='lat' dir='ltr'><strong>nos</strong></span> <span class='ocrx_word' id='word_1_189' title='bbox 1255 2521 1317 2580; x_wconf 88' lang='lat' dir='ltr'><strong>dia·</strong></span> 
     </span>
     <span class='ocr_line' id='line_1_23' title="bbox 84 2619 1319 2721; baseline -0.002 -40"><span class='ocrx_word' id='word_1_190' title='bbox 84 2623 167 2705; x_wconf 87' lang='lat' dir='ltr'><strong>logus</strong></span> <span class='ocrx_word' id='word_1_191' title='bbox 185 2619 279 2680; x_wconf 87' lang='lat' dir='ltr'><strong>docet.</strong></span> <span class='ocrx_word' id='word_1_192' title='bbox 320 2622 376 2681; x_wconf 92' lang='lat' dir='ltr'><strong>Hic</strong></span> <span class='ocrx_word' id='word_1_193' title='bbox 402 2636 497 2682; x_wconf 90' lang='lat' dir='ltr'><strong>autem</strong></span> <span class='ocrx_word' id='word_1_194' title='bbox 524 2623 603 2683; x_wconf 89' lang='lat' dir='ltr'><strong>locus</strong></span> <span class='ocrx_word' id='word_1_195' title='bbox 623 2623 749 2704; x_wconf 91' lang='lat' dir='ltr'><strong>primum</strong></span> <span class='ocrx_word' id='word_1_196' title='bbox 766 2621 850 2681; x_wconf 92' lang='lat' dir='ltr'><strong>nohis</strong></span> <span class='ocrx_word' id='word_1_197' title='bbox 868 2642 883 2680; x_wconf 95' lang='lat' dir='ltr'><strong>e</strong></span> <span class='ocrx_word' id='word_1_198' title='bbox 899 2635 958 2711; x_wconf 84' lang='lat' dir='ltr'><strong>tota</strong></span> <span class='ocrx_word' id='word_1_199' title='bbox 975 2621 1106 2681; x_wconf 86' lang='lat' dir='ltr'><strong>Platonis</strong></span> <span class='ocrx_word' id='word_1_200' title='bbox 1133 2619 1319 2721; x_wconf 88' lang='lat' dir='ltr'><strong>philosophia</strong></span> 
     </span>
     <span class='ocr_line' id='line_1_24' title="bbox 85 2720 356 2803; baseline -0.011 -20"><span class='ocrx_word' id='word_1_201' title='bbox 85 2720 280 2803; x_wconf 83' lang='lat' dir='ltr'><strong>explicandus</strong></span> <span class='ocrx_word' id='word_1_202' title='bbox 306 2734 356 2781; x_wconf 87' lang='lat' dir='ltr'><strong>est.</strong></span> 
     </span>
    </p>

    <p class='ocr_par' dir='ltr' id='par_1_7' title="bbox 85 2810 1323 3927">
     <span class='ocr_line' id='line_1_25' title="bbox 127 2810 1320 2902; baseline -0.003 -21"><span class='ocrx_word' id='word_1_203' title='bbox 127 2822 199 2881; x_wconf 92' lang='lat' dir='ltr'><strong>Nam</strong></span> <span class='ocrx_word' id='word_1_204' title='bbox 229 2819 341 2901; x_wconf 92' lang='lat' dir='ltr'><strong>quod</strong></span> <span class='ocrx_word' id='word_1_205' title='bbox 333 2842 367 2880; x_wconf 86' lang='grc' dir='ltr'><strong>ιιι</strong></span> <span class='ocrx_word' id='word_1_206' title='bbox 398 2819 516 2880; x_wconf 84' lang='lat' dir='ltr'><strong>Timaeo</strong></span> <span class='ocrx_word' id='word_1_207' title='bbox 545 2842 635 2902; x_wconf 83' lang='lat' dir='ltr'><strong>genus</strong></span> <span class='ocrx_word' id='word_1_208' title='bbox 659 2820 819 2880; x_wconf 88' lang='lat' dir='ltr'><strong>humanum</strong></span> <span class='ocrx_word' id='word_1_209' title='bbox 848 2813 946 2900; x_wconf 80' lang='grc' dir='ltr'><em>φυτόν</em></span> <span class='ocrx_word' id='word_1_210' title='bbox 976 2821 1085 2883; x_wconf 88' lang='lat' dir='ltr'><strong>dicitur</strong></span> <span class='ocrx_word' id='word_1_211' title='bbox 1114 2839 1167 2882; x_wconf 85' lang='grc' dir='ltr'><strong>ουκ</strong></span> <span class='ocrx_word' id='word_1_212' title='bbox 1194 2810 1320 2897; x_wconf 69' lang='grc' dir='ltr'><strong><em>ἔγγειον,</em></strong></span> 
     </span>
     <span class='ocr_line' id='line_1_26' title="bbox 86 2912 1319 3004; baseline -0.002 -24"><span class='ocrx_word' id='word_1_213' title='bbox 86 2912 148 2980; x_wconf 77' lang='grc' dir='ltr'><strong>ἀλλ’</strong></span> <span class='ocrx_word' id='word_1_214' title='bbox 169 2914 320 3004; x_wconf 82' lang='grc' dir='ltr'><em>οάράνιαν·</em></span> <span class='ocrx_word' id='word_1_215' title='bbox 343 2942 402 2979; x_wconf 80' lang='lat' dir='ltr'><strong>non</strong></span> <span class='ocrx_word' id='word_1_216' title='bbox 424 2929 583 2981; x_wconf 77' lang='lat' dir='ltr'><strong>terrestria</strong></span> <span class='ocrx_word' id='word_1_217' title='bbox 599 2923 710 2999; x_wconf 83' lang='lat' dir='ltr'><strong>planta</strong></span> <span class='ocrx_word' id='word_1_218' title='bbox 721 2967 731 2997; x_wconf 92' lang='lat'><strong>,</strong></span> <span class='ocrx_word' id='word_1_219' title='bbox 761 2923 812 2980; x_wconf 87' lang='lat' dir='ltr'><strong>eed</strong></span> <span class='ocrx_word' id='word_1_220' title='bbox 831 2924 983 2997; x_wconf 73' lang='lat' dir='ltr'><strong>eoelestia,</strong></span> <span class='ocrx_word' id='word_1_221' title='bbox 1006 2919 1038 3002; x_wconf 76' lang='lat' dir='ltr'><strong>h)</strong></span> <span class='ocrx_word' id='word_1_222' title='bbox 1065 2919 1097 2979; x_wconf 90' lang='lat' dir='ltr'><strong>id</strong></span> <span class='ocrx_word' id='word_1_223' title='bbox 1118 2922 1151 2980; x_wconf 90' lang='lat' dir='ltr'><strong>in</strong></span> <span class='ocrx_word' id='word_1_224' title='bbox 1172 2921 1234 3002; x_wconf 93' lang='lat' dir='ltr'><strong>ipso</strong></span> <span class='ocrx_word' id='word_1_225' title='bbox 1254 2920 1319 3002; x_wconf 91' lang='lat' dir='ltr'><strong>phi·</strong></span> 
     </span>
     <span class='ocr_line' id='line_1_27' title="bbox 88 3019 1322 3102; baseline -0.001 -23"><span class='ocrx_word' id='word_1_226' title='bbox 88 3021 234 3101; x_wconf 92' lang='lat' dir='ltr'><strong>losophiae</strong></span> <span class='ocrx_word' id='word_1_227' title='bbox 262 3023 429 3084; x_wconf 86' lang='lat' dir='ltr'><strong>Platonicae</strong></span> <span class='ocrx_word' id='word_1_228' title='bbox 451 3019 598 3102; x_wconf 89' lang='lat' dir='ltr'><strong>prooemio</strong></span> <span class='ocrx_word' id='word_1_229' title='bbox 625 3019 798 3101; x_wconf 82' lang='lat' dir='ltr'><strong>explicitum</strong></span> <span class='ocrx_word' id='word_1_230' title='bbox 828 3020 966 3082; x_wconf 87' lang='lat' dir='ltr'><strong>vidimus.</strong></span> <span class='ocrx_word' id='word_1_231' title='bbox 1019 3022 1044 3080; x_wconf 81' lang='lat' dir='ltr'><strong>A</strong></span> <span class='ocrx_word' id='word_1_232' title='bbox 1070 3019 1150 3081; x_wconf 90' lang='lat' dir='ltr'><strong>coelo</strong></span> <span class='ocrx_word' id='word_1_233' title='bbox 1180 3034 1322 3101; x_wconf 87' lang='lat' dir='ltr'><strong>repetun-</strong></span> 
     </span>
     <span class='ocr_line' id='line_1_28' title="bbox 85 3119 1321 3203; baseline -0.002 -24"><span class='ocrx_word' id='word_1_234' title='bbox 85 3129 136 3179; x_wconf 65' lang='grc' dir='ltr'><strong>ιιι</strong></span> <span class='ocrx_word' id='word_1_235' title='bbox 156 3119 219 3179; x_wconf 87' lang='lat' dir='ltr'><strong>illic</strong></span> <span class='ocrx_word' id='word_1_236' title='bbox 237 3122 398 3182; x_wconf 85' lang='lat' dir='ltr'><strong>animorum</strong></span> <span class='ocrx_word' id='word_1_237' title='bbox 417 3122 551 3203; x_wconf 82' lang='lat' dir='ltr'><strong>origines.</strong></span> <span class='ocrx_word' id='word_1_238' title='bbox 593 3121 736 3179; x_wconf 88' lang='lat' dir='ltr'><strong>Versati</strong></span> <span class='ocrx_word' id='word_1_239' title='bbox 727 3142 760 3179; x_wconf 91' lang='grc' dir='ltr'><strong>ιιι</strong></span> <span class='ocrx_word' id='word_1_240' title='bbox 780 3120 904 3179; x_wconf 88' lang='lat' dir='ltr'><strong>Deorum</strong></span> <span class='ocrx_word' id='word_1_241' title='bbox 922 3119 1018 3180; x_wconf 88' lang='lat' dir='ltr'><strong>choris</strong></span> <span class='ocrx_word' id='word_1_242' title='bbox 1037 3133 1123 3195; x_wconf 91' lang='lat' dir='ltr'><strong>sunt,</strong></span> <span class='ocrx_word' id='word_1_243' title='bbox 1151 3132 1321 3198; x_wconf 87' lang='lat' dir='ltr'><strong>anteaquam</strong></span> 
     </span>
     <span class='ocr_line' id='line_1_29' title="bbox 88 3217 1319 3305; baseline 0 -30"><span class='ocrx_word' id='word_1_244' title='bbox 88 3231 235 3277; x_wconf 88' lang='lat' dir='ltr'><strong>terrenum</strong></span> <span class='ocrx_word' id='word_1_245' title='bbox 259 3219 313 3280; x_wconf 92' lang='lat' dir='ltr'><strong>hoc</strong></span> <span class='ocrx_word' id='word_1_246' title='bbox 340 3241 444 3305; x_wconf 87' lang='lat' dir='ltr'><strong>corpus</strong></span> <span class='ocrx_word' id='word_1_247' title='bbox 472 3220 630 3282; x_wconf 86' lang='lat' dir='ltr'><strong>induerent</strong></span> <span class='ocrx_word' id='word_1_248' title='bbox 655 3233 683 3279; x_wconf 87' lang='lat' dir='ltr'><strong>et</strong></span> <span class='ocrx_word' id='word_1_249' title='bbox 712 3220 798 3279; x_wconf 85' lang='lat' dir='ltr'><strong>sacris</strong></span> <span class='ocrx_word' id='word_1_250' title='bbox 814 3219 1011 3279; x_wconf 85' lang='lat' dir='ltr'><strong>interfuerunt</strong></span> <span class='ocrx_word' id='word_1_251' title='bbox 1026 3219 1155 3282; x_wconf 89' lang='lat' dir='ltr'><strong>omnium</strong></span> <span class='ocrx_word' id='word_1_252' title='bbox 1175 3217 1319 3297; x_wconf 84' lang='lat' dir='ltr'><strong>augustis-</strong></span> 
     </span>
     <span class='ocr_line' id='line_1_30' title="bbox 89 3308 1323 3407; baseline 0.002 -33"><span class='ocrx_word' id='word_1_253' title='bbox 89 3317 187 3378; x_wconf 83' lang='lat' dir='ltr'><strong>simis:</strong></span> <span class='ocrx_word' id='word_1_254' title='bbox 214 3308 235 3377; x_wconf 83' lang='lat' dir='ltr'><strong>ii</strong></span> <span class='ocrx_word' id='word_1_255' title='bbox 262 3338 294 3380; x_wconf 79' lang='lat' dir='ltr'><strong>re</strong></span> <span class='ocrx_word' id='word_1_256' title='bbox 316 3310 374 3382; x_wconf 79' lang='grc' dir='ltr'><strong>σάν</strong></span> <span class='ocrx_word' id='word_1_257' title='bbox 400 3314 551 3401; x_wconf 70' lang='grc' dir='ltr'><strong><em>εὐδαίμονι</em></strong></span> <span class='ocrx_word' id='word_1_258' title='bbox 575 3317 664 3407; x_wconf 76' lang='grc' dir='ltr'><em>χορῷ</em></span> <span class='ocrx_word' id='word_1_259' title='bbox 688 3315 837 3399; x_wconf 81' lang='grc' dir='ltr'><em>μακαρίαν</em></span> <span class='ocrx_word' id='word_1_260' title='bbox 865 3311 935 3396; x_wconf 78' lang='grc' dir='ltr'><strong><em>ὄψιν</em></strong></span> <span class='ocrx_word' id='word_1_261' title='bbox 958 3342 989 3380; x_wconf 87' lang='grc' dir='ltr'><strong>τε</strong></span> <span class='ocrx_word' id='word_1_262' title='bbox 1010 3341 1059 3380; x_wconf 92' lang='grc' dir='ltr'><strong><em>και</em></strong></span> <span class='ocrx_word' id='word_1_263' title='bbox 1052 3311 1197 3380; x_wconf 68' lang='grc' dir='ltr'><strong>θέανι</strong></span> <span class='ocrx_word' id='word_1_264' title='bbox 1184 3309 1323 3395; x_wconf 83' lang='grc' dir='ltr'><em>επόμενοι</em></span> 
     </span>
     <span class='ocr_line' id='line_1_31' title="bbox 88 3412 1321 3507; baseline 0.001 -28"><span class='ocrx_word' id='word_1_265' title='bbox 88 3440 162 3497; x_wconf 88' lang='grc' dir='ltr'><em>μετα</em></span> <span class='ocrx_word' id='word_1_266' title='bbox 155 3412 242 3499; x_wconf 78' lang='grc' dir='ltr'><strong>μὲν</strong></span> <span class='ocrx_word' id='word_1_267' title='bbox 259 3417 377 3498; x_wconf 82' lang='grc' dir='ltr'><strong><em>Διος</em></strong></span> <span class='ocrx_word' id='word_1_268' title='bbox 355 3428 459 3507; x_wconf 83' lang='grc' dir='ltr'><strong><em>ημιῒς,</em></strong></span> <span class='ocrx_word' id='word_1_269' title='bbox 481 3417 562 3487; x_wconf 69' lang='lat' dir='ltr'><strong>ditae</strong></span> <span class='ocrx_word' id='word_1_270' title='bbox 585 3420 619 3485; x_wconf 83' lang='grc' dir='ltr'><strong>δὲ</strong></span> <span class='ocrx_word' id='word_1_271' title='bbox 640 3417 705 3502; x_wconf 74' lang='grc' dir='ltr'><strong>μετ’</strong></span> <span class='ocrx_word' id='word_1_272' title='bbox 725 3415 815 3483; x_wconf 80' lang='grc' dir='ltr'><em>ἀλλον</em></span> <span class='ocrx_word' id='word_1_273' title='bbox 836 3422 969 3500; x_wconf 75' lang='grc' dir='ltr'><em>θεῶν,ε</em></span> <span class='ocrx_word' id='word_1_274' title='bbox 956 3414 1039 3484; x_wconf 73' lang='grc' dir='ltr'><em>εἶδόν</em></span> <span class='ocrx_word' id='word_1_275' title='bbox 1059 3444 1090 3482; x_wconf 89' lang='grc' dir='ltr'><strong>τε</strong></span> <span class='ocrx_word' id='word_1_276' title='bbox 1107 3444 1155 3482; x_wconf 88' lang='grc' dir='ltr'><strong><em>και</em></strong></span> <span class='ocrx_word' id='word_1_277' title='bbox 1149 3417 1321 3481; x_wconf 74' lang='grc' dir='ltr'><em>ἐτελοῦντο</em></span> 
     </span>
     <span class='ocr_line' id='line_1_32' title="bbox 89 3512 1323 3652; baseline 0.004 -73"><span class='ocrx_word' id='word_1_278' title='bbox 89 3521 257 3585; x_wconf 75' lang='grc' dir='ltr'><em>τελετῶν</em></span> <span class='ocrx_word' id='word_1_279' title='bbox 236 3550 273 3607; x_wconf 90' lang='grc' dir='ltr'><strong>ην</strong></span> <span class='ocrx_word' id='word_1_280' title='bbox 301 3522 394 3652; x_wconf 70' lang='grc' dir='ltr'><strong><em>θέμις</em></strong></span> <span class='ocrx_word' id='word_1_281' title='bbox 421 3522 512 3609; x_wconf 77' lang='grc' dir='ltr'><strong><em>λέγιιν</em></strong></span> <span class='ocrx_word' id='word_1_282' title='bbox 538 3518 784 3607; x_wconf 73' lang='grc' dir='ltr'><em>μακαριωτάτην·</em></span> <span class='ocrx_word' id='word_1_283' title='bbox 813 3522 852 3607; x_wconf 80' lang='grc' dir='ltr'><strong>ἢν</strong></span> <span class='ocrx_word' id='word_1_284' title='bbox 881 3518 1066 3639; x_wconf 79' lang='grc' dir='ltr'><em>αι’ργιάζομεν</em></span> <span class='ocrx_word' id='word_1_285' title='bbox 1088 3512 1246 3605; x_wconf 72' lang='grc' dir='ltr'><strong><em>ὁλόκληροι</em></strong></span> <span class='ocrx_word' id='word_1_286' title='bbox 1266 3518 1323 3604; x_wconf 79' lang='grc' dir='ltr'><strong>μὲν</strong></span> 
     </span>
     <span class='ocr_line' id='line_1_33' title="bbox 90 3617 1320 3748; baseline 0.002 -62"><span class='ocrx_word' id='word_1_287' title='bbox 90 3617 173 3686; x_wconf 82' lang='grc' dir='ltr'><em>αυτοὶ</em></span> <span class='ocrx_word' id='word_1_288' title='bbox 199 3651 294 3706; x_wconf 78' lang='grc' dir='ltr'><em>οντες,</em></span> <span class='ocrx_word' id='word_1_289' title='bbox 319 3630 370 3693; x_wconf 85' lang='grc' dir='ltr'><strong>καὶ</strong></span> <span class='ocrx_word' id='word_1_290' title='bbox 398 3627 527 3708; x_wconf 72' lang='grc' dir='ltr'><em>ἀπαθεῖς</em></span> <span class='ocrx_word' id='word_1_291' title='bbox 552 3630 652 3693; x_wconf 80' lang='grc' dir='ltr'><em>κακῶν</em></span> <span class='ocrx_word' id='word_1_292' title='bbox 671 3652 728 3692; x_wconf 89' lang='grc' dir='ltr'><strong>ασα</strong></span> <span class='ocrx_word' id='word_1_293' title='bbox 749 3621 830 3711; x_wconf 71' lang='grc' dir='ltr'><strong>η’μᾶς</strong></span> <span class='ocrx_word' id='word_1_294' title='bbox 851 3626 883 3689; x_wconf 77' lang='grc' dir='ltr'><strong>ἐν</strong></span> <span class='ocrx_word' id='word_1_295' title='bbox 905 3623 1020 3748; x_wconf 77' lang='grc' dir='ltr'><em>ὑστέρῳ</em></span> <span class='ocrx_word' id='word_1_296' title='bbox 1041 3627 1145 3713; x_wconf 77' lang='grc' dir='ltr'><em>χρόνῳ</em></span> <span class='ocrx_word' id='word_1_297' title='bbox 1166 3620 1320 3707; x_wconf 75' lang='grc' dir='ltr'><em>υπέμινεν</em></span> 
     </span>
     <span class='ocr_line' id='line_1_34' title="bbox 90 3721 1323 3817; baseline 0.002 -28"><span class='ocrx_word' id='word_1_298' title='bbox 90 3721 241 3815; x_wconf 78' lang='grc' dir='ltr'><em>ὁλόκληρα</em></span> <span class='ocrx_word' id='word_1_299' title='bbox 263 3730 298 3796; x_wconf 82' lang='grc' dir='ltr'><strong>δὲ</strong></span> <span class='ocrx_word' id='word_1_300' title='bbox 319 3759 368 3797; x_wconf 92' lang='grc' dir='ltr'><strong><em>και</em></strong></span> <span class='ocrx_word' id='word_1_301' title='bbox 389 3730 469 3798; x_wconf 77' lang='grc' dir='ltr'><strong>ἁπλᾶ</strong></span> <span class='ocrx_word' id='word_1_302' title='bbox 489 3759 539 3798; x_wconf 90' lang='grc' dir='ltr'><strong><em>και</em></strong></span> <span class='ocrx_word' id='word_1_303' title='bbox 559 3729 676 3817; x_wconf 73' lang='grc' dir='ltr'><em>ἀτρεμῇ</em></span> <span class='ocrx_word' id='word_1_304' title='bbox 696 3757 745 3796; x_wconf 91' lang='grc' dir='ltr'><strong><em>και</em></strong></span> <span class='ocrx_word' id='word_1_305' title='bbox 737 3730 927 3812; x_wconf 76' lang='grc' dir='ltr'><em>εὐδαίμονα</em></span> <span class='ocrx_word' id='word_1_306' title='bbox 948 3725 1094 3815; x_wconf 79' lang='grc' dir='ltr'><em>φάσματα</em></span> <span class='ocrx_word' id='word_1_307' title='bbox 1114 3725 1277 3811; x_wconf 76' lang='grc' dir='ltr'><em>μυούμενοί</em></span> <span class='ocrx_word' id='word_1_308' title='bbox 1289 3751 1323 3791; x_wconf 86' lang='grc' dir='ltr'><strong>τε</strong></span> 
     </span>
     <span class='ocr_line' id='line_1_35' title="bbox 89 3826 1322 3927; baseline -0.002 -31"><span class='ocrx_word' id='word_1_309' title='bbox 89 3831 137 3892; x_wconf 76' lang='grc' dir='ltr'><strong>καὶ</strong></span> <span class='ocrx_word' id='word_1_310' title='bbox 165 3832 372 3914; x_wconf 73' lang='grc' dir='ltr'><em>ἐποπτεύοντες</em></span> <span class='ocrx_word' id='word_1_311' title='bbox 401 3837 433 3900; x_wconf 75' lang='grc' dir='ltr'><strong>ἒν</strong></span> <span class='ocrx_word' id='word_1_312' title='bbox 452 3835 531 3927; x_wconf 72' lang='grc' dir='ltr'><strong>αὐγῇ</strong></span> <span class='ocrx_word' id='word_1_313' title='bbox 550 3839 675 3923; x_wconf 73' lang='grc' dir='ltr'><em>καθαρᾷ</em></span> <span class='ocrx_word' id='word_1_314' title='bbox 695 3836 828 3922; x_wconf 74' lang='grc' dir='ltr'><em>καθαροὶ</em></span> <span class='ocrx_word' id='word_1_315' title='bbox 848 3829 930 3911; x_wconf 82' lang='grc' dir='ltr'><em>ὄντες</em></span> <span class='ocrx_word' id='word_1_316' title='bbox 955 3835 1005 3897; x_wconf 74' lang='grc' dir='ltr'><strong>καὶ</strong></span> <span class='ocrx_word' id='word_1_317' title='bbox 1031 3827 1196 3917; x_wconf 78' lang='grc' dir='ltr'><em>ἀσήμαντοι</em></span> <span class='ocrx_word' id='word_1_318' title='bbox 1216 3826 1322 3896; x_wconf 81' lang='grc' dir='ltr'><em>τούτου</em></span> 
     </span>
    </p>
   </div>
   <div class='ocr_carea' id='block_1_6' title="bbox 90 4116 1324 4532">
    <p class='ocr_par' dir='ltr' id='par_1_8' title="bbox 124 4116 603 4194">
     <span class='ocr_line' id='line_1_36' title="bbox 124 4116 603 4194; baseline 0.017 -24"><span class='ocrx_word' id='word_1_319' title='bbox 124 4116 148 4183; x_wconf 90' lang='lat' dir='ltr'><strong>l)</strong></span> <span class='ocrx_word' id='word_1_320' title='bbox 168 4119 216 4173; x_wconf 80' lang='lat' dir='ltr'><strong>Cli.</strong></span> <span class='ocrx_word' id='word_1_321' title='bbox 234 4122 312 4176; x_wconf 78' lang='lat' dir='ltr'><strong>letitia</strong></span> <span class='ocrx_word' id='word_1_322' title='bbox 329 4142 355 4194; x_wconf 90' lang='lat' dir='ltr'><strong>p.</strong></span> <span class='ocrx_word' id='word_1_323' title='bbox 374 4122 440 4189; x_wconf 82' lang='grc'><strong>364,</strong></span> <span class='ocrx_word' id='word_1_324' title='bbox 461 4124 527 4191; x_wconf 75' lang='grc'><strong>434,</strong></span> <span class='ocrx_word' id='word_1_325' title='bbox 545 4125 603 4177; x_wconf 86' lang='grc'><strong>550.</strong></span> 
     </span>
    </p>

    <p class='ocr_par' dir='ltr' id='par_1_9' title="bbox 126 4203 365 4269">
     <span class='ocr_line' id='line_1_37' title="bbox 126 4203 365 4269; baseline -0.033 1"><span class='ocrx_word' id='word_1_326' title='bbox 126 4203 152 4269; x_wconf 77' lang='grc'><strong>2)</strong></span> <span class='ocrx_word' id='word_1_327' title='bbox 174 4207 270 4263; x_wconf 81' lang='lat' dir='ltr'><strong>Timaeo</strong></span> <span class='ocrx_word' id='word_1_328' title='bbox 285 4209 319 4262; x_wconf 82' lang='lat' dir='ltr'><strong>aa</strong></span> <span class='ocrx_word' id='word_1_329' title='bbox 336 4212 365 4262; x_wconf 86' lang='grc' dir='ltr'><strong>ιι.</strong></span> 
     </span>
    </p>

    <p class='ocr_par' dir='ltr' id='par_1_10' title="bbox 90 4289 1324 4450">
     <span class='ocr_line' id='line_1_38' title="bbox 124 4289 1324 4366; baseline -0.012 -8"><span class='ocrx_word' id='word_1_330' title='bbox 124 4291 150 4357; x_wconf 88' lang='grc'><strong>3)</strong></span> <span class='ocrx_word' id='word_1_331' title='bbox 168 4297 286 4366; x_wconf 83' lang='lat' dir='ltr'><strong>leitiap.</strong></span> <span class='ocrx_word' id='word_1_332' title='bbox 304 4296 364 4351; x_wconf 75' lang='lat' dir='ltr'><strong>tu.</strong></span> <span class='ocrx_word' id='word_1_333' title='bbox 383 4297 631 4353; x_wconf 66' lang='lat' dir='ltr'><strong>vicecomitiam</strong></span> <span class='ocrx_word' id='word_1_334' title='bbox 649 4299 797 4352; x_wconf 78' lang='lat' dir='ltr'><strong>delomieie</strong></span> <span class='ocrx_word' id='word_1_335' title='bbox 814 4315 870 4350; x_wconf 83' lang='lat' dir='ltr'><strong>cam</strong></span> <span class='ocrx_word' id='word_1_336' title='bbox 885 4299 937 4349; x_wconf 86' lang='lat' dir='ltr'><strong>Deo</strong></span> <span class='ocrx_word' id='word_1_337' title='bbox 953 4297 1127 4360; x_wconf 75' lang='lat' dir='ltr'><strong>similitudine,</strong></span> <span class='ocrx_word' id='word_1_338' title='bbox 1145 4308 1211 4363; x_wconf 85' lang='lat' dir='ltr'><strong>quae</strong></span> <span class='ocrx_word' id='word_1_339' title='bbox 1226 4289 1324 4360; x_wconf 86' lang='lat' dir='ltr'><strong>prodiit</strong></span> 
     </span>
     <span class='ocr_line' id='line_1_39' title="bbox 90 4380 1075 4489; baseline 0.002 -57"><span class='ocrx_word' id='word_1_340' title='bbox 90 4384 239 4434; x_wconf 75' lang='lat' dir='ltr'><strong>auctores</strong></span> <span class='ocrx_word' id='word_1_341' title='bbox 258 4382 289 4435; x_wconf 80' lang='lat' dir='ltr'><strong>lt.</strong></span> <span class='ocrx_word' id='word_1_342' title='bbox 314 4383 526 4437; x_wconf 79' lang='grc' dir='ltr'><strong><em>ΤΙιαΙιιινιιιι</em></strong></span> <span class='ocrx_word' id='word_1_343' title='bbox 548 4384 675 4450; x_wconf 68' lang='lat' dir='ltr'><strong>Veliae,</strong></span> <span class='ocrx_word' id='word_1_344' title='bbox 695 4384 773 4438; x_wconf 87' lang='lat' dir='ltr'><strong>Gron.</strong></span> <span class='ocrx_word' id='word_1_345' title='bbox 793 4382 878 4489; x_wconf 85' lang='grc'><strong>1835,</strong></span> <span class='ocrx_word' id='word_1_346' title='bbox 897 4380 1075 4436; x_wconf 70' lang='lat' dir='ltr'><strong>toettvou.</strong></span> 
     </span>
    </p>

    <p class='ocr_par' dir='ltr' id='par_1_11' title="bbox 124 4465 333 4532">
     <span class='ocr_line' id='line_1_40' title="bbox 124 4465 333 4532; baseline 0.01 -12"><span class='ocrx_word' id='word_1_347' title='bbox 124 4465 150 4532; x_wconf 79' lang='lat' dir='ltr'><strong>ll</strong></span> <span class='ocrx_word' id='word_1_348' title='bbox 173 4467 231 4522; x_wconf 80' lang='lat' dir='ltr'><strong>Tim</strong></span> <span class='ocrx_word' id='word_1_349' title='bbox 250 4467 285 4520; x_wconf 89' lang='grc'><strong>90</strong></span> <span class='ocrx_word' id='word_1_350' title='bbox 303 4470 333 4522; x_wconf 83' lang='grc' dir='ltr'><strong>Α</strong></span> 
     </span>
    </p>
   </div>
   <div class='ocr_carea' id='block_1_7' title="bbox 0 0 1420 5048">
    <p class='ocr_par' dir='ltr' id='par_1_12' title="bbox 0 0 1420 5048">
     <span class='ocr_line' id='line_1_41' title="bbox 0 0 1420 5048; baseline 0 0"><span class='ocrx_word' id='word_1_351' title='bbox 0 0 1420 5048; x_wconf 95' lang='lat' dir='ltr'><strong> </strong></span> 
     </span>
    </p>
   </div>
  </div>
 </body>
</html>
