2796 5048
666 223 722 279 150

79 387 167 448 vitate
184 387 320 465 temporis
339 400 488 461 censetur,
511 405 569 443 non
594 383 738 456 ubertate,
761 402 820 439 non
846 378 1017 457 diligentia,
1040 399 1098 437 non
1125 398 1225 436 rerum
1252 376 1302 437 ad·

79 482 281 544 discendarum
302 485 457 563 gravitate,
478 504 537 543 non
558 483 653 540 fructu
681 481 766 539 etiam
776 526 784 552 ,
805 499 889 556 quern
908 476 978 535 inde
998 476 1184 556 respublica
1204 475 1302 556 capiat

79 579 237 640 Laudanda
258 596 298 639 est
319 582 448 640 celeritas
466 580 540 655 illa·
557 594 698 659 quatenus
722 578 759 636 ad
785 575 918 655 legendi,
940 574 1105 649 scribendi,
1128 570 1301 654 supputandi

78 679 242 738 facultatem
259 681 389 738 refertur.
421 680 529 753 Quodsi
549 701 619 736 vero
641 675 798 734 excolenda
819 674 1010 732 adolescentia
1032 672 1168 733 videatur
1188 693 1247 731 non
1262 671 1301 730 his

79 777 188 835 artibus
215 777 486 857 puerilibus,.‘quae
516 777 644 836 animum
673 796 731 832 non
764 786 897 845 movent,
925 773 977 831 rix
1003 772 1074 830 adeo
1099 770 1139 829 ad
1161 769 1300 849 judicium

79 876 263 956 pertingunt,
287 874 354 950 sed,
377 891 408 934 ut
433 888 608 935 censuerunt
629 875 746 951 majores
773 871 881 943 nostri,
903 870 1028 947 ingeniis
1056 869 1222 946 animisque
1245 888 1303 925 ero·=

80 971 213 1045 diendiS,
235 994 293 1031 non
321 986 434 1031 tantum
462 994 522 1030 non
552 971 717 1042 laudanda,
749 970 798 1029 sed
828 989 912 1047 quam
942 968 1065 1026 maxime
1095 965 1229 1027 cavenda
1255 979 1296 1025 est

80 1072 172 1147 Quam
197 1069 324 1129 Socrates
349 1069 491 1149 cogitabat
516 1069 646 1138 discendi
673 1067 900 1149 proficiendique
926 1067 1120 1141 celeritatem,
1142 1088 1203 1124 non
1226 1063 1297 1125 brevi

79 1169 213 1249 temporis
232 1169 324 1248 spatio
344 1168 517 1227 definiebat:
541 1189 606 1226 nam
626 1168 739 1226 beatum
755 1165 940 1246 praedicabat
956 1164 1057 1238 illurn,
1078 1165 1129 1243 qui
1150 1162 1200 1223 vel
1219 1182 1296 1223 senex

80 1269 112 1326 in
131 1267 237 1327 virtute
256 1264 419 1323 nonnullos·
440 1264 552 1324 fecisset
578 1287 741 1345 progressus
752 1290 759 1341 3
786 1261 815 1343 l)
835 1264 885 1323 sed
909 1262 1041 1341 exigebat
1061 1262 1144 1320 illam
1170 1262 1210 1322 ad
1221 1258 1296 1335 dili·

79 1365 219 1423 cultatum
238 1365 349 1443 copiam
367 1376 395 1420 et
413 1362 661 1442 magnitudinem,
682 1385 754 1441 quae
781 1363 904 1421 discenti
925 1375 1018 1420 essent
1043 1359 1232 1440 superandae.
1268 1356 1296 1418 ld

80 1463 189 1522 scilicet
208 1459 371 1540 spectabat,
394 1456 450 1518 noir
473 1474 505 1518 ut
529 1462 561 1519 in
583 1461 699 1520 homine
725 1461 878 1540 singularis
897 1461 1037 1539 quaedam
1057 1459 1161 1517 mentis
1188 1457 1296 1517 facultas
1317 1482 1329 1499 ·

81 1573 247 1633 acueretur,
270 1559 422 1631 memoria,
443 1558 616 1618 inveniendi
643 1561 776 1634 solertia,
804 1558 997 1618 ratiocinandi
1025 1557 1191 1630 subtilitas,
1219 1576 1295 1615 enun-

80 1658 178 1718 ciandi
193 1657 481 1735 communicandique
494 1658 635 1731 facilitas,
652 1659 773 1717 similes:
797 1658 828 1717 id
844 1659 868 1716 si
889 1671 1055 1738 spectasset,
1072 1657 1149 1714 intra
1165 1653 1295 1727 triduum,

83 1771 114 1817 ut
133 1758 173 1815 ita
191 1755 302 1829 dicam,
324 1755 508 1814 admirabiles
524 1750 637 1815 fecisset
657 1756 833 1837 discipulos:
856 1757 961 1814 namsi
980 1757 1059 1834 quis,
1081 1754 1202 1813 caeteris
1218 1752 1296 1812 missit

82 1853 292 1934 consopitisque
312 1854 415 1912 mentis
435 1854 641 1928 facultatibus,
663 1876 749 1913 unam
768 1856 894 1926 excitat,
924 1875 1011 1911 unam
1039 1853 1117 1911 acuit
1138 1865 1169 1915 ¹et
1191 1853 1242 1909 uni
1260 1848 1296 1907 illi

84 1951 248 2025 acuendae,
277 1950 455 2025 limandae,
481 1952 709 2011 corroborandae
738 1974 849 2011 ornnem
879 1950 999 2010 adhibet
1029 1951 1134 2009 mentis
1167 1951 1297 2027 animique

84 2053 143 2112 vim
162 2064 191 2110 et
211 2051 357 2129 vigorem,
378 2070 432 2107 nae
448 2049 501 2108 ille
517 2065 545 2110 et
559 2053 619 2132 ipse
635 2051 825 2110 admirabitur
845 2050 1002 2130 stupendos
1017 2048 1227 2128 discipulorum
1242 2062 1296 2108 um

83 2170 140 2230 que
164 2148 274 2208 subitos
300 2166 480 2227 progressus,
513 2163 540 2205 et
565 2149 669 2228 vulgus
699 2149 870 2207 miraculum
900 2147 1111 2228 suspicabitur,
1143 2145 1298 2207 acclamabit

85 2263 179 2307 certe:
202 2244 312 2322 θαῦμα
333 2238 471 2304 ῖδέσθαιὶ
495 2245 552 2303 Sed
566 2245 623 2304 alia
641 2250 737 2305 omnia
752 2247 898 2327 spectabat
905 2247 1054 2321 Socrates:
1076 2260 1168 2304 totum
1184 2245 1300 2305 excolere

84 2347 229 2405 bominem
247 2345 399 2418 studebat,
421 2358 452 2402 ut
478 2365 536 2400 non
561 2357 620 2402 arte
639 2345 735 2423 aliqua
755 2360 804 2404 aut
824 2345 954 2405 doctrina
975 2345 1147 2419 excelleret,
1170 2358 1299 2402 caeterum

84 2457 156 2502 esset
174 2444 256 2503 rudis
276 2459 303 2502 et
323 2443 457 2522 agrestis,
478 2440 528 2499 sed
548 2455 579 2500 ut
597 2463 697 2501 sensus
714 2465 810 2502 omnes
832 2458 860 2503 et
883 2442 1051 2517 facultates,
1075 2464 1148 2521 quae
1179 2456 1300 2521 tanquan

85 2542 206 2621 igniculi
230 2542 261 2607 in
285 2543 376 2622 ipsius
396 2553 490 2598 mente
517 2541 620 2603 natura
649 2541 789 2615 laterent,
812 2541 932 2600 sublatis
960 2541 1195 2621 impedimentis,
1216 2558 1301 2601 move·

85 2653 204 2714 rentur,
224 2641 448 2711 suscitarentur,
470 2639 694 2713 reviviscerent,
725 2655 808 2718 atque
833 2635 893 2719 ips'e
923 2641 961 2697 ita
987 2639 1071 2699 homo
1100 2641 1182 2718 quasi
1212 2654 1301 2701 novam

84 2758 218 2817 suamque
229 2740 318 2797 vitam
334 2740 492 2816 ingressuS,
515 2736 581 2794 talis
596 2736 696 2811 fieret,
717 2740 811 2816 qualis
828 2760 885 2796 esse
901 2738 1003 2795 naturl
1022 2740 1082 2818 ipse
1100 2739 1151 2796 sua
1168 2752 1197 2798 et
1215 2732 1302 2797 indoti

85 2850 179 2916 posset
201 2857 233 2894 ac
254 2836 380 2895 deberet,
429 2835 505 2891 Huic
532 2836 728 2910 institutioni,
750 2858 903 2914 sanequam
928 2850 1046 2894 naturae
1071 2830 1303 2923 convenientissi-

86 2956 165 3008 mae‚
192 2955 278 2993 unam
303 2953 362 2991 esse
388 2925 555 3011 ,cantaveratis
580 2934 836 3007 accommodatam,
862 2919 958 3012 quivis
989 2956 1024 2992 ex
1049 2934 1135 2993 dictis
1159 2923 1304 3015 perspicit3

87 3031 137 3090 sed
156 3053 240 3091 nemo
259 3053 371 3111 quoque
390 3048 431 3092 est
442 3080 450 3107 ,
471 3035 543 3112 quin
568 3033 645 3092 idem
664 3034 836 3112 perspiciat,
858 3032 969 3094 absolvi
990 3054 1051 3090 eam
1074 3034 1176 3112 paucis
1194 3033 1243 3094 vel
1258 3031 1308 3091 die·

86 3130 159 3205 bus,
181 3130 228 3189 vel
245 3131 410 3205 mensibus,
430 3132 478 3192 vel
497 3133 583 3190 annis
602 3132 687 3190 etiam
714 3152 773 3189 non
799 3152 898 3211 posse,
919 3131 1154 3210 praeclaramque
1172 3152 1232 3189 esse
1256 3132 1310 3209 ejus

87 3229 251 3301 fortunam,
272 3230 322 3306 qui
343 3251 359 3287 a
378 3250 467 3309 puero
487 3231 528 3288 sic
553 3250 651 3302 orsus,
672 3229 726 3286 sub
746 3231 821 3287 vitae
842 3229 947 3301 linem,
968 3228 1046 3307 quod
1062 3236 1261 3309 spectaverat,
1282 3226 1316 3289 sir

87 3339 240 3385 assecutus.
283 3324 340 3384 Sed
359 3329 489 3405 quamvis
516 3348 576 3385 non
600 3328 738 3385 miracula
763 3327 949 3406 produceret,
972 3328 1025 3385 hoc
1049 3324 1177 3385 habebat
1195 3325 1318 3386 Socratis

88 3421 245 3504 disciplina
270 3426 435 3507 proprium,
455 3440 487 3484 ut
504 3424 556 3506 pei·
574 3447 635 3483 eam
653 3425 760 3503 aliquis
781 3426 864 3483 unice
886 3426 925 3483 sic
945 3426 1128 3505 procederet,
1154 3406 1322 3505 celeresque

89 3520 195 3580 faceret
211 3543 264 3602 pro
281 3524 441 3583 studiorum
460 3524 599 3603 gravitate
619 3544 790 3602 progressus.
833 3524 905 3580 Nam
930 3536 962 3580 ut
980 3523 1064 3582 homo
1084 3523 1124 3580 sic
1143 3535 1221 3580 totus
1239 3520 1326 3604 peni‘

90 3632 193 3695 tusque
214 3621 414 3698 excoleretur,
435 3621 613 3681 addiscenda
634 3643 678 3679 ars
696 3636 756 3680 erat
781 3643 838 3679 una
863 3622 991 3678 omnium
1016 3621 1100 3700 louge
1114 3604 1301 3680 'difficillima
1313 3656 1329 3689 2

92 3730 123 3774 ut
143 3720 324 3798 semetipsum
343 3735 533 3800 cognosceret.
576 3719 703 3779 Socrates
725 3734 818 3779 autem
841 3718 1045 3798 interrogando
1066 3718 1331 3798 proponendisqne

90 3816 304 3892 quaestionibus
325 3819 505 3897 gravioribus
524 3819 602 3877 intus
621 3818 795 3877 sollicitabat
815 3819 847 3875 in
866 3816 1096 3874 adolescentibus
1120 3818 1269 3891 animum,
1287 3822 1331 3873 ut

91 3934 168 3971 amor
183 3915 357 3974 excitaretur
372 3918 448 3989 veri,
464 3917 705 3993 convertebatque
721 3936 767 3973 eos
784 3915 821 3972 ad
840 3917 1002 3995 semctipsos
1021 3914 1178 3974 intuendos
1196 3929 1223 3972 et
1239 3913 1325 3992 judi*

91 4011 215 4070 candos:
238 4013 315 4071 unde
334 4014 442 4094 perdor,
463 4035 546 4092 quem
564 4015 696 4073 oboriens
712 4013 805 4071 subito
821 4015 852 4070 in
868 4015 948 4092 genis
967 4013 1054 4072 rubor
1072 4013 1214 4094 prodebat
1233 4011 1329 4070 iden‘

93 4110 190 4169 tidem,
233 4109 325 4168 Semel
345 4126 440 4170 autem
460 4113 498 4170 ita
518 4127 545 4170 et
566 4111 661 4170 studio
680 4111 811 4170 discendi
834 4112 1002 4170 inflammati
1024 4125 1051 4168 et
1071 4113 1126 4190 ipsi
1147 4125 1236 4169 semet
1253 4130 1329 4168 coru

93 4209 239 4287 rigentes,
269 4230 376 4288 perque
404 4211 565 4289 semetipsos
593 4212 708 4290 optimis
736 4210 896 4286 quibusque
924 4225 950 4268 et
979 4210 1088 4268 artibus
1121 4224 1148 4268 ct
1177 4207 1328 4268 doctrinis

130 4416 151 4479 l)
172 4421 206 4469 lle
224 4420 294 4485 Leqq.
315 4420 346 4469 [ί.
365 4418 424 4467 653,
445 4420 473 4469 Δ.
494 4421 568 4469 latitia
588 4437 610 4485 p.
631 4418 671 4466 84.
