2796 5048
614 198 617 205 ’
691 226 749 285 ιιι

101 336 250 475 praesagiii
269 406 371 466 acute,
391 372 564 471 quibusnam
592 387 638 449 illi
660 389 704 448 usi
723 387 887 470 proficiant.
928 392 1057 466 Quorum
1084 392 1195 455 multos
1212 394 1326 457 Ριιιᾶίιι

100 491 230 567 tradidi,
251 490 356 550 multos
375 490 441 550 aliis
467 487 646 569 sapientibus
671 501 700 547 et
720 485 832 547 divinis
850 488 932 549 viris.
954 520 986 531 —
1007 491 1085 550 llaec
1105 491 1185 568 tibi,
1207 495 1324 575 optime,

100 591 153 651 hac
169 590 207 650 de
224 609 323 649 caussa
344 589 435 648 fusius
455 587 606 646 enarravi:
629 585 789 665 suspicatus
802 585 927 662 scilicet,
947 601 989 664 te,
1010 590 1260 668 quemadmodum
1272 594 1323 675 ipse

99 700 201 768 putas,
221 700 425 768 praegnantem
448 685 600 767 parturire.
643 685 792 743 Committe
821 697 849 742 te
869 685 1068 764 igitnrmilu',
1090 701 1123 747 ut
1144 687 1212 749 filio
1236 689 1323 751 obsta·

99 785 181 844 tricis
192 798 220 844 et
240 786 296 866 ipsi
315 785 495 844 obstetriciae
516 783 585 842 artis
605 781 713 863 perito,
733 802 862 860 quaeque
881 803 948 862 rogo
958 829 967 858 ,
993 781 1031 843 ad
1051 785 1123 845 bace
1143 809 1200 867 pro
1219 788 1322 849 virito
1354 860 1356 865 Ι

98 880 249 964 responde.
280 882 389 957 Quodsi
406 883 523 942 fortasse
544 900 656 954 eorum,
676 899 749 959 quae
769 877 860 955 dices,
881 881 1037 962 explorans
1053 883 1188 963 aliquid,
1216 886 1320 947 simula·

98 1000 179 1040 crum
208 1001 285 1055 esse,
316 1001 378 1039 non
401 978 759 1067 verum,existimave1o‚
785 976 893 1038 deinde
914 980 1054 1039 sustulero
1074 995 1161 1060 atque
1178 983 1317 1061 abjecero,

97 1100 148 1155 ne,
174 1099 292 1160 quaeso,
317 1077 466 1151 ir=ascaris‚
495 1077 591 1157 prouti
608 1076 701 1156 primo
720 1089 805 1184 partu
822 1097 978 1157 puerperae
996 1077 1078 1158 prole
1097 1082 1209 1157 rejecta
1226 1082 1315 1145 solent.

96 1177 215 1236 Multi·
204 1197 264 1255 qam
284 1177 376 1249 enim,
397 1123 518 1232 mirifice
548 1173 732 1246 adolescens,
754 1173 793 1231 sic
814 1194 879 1253 erga
899 1195 944 1233 me
965 1176 1056 1234 affecti
1075 1191 1165 1253 sunt,
1186 1193 1222 1239 ut
1241 1181 1314 1262 plant

94 1275 132 1335 ad
156 1265 348 1335 mordendum
369 1274 428 1332 sint
447 1273 557 1354 parati,
587 1273 697 1350 quoties
718 1270 787 1351 ipsis
807 1291 897 1350 nugas
917 1273 1054 1352 quasdam
1074 1271 1243 1354 detraham,
1270 1298 1311 1339 not

92 1386 198 1456 putant
225 1372 257 1432 id
285 1392 301 1429 a
329 1391 374 1429 me
393 1369 597 1430 benevole'ntil
621 1369 694 1428 fieri.
736 1368 862 1426 Multum
883 1369 981 1445 abest,
1011 1386 1042 1430 ut
1067 1372 1182 1449 sciant,
1210 1376 1308 1437 nullm

92 1492 153 1532 esse
168 1473 261 1531 Deum
275 1467 442 1528 hominibus
456 1467 644 1541 malevolum,
662 1488 714 1525 nec
731 1486 798 1526 vero
814 1488 858 1525 me
874 1469 1032 1547 quidquam
1045 1469 1103 1528 tale
1118 1473 1306 1537 malevolentil

92 1570 204 1629 facere:
225 1567 298 1647 mihi
320 1586 388 1627 vero
402 1565 509 1626 falsum
526 1566 677 1625 admittere
692 1578 776 1645 atque
791 1564 967 1625 abscondere
987 1587 1111 1645 verum,
1133 1570 1222 1632 nullo
1239 1572 1302 1635 anob

93 1666 210 1727 licitum
230 1679 280 1725 est
283 1686 298 1722 a
326 1663 355 1745 l)

130 1765 219 1824 Nolui
238 1762 424 1844 interpellare
445 1762 606 1837 Socratem,
627 1761 725 1820 haee
717 1775 757 1819 ata
781 1761 936 1823 Theaeteto
956 1777 985 1823 et
1010 1750 1165 1827 Theodoro
1185 1789 1308 1829 enarrem
1354 1818 1356 1823 .

89 1877 165 1939 tem,
186 1876 219 1922 ut
229 1858 298 1921 ‘rem
319 1869 362 1919 ιιι·
376 1861 438 1943 ipso
458 1874 548 1920 totam
568 1861 796 1940 perciperemus:
818 1880 989 1939 quamquam
1011 1876 1079 1922 sunt
1099 1864 1187 1926 nobis
1207 1866 1330 1951 singoli
1354 1854 1356 1863 Ι

89 1961 167 2037 fere,
187 1982 261 2040 quae
280 1960 377 2034 dixit,
398 1980 435 2019 ex
461 1960 560 2040 ipsius·
578 1958 761 2036 Platonisque
782 1957 965 2038 philosophia
987 1960 1103 2022 uberius
1132 1963 1340 2025 declaranda-

89 2060 188 2120 Veluti
208 2059 286 2139 quod
308 2050 407 2117 lenoni
434 2079 462 2117 se
482 2058 676 2137 comparavit,
702 2057 752 2134 qui
777 2055 835 2114 alia
864 2057 980 2137 ingenia
1008 2079 1073 2118 cum
1093 2060 1162 2121 aliis
1181 2064 1348 2125 eoncilia·

87 2173 148 2234 ret,
170 2173 202 2218 ut
223 2178 260 2218 ex
280 2177 379 2215 eorum
394 2154 606 2216 consuetudine
627 2168 655 2213 et
678 2153 875 2233 congressibus
900 2157 1072 2235 optimarum
1093 2179 1191 2220 rerum
1209 2160 1354 2225 autina

86 2271 222 2336 tanquam
242 2256 352 2328 foetus,
374 2254 537 2312 ederentur.
569 2253 707 2312 Similiter
728 2251 759 2310 id
781 2251 929 2331 praedicat
947 2253 983 2311 de
1002 2275 1060 2313 sese
1082 2257 1114 2317 in
1136 2257 1353 2342 Xenophon·

87 2369 132 2413 teo
152 2352 311 2461 Symposio.
358 2352 430 2412 Nam
455 2372 520 2410 cum
546 2352 654 2410 caeteri
672 2349 734 2408 illie
761 2368 820 2407 rem
840 2367 1058 2431 memorassent,
1084 2376 1140 2474 qua
1162 2360 1355 2437 gloriarum·

86 2465 135 2511 tur
155 2451 297 2524 maxime,
319 2450 425 2510 Callias
446 2449 615 2510 Socratem
608 2463 743 2524 intuens,
770 2467 806 2507 ov
834 2444 869 2507 di
896 2442 995 2530 ὃν),
978 2472 1055 2532 εφη,
1083 2451 1133 2513 ἐπὶ
1159 2453 1216 2517 τίνι
1240 2444 1353 2535 pilr‘

87 2551 219 2632 ppovaig;
244 2547 294 2608 καὶ
321 2544 370 2623 ὃς,
399 2544 481 2627 μαλα
508 2547 622 2626 σεμνῶς
642 2542 812 2623 ἀνασπάσας
832 2572 867 2611 ro
890 2546 1063 2633 πρόσωπον,
1086 2552 1136 2616 ἐπὶ
1157 2574 1349 2641 μαστρθ·

85 2645 228 2738 steigi,3
201 2673 286 2713 ειπεν·
309 2662 343 2710 to
366 2675 433 2712 uero
449 2674 508 2732 quo
532 2663 560 2711 te
580 2659 709 2709 monimo
730 2674 762 2710 ro
784 2653 900 2731 effers?
922 2656 1001 2712 'Tum
1015 2660 1081 2731 ille,
1103 2644 1346 2723 oontmaod

82 2763 271 2837 grauitatem
292 2757 399 2828 vultu,
431 2754 667 2824 lenocinio,
689 2754 850 2827 rospondit.
870 2751 901 2833 2)
942 2754 992 2813 Est
1018 2770 1111 2815 autem
1132 2757 1188 2818 boc
1209 2775 1340 2822 totum

84 2855 215 2933 quamvis
231 2856 327 2932 jocose
353 2852 481 2924 dictum,
508 2869 544 2907 ex
569 2848 684 2929 placitis
709 2847 837 2908 Platonis
863 2849 899 2910 de
924 2855 1014 2912 animi
1036 2868 1139 2914 natura
1160 2858 1338 2941 explicam*

84 2952 164 3012 dum.
211 2951 329 3011 Scilicet
359 2970 418 3009 non
447 2947 595 3006 machinae
623 2966 680 3004 esse
706 2946 799 3004 simile
825 2950 995 3010 censebat
987 2954 1138 3032 ingenium
1165 2957 1287 3017 hominis
1305 2988 1326 3024 μ

85 3072 145 3109 non
166 3072 181 3109 e
202 3050 300 3132 lapide
325 3062 374 3107 aut
399 3047 478 3126 ligno
509 3046 708 3117 informatum,
739 3059 771 3104 ut
797 3063 958 3106 moveretur
983 3050 1159 3113 mechanicis
1184 3054 1324 3138 legibm

85 3147 267 3227 semetipsum
297 3168 357 3205 non
377 3158 521 3220 moveret,
553 3142 603 3202 sed
624 3136 811 3223 αὕτοκινητόν
830 3144 862 3225 3)
883 3147 1064 3256 appellabat,
1085 3152 1196 3210 moveri
1215 3164 1320 3213 auten

84 3244 208 3303 maxime
227 3220 375 3309 statuebat
380 3243 483 3322 spiritu
498 3191 565 3317 illo,
580 3264 664 3321 quem
680 3243 822 3319 diximus,
843 3245 892 3322 qui
908 3245 987 3303 intus
1001 3245 1054 3311 alit
1068 3248 1179 3324 omnia,
1196 3272 1313 3311 omm-

84 3342 162 3400 Hinc
182 3341 276 3421 pulcri
296 3340 456 3420 appetitus,
477 3340 528 3418 qui
547 3355 664 3421 apparet
681 3342 714 3400 in
734 3342 896 3401 infantibus
913 3363 978 3400 eum
997 3347 1189 3423 cognoscendi
1208 3349 1318 3410 studio

83 3441 272 3518 conjunctus:
304 3437 372 3497 hinc
400 3459 478 3497 amor
504 3440 565 3497 veri
593 3460 658 3497 curn
686 3439 779 3520 pulcri
808 3443 979 3518 conjunctus
1007 3462 1120 3517 amore,
1145 3466 1203 3524 quo
1225 3446 1317 3507 ardet

77 3541 228 3617 juventus.
271 3537 369 3614 ltaque
393 3536 529 3594 amasium
554 3539 681 3616 anquirit
705 3538 869 3597 adolescens
892 3541 1062 3620 optimarum
1087 3536 1317 3604 rerum'stodio

84 3636 251 3715 flagrantem
261 3681 269 3710 ,
289 3654 412 3713 quocum
432 3655 541 3714 semper
560 3636 596 3693 sit
615 3657 671 3693 una
692 3637 861 3713 misceatque
877 3658 1017 3695 sermones
1032 3638 1069 3697 de
1088 3640 1195 3701 virtute
1213 3642 1316 3719 doque

81 3754 135 3808 eo,
156 3733 233 3812 quod
260 3754 327 3796 vere
355 3733 391 3793 sit
410 3733 559 3815 pulcrum,
590 3755 656 3795 vere
681 3735 718 3792 sit
736 3734 844 3793 bonum
864 3737 1047 3813 justumque,
1069 3750 1097 3794 et
1116 3739 1226 3816 qualem
1242 3750 1316 3797 esse

81 3845 210 3913 oporteat
233 3833 328 3891 virum
345 3831 454 3890 bonum
472 3846 499 3890 et
518 3832 683 3913 sapientem.
715 3833 833 3905 Quaerit
853 3832 968 3911 quidem
990 3833 1040 3890 illo
1059 3835 1211 3895 formosum
1228 3856 1321 3895 eon-
1354 3816 1356 3853 ⁵

81 3931 182 3988 tinuo:
205 3926 362 4007 namquid
381 3928 482 4008 pulcro
501 3944 541 3989 cst
559 3930 737 3990 amabilius?
759 3945 786 3988 et
809 3951 876 3990 vero
897 3930 992 4009 pulcri
1017 3930 1154 4011 adspectu
1174 3919 1320 3994 vertutis

81 4029 254 4106 virtutisque
279 4047 356 4084 amor
381 4026 413 4083 in
436 4025 536 4105 primis
559 4028 745 4099 accenditur-3
768 4028 817 4087 sed
842 4027 1036 4106 qualicunque
1060 4032 1096 4087 sit
1119 4031 1170 4089 ille
1192 4027 1288 4090 tornat
1310 4070 1316 4100 ,

115 4266 140 4331 1)
163 4267 255 4318 lbeuet.
275 4265 324 4317 148
344 4265 492 4317 E-151o.

114 4350 140 4416 2)
158 4353 221 4403 Xen.
238 4353 319 4420 Symp.
338 4349 362 4401 3.
383 4349 499 4403 4-10.
518 4353 550 4414 l,
566 4350 608 4403 56.

114 4436 139 4500 3)
158 4438 265 4488 Ptaear.
285 4434 344 4487 245.
365 4436 392 4487 G.
