2796 5048
95 252 123 288 VI

95 435 150 472 rus
169 415 306 488 suisset,
328 414 533 491 tranquillone
554 419 653 469 anieno
674 435 734 470 esse
752 422 863 490 possim
881 424 909 471 ct
930 425 1086 489 consuetu,
1107 437 1195 492 quam
1219 425 1336 496 tempus

93 545 207 622 affert,
232 547 351 605 dolendi
381 547 531 623 voluptate
557 545 656 620 frui!
700 543 798 624 Quid?
831 548 908 623 quod
937 556 1064 604 veterem
1094 549 1181 606 illam
1210 550 1335 632 lugendi

92 699 216 736 causam
235 688 299 736 tam
325 699 470 758 gravem,
492 689 556 735 tam
576 660 779 735 necessariam
789 722 797 751 ,
820 699 910 754 quam
930 679 1027 736 lenire
1047 680 1110 737 dies
1129 675 1219 756 atquc
1240 683 1332 738 emei-

93 813 152 869 lire
164 813 243 869 vulct
251 857 259 886 ,
279 814 383 870 tollere
404 833 560 890 nunquam
579 812 702 883 valebit,
715 817 958 868 recentissimum
970 818 1119 888 scriptum
1130 819 1333 872 instauravit.

93 943 190 1019 Cujus
207 946 326 1021 quidem
344 952 454 1020 scripti
474 952 691 1023 angumcntum
709 950 843 1019 quumin
863 943 1149 1000 commendanda
1169 944 1333 1003 Heusdii

92 1083 266 1134 memoria
291 1085 443 1150 versetur,
469 1084 616 1151 scriptor,
636 1084 700 1128 JAC.
717 1085 861 1128 ADOLPH.
878 1083 951 1127 CAR·
966 1084 1114 1135 ROVERS,
1137 1079 1332 1136 consobrinus

90 1231 174 1268 meus
190 1211 425 1288 dilectissimus,
445 1209 526 1265 nihil
540 1215 752 1284 praetermisit
771 1210 847 1285 qued
865 1209 905 1265 ad
920 1209 1145 1266 illustrandum
1164 1228 1332 1288 argumen-

90 1350 156 1398 tum
171 1342 506 1418 pertinerevideretur.
528 1339 684 1398 Adhibitis
700 1348 807 1418 quippe
817 1384 825 1413 ,
844 1361 919 1417 quae
940 1341 1064 1420 singula
1083 1343 1201 1435 singuli
1213 1305 1331 1398 'memo-

90 1481 158 1531 riae
177 1474 418 1546 mandaverant,
441 1473 615 1551 singularis
629 1479 758 1549 pietatis
778 1478 993 1545 monumentis,
1016 1472 1154 1529 lubenter
1169 1480 1331 1548 praeterea

88 1612 276 1682 scienterque
296 1611 330 1660 in
351 1625 440 1662 usum
459 1610 624 1677 conversis,
654 1625 848 1682 quaecunque
869 1625 904 1660 ev
918 1613 1052 1680 paterna
1073 1603 1261 1659 haereditate
1279 1604 1330 1659 lu-

87 1737 187 1809 bentes
197 1758 262 1795 rem
283 1737 414 1805 arduam
434 1745 609 1812 suscepturo
629 1736 929 1812 suppeditaveramus
940 1779 948 1807 ‚
969 1755 1051 1808 eom,
1072 1741 1230 1811 quaejam
1249 1737 1329 1792 alio-

39 1869 42 1873 ’
87 1866 157 1926 rum
183 1870 347 1948 diligentia
373 1870 553 1926 adumbrata
575 1868 784 1945 quodammodo
811 1876 897 1939 erat,
924 1873 1091 1944 imaginem
1123 1874 1165 1924 sic
1193 1869 1329 1924 omnibus

85 2007 223 2060 numeris
234 2001 400 2058 absolutam
411 2001 565 2076 prodidit,
585 2007 620 2055 ut
630 2020 744 2055 necesse
756 2005 797 2055 sit
808 2043 816 2070 ,
837 2004 892 2074 qui
902 2002 1087 2052 intueantur
1106 2018 1187 2071 eam,
1207 1962 1342 2054 sestaro-

85 2139 279 2192 consentiant
299 2133 448 2209 quidquid
471 2153 506 2188 ea
532 2137 596 2185 viro
616 2129 874 2186 desideratissime
893 2136 1085 2202 amaverint,
1104 2129 1252 2206 quidquid
1271 2131 1328 2186 ad-

83 2272 194 2323 mircti
206 2265 346 2338 fuerint.
379 2261 446 2321 Non
468 2279 635 2338 persequar
656 2261 792 2337 equidem
818 2261 913 2335 hujus
936 2261 1012 2316 libri
1042 2261 1165 2336 laudes,
1194 2282 1326 2338 quarum

83 2397 160 2454 aiios
179 2415 240 2453 esse
261 2396 349 2453 veiim
367 2415 451 2452 veros
472 2403 502 2451 et
520 2393 663 2450 candidos
675 2399 913 2451 existimatores:
931 2401 1053 2449 tantum
1071 2394 1139 2450 disi
1148 2438 1156 2466 ,
1175 2403 1327 2470 quantum

83 2534 207 2585 animus
219 2510 322 2601 jussit
338 2533 516 2604 gratissimo
535 2545 622 2582 sensu
642 2526 790 2600 perfusus
806 2529 976 2600 etpaternd
996 2529 1142 2581 memorid
1158 2532 1201 2582 sic
1217 2533 1327 2600 optimc

82 2668 226 2737 perpetuo
242 2664 481 2738 perguvisurus,
500 2667 537 2714 ut
560 2659 784 2715 commendatae
806 2658 844 2726 ab
865 2657 918 2713 illo
934 2657 1112 2732 plenissime
1137 2678 1249 2714 memor
1261 2659 1327 2731 fu-

84 2800 178 2849 turus
192 2764 244 2850 sit.

123 2923 184 2981 Hic
211 2930 314 3002 igitur
337 2923 488 2995 omnibus,
509 2929 562 2998 qui
587 2923 694 2980 horum
717 2921 821 2979 [niti
828 2942 930 2978 orum
952 2928 1128 2999 scriptorem
1149 2941 1323 3000 cognoscere

71 3038 220 3133 cupient,
241 3055 494 3130 locupletissimus
511 3063 620 3113 auctor
631 3060 712 3123 erit;
731 3034 1101 3131 me'vcrcquamvislsaud
1119 3054 1270 3111 dedeceret
1287 3076 1324 3111 ac

82 3209 267 3265 summopere
278 3195 411 3264 juvaret
428 3188 465 3245 de
481 3195 592 3264 optimo
605 3190 847 3264 patremferre,
866 3197 968 3246 tamen
977 3231 985 3261 ,
1006 3193 1148 3265 quoniam
1163 3163 1215 3244 viv
1232 3187 1324 3263 quid-

83 3342 173 3401 quam
190 3323 333 3398 proferre
347 3327 477 3396 possim,
500 3321 577 3397 quod
596 3321 652 3378 iiie
668 3341 728 3379 non
748 3327 959 3379 amantissime
975 3327 1187 3396 verissimeque
1207 3328 1237 3376 et
1255 3339 1324 3377 vero

81 3461 214 3512 manime
238 3454 392 3510 enucleate
419 3458 576 3530 esposuit,
602 3459 721 3512 omnino
742 3463 842 3511 tacere
857 3462 1000 3529 praestat
1025 3472 1117 3530 quam
1132 3429 1243 3528 paucis
1270 3453 1324 3509 ab·

82 3587 203 3646 solvere.
247 3585 455 3644 Veruntamen
467 3568 523 3641 ‘ut
549 3584 628 3642 moisi
656 3584 714 3641 illa
741 3584 854 3664 legenti
881 3557 1054 3644 crevit⁵vic
1078 3587 1201 3644 sedatus
1224 3585 1323 3657 detor,

81 3726 235 3799 inprimis
253 3719 437 3791 attendenti,
457 3718 584 3794 qualia,
604 3725 639 3773 ut
644 3717 799 3792 prodesset
811 3740 901 3795 quam
917 3718 1064 3794 piurimis
1074 3763 1083 3791 ,
1103 3719 1232 3775 scribere
1245 3737 1323 3794 por·-

82 3858 138 3908 tim
154 3857 314 3927 coepisset,
327 3857 446 3928 partim
455 3855 663 3907 instituturus
675 3850 851 3924 videretur,
871 3857 918 3908 ita
929 3858 1019 3907 aucit
1029 3851 1157 3907 dolorem
1172 3858 1322 3927 perpetua

80 3984 427 4061 ipsiuskujuscecperis
441 4002 529 4057 cura,
553 4001 643 4058 quam
660 3987 764 4058 patris
783 3982 865 4040 obitu
883 3983 960 4041 mitit
978 3982 1156 4040 mandatam
1177 3982 1322 4040 videbam.

81 4115 371 4192 Mirum‚quamdiu
381 4112 957 4192 haecphilosophiael'latvnicae
976 4113 1322 4173 Initiamanibusvsr·

81 4249 182 4305 sabam
189 4290 197 4320 ,
217 4252 245 4304 si
254 4247 334 4304 husie
351 4248 486 4325 equidem
496 4270 532 4305 ea
543 4248 687 4325 diligenti
702 4253 944 4326 gratissimoque
958 4249 1030 4305 libri
1044 4247 1322 4320 lectionesruetvm

77 4385 213 4456 percepi,
226 4387 275 4454 ut,
294 4400 369 4456 quae
382 4381 483 4439 literis
491 4384 671 4456 consignata
689 4376 832 4454 legerem,
851 4388 998 4456 tanquam
1009 4401 1059 4438 ore
1076 4379 1174 4436 adhue
1191 4386 1320 4454 paterno
