2796 5048
654 206 713 265 aco
1172 184 1186 217 ⁹

56 391 93 429 sa·
114 391 174 449 quo
190 374 275 446 cupit
292 348 426 445 attqiiom
442 367 578 426 babitans
593 389 696 442 mens,
716 388 802 446 quem
822 376 906 447 epesi
924 391 977 430 suo
993 379 1140 450 imponat.
1171 373 1224 434 Ita
1241 375 1299 433 illa

56 489 193 549 quaem
211 467 294 524 docet
307 473 337 522 et
356 471 491 522 instruit
501 467 627 541 scoies,
647 487 666 523 a
685 487 745 543 qua
760 474 883 545 petitur
900 475 1054 544 imitatio,
1070 471 1139 528 idea
1158 482 1212 531 est.
1243 473 1301 531 Τα-

57 567 104 625 lia
124 587 196 646 ergo
214 564 400 640 exemplaria
420 564 549 638 infinita
570 565 658 623 babet
677 575 794 623 nutura
813 586 938 640 rerum,
962 568 1135 644 bantinum,
1149 577 1299 647 piscium,

56 666 224 725 arborum:
242 661 281 719 ad
300 681 395 738 quae,
416 662 611 738 quodcunque
625 663 701 738 fieri
719 663 755 718 ab
774 662 941 740 illudebat,
963 674 1159 742 exprimitur.
1194 666 1300 746 Quar-

56 774 128 825 tum
146 764 244 820 lacum
263 760 352 818 babet
370 750 458 832 εἶδος.
504 758 585 838 Quid
604 769 646 818 sit
672 761 724 820 loeo
743 751 838 834 εἶδος,
860 765 1002 822 attendas
1029 775 1159 840 oportet:
1180 775 1211 824 et
1224 766 1300 825 Pto·

56 869 126 923 tani
143 868 291 937 imputes,
310 881 369 917 non
387 862 483 934 mibi,
502 861 581 916 bano
592 861 936 940 rerumdiffioultatem:
958 863 1047 919 nulla
1057 873 1103 922 est
1120 873 1223 923 autem
1233 871 1299 923 sine

56 960 244 1041 difficultate
262 958 429 1018 subtilitas.
470 956 571 1015 Paulo
589 967 660 1015 ante
673 965 803 1035 pictoris
812 968 949 1040 imagine
969 963 1084 1020 utebar.
1126 961 1186 1019 Ille
1206 984 1299 1040 quum

57 1060 187 1119 reddere
198 1054 370 1135 Virgilium
391 1057 538 1115 coloribus
555 1056 644 1113 uellet
653 1101 662 1131 ,
683 1064 782 1134 ipsum
793 1061 991 1117 intuebatur:
1010 1061 1077 1116 idea
1087 1070 1156 1117 erat
1167 1060 1300 1140 Virgilii

47 1161 160 1235 facies
170 1156 286 1229 futuri
304 1163 402 1232 operis
422 1155 596 1230 eaemplar:
617 1176 653 1212 ea
673 1157 729 1213 bac
750 1158 827 1233 quod
843 1159 961 1232 artisee
979 1158 1080 1215 trabit
1099 1167 1129 1214 et
1145 1167 1227 1236 operi
1247 1180 1299 1216 suo

56 1234 224 1334 imposuit,
240 1243 320 1324 eltae
339 1263 393 1314 est.
438 1250 519 1331 Quid
536 1259 678 1326 intersit,
705 1254 854 1331 quaeris?
884 1255 1040 1314 Alterum
1054 1257 1208 1332 exemplar
1238 1265 1301 1330 est,

56 1356 197 1413 alterum
208 1355 318 1428 fornia
336 1355 372 1411 ab
391 1351 557 1429 eaemplari
578 1360 678 1409 sumta
696 1361 727 1408 et
744 1360 828 1430 operi
841 1361 992 1430 imposita.
1015 1353 1158 1412 Alteram
1181 1356 1301 1429 artifex

56 1457 228 1526 imitatur,
248 1452 379 1509 alteram
391 1452 489 1525 facit.
511 1448 611 1508 Habet
629 1450 767 1527 aliquam
777 1454 898 1527 faciem
914 1452 1069 1528 eaemplar
1085 1459 1185 1528 ipsum
1195 1495 1204 1525 ,
1225 1450 1301 1528 quod

57 1557 188 1608 intuens
207 1552 310 1626 opifer
340 1558 477 1608 statuam
502 1548 676 1628 figuravit:
705 1551 777 1608 baec
805 1552 874 1608 idea
901 1560 954 1610 est.
997 1548 1188 1607 Etiamnunc
1205 1550 1300 1607 aliam

58 1648 219 1707 desideras
228 1645 479 1706 distinctionem?
500 1644 520 1702 Ι
528 1647 598 1704 dos
617 1654 651 1703 in
672 1668 756 1725 opere
772 1659 837 1707 est:
858 1651 951 1708 idea
971 1657 1059 1706 entra
1070 1668 1157 1725 apus,·
1168 1669 1221 1706 nec
1232 1656 1300 1704 tan·

58 1758 130 1807 tum
148 1756 238 1804 entra
256 1767 329 1823 opus
348 1756 393 1805 est
403 1790 412 1820 ,
432 1745 482 1804 sed
500 1753 571 1801 ante
589 1765 670 1821 opus.
693 1741 723 1823 l)

102 1848 205 1926 acuo,
215 1844 334 1922 quidem
358 1843 466 1904 Seneca
486 1835 570 1903 ἰδέαν
592 1857 620 1902 ct
640 1835 719 1914 aldor
741 1843 916 1925 distinguit,
937 1843 988 1903 sed
1009 1842 1123 1902 nullam
1143 1844 1300 1904 habetitu-

60 1938 263 2022 ραδείγματος
285 1943 441 2016 rationem,
462 1945 571 2024 quippe
583 1943 662 2023 quod
683 1964 749 2003 cum
766 1944 835 2000 idea
845 1941 1011 2001 confundit.
1053 1940 1149 2016 Plato,
1162 1943 1213 2003 ubi
1224 1945 1303 2005 ideas

59 2044 223 2126 respiciens
243 2041 280 2103 dc
301 2039 462 2121 pictoribus
482 2040 531 2103 vel
542 2041 702 2101 artificibus
723 2042 801 2120 agit,
822 2039 999 2099 excellentes
1018 2037 1173 2118 intelligit,
1189 2045 1302 2122 quino·

60 2163 100 2205 va
123 2141 219 2201 omnia
241 2140 386 2219 fingerent
405 2139 542 2217 ingenio,
573 2162 634 2200 non
656 2161 720 2215 eos,
752 2152 892 2217 quotquot
918 2158 978 2197 rem
999 2137 1047 2199 vel
1068 2136 1235 2216 hominem,
1257 2141 1301 2199 uti

59 2239 151 2313 sunt,
173 2236 463 2297 imitarenturunice
484 2251 512 2295 et
533 2239 737 2318 exprimerent.
779 2236 910 2317 Respicit
929 2235 1010 2316 ideas
1030 2235 1126 2315 ipsas,
1146 2253 1218 2313 quas
1227 2252 1304 2297 recte

61 2336 175 2397 Seneca
194 2335 402 2407 immortales,
433 2337 655 2413 immutabiles,
682 2336 870 2397 inviolabiles
900 2335 1045 2417 appellat:
1076 2331 1304 2416 παραδείγματα

61 2434 202 2516 respicit,
224 2453 313 2513 caque
333 2431 437 2491 talium
458 2432 602 2492 artificum
620 2435 739 2514 ingenio
759 2432 882 2507 tribuit,
903 2433 941 2493 ad
962 2454 1084 2512 quorum
1100 2437 1304 2518 speciemper-

62 2534 173 2593 sectam
195 2552 313 2591 manum
335 2528 473 2608 dirigant.
517 2531 609 2604 Quam
630 2531 798 2613 philosophi
823 2530 1031 2591 sublimitatem
1051 2552 1113 2591 non
1133 2536 1306 2614 assequeba-

61 2645 114 2691 tur
135 2630 264 2704 Seneca,
284 2647 374 2707 quum
394 2629 513 2686 vultum
534 2628 662 2689 hominis
682 2631 781 2687 ideam
802 2643 918 2690 vocaret
928 2674 937 2704 ,
959 2631 1017 2688 imo
1038 2630 1117 2688 hunc
1129 2631 1224 2710 ipsum
1234 2631 1305 2694 vul·

61 2744 129 2805 tum
142 2727 247 2810 pictori
269 2747 328 2786 esse
349 2719 552 2807 παράδειγμα,
574 2728 652 2808 quod
674 2728 853 2802 imitaretur,
875 2727 1005 2802 diceret,
1027 2727 1124 2787 divini
1147 2749 1215 2788 vero
1235 2729 1306 2788 Pla-

61 2829 159 2889 tonici
179 2823 415 2906 παραδείγματος
436 2830 488 2888 vix
521 2829 612 2888 ullam
633 2827 754 2888 duceret
780 2827 932 2887 rationem.
974 2825 1095 2904 Propius
1116 2824 1154 2884 ad
1174 2824 1304 2885 Platonis

62 2926 275 2989 sublimitatem
295 2920 552 3002 Cicero'accessit,
573 2948 663 3006 quum
694 2925 833 2985 Zeuxidis
862 2938 952 2984 artem
973 2925 1006 2982 in
1027 2921 1113 2981 libris
1132 2923 1167 2981 de
1188 2923 1303 2982 Inten-

63 3033 149 3083 ttone
170 3025 338 3108 admirabili
360 3027 502 3107 elegantia
526 3028 710 3108 exprimeret.
754 3026 948 3084 Crotoniatae
959 3022 1127 3099 quondam,
1149 3024 1305 3100 quumflo·

38 3132 42 3137 '
63 3133 175 3182 rerent
195 3127 331 3184 omnibus
352 3133 463 3203 copiis,
484 3137 514 3184 et
534 3134 568 3183 in
597 3124 696 3184 Italia
715 3146 784 3181 cum
810 3129 923 3201 primis
944 3122 1023 3179 beati
1042 3132 1304 3196 numerarentur,

64 3224 216 3298 templum
235 3222 388 3299 Junonis,
411 3227 488 3303 quod
516 3226 746 3305 religiosissime
777 3222 929 3295 colebant,
951 3225 1084 3300 egregiis
1102 3227 1239 3295 picturis
1260 3222 1306 3278 lo-

65 3321 228 3396 cupletare
249 3324 420 3383 uoluerunt.
463 3324 574 3401 Itaque
595 3323 801 3381 Heracleotem
824 3318 965 3393 Zeuxin,
986 3326 1040 3396 qui
1060 3326 1126 3374 tum
1147 3319 1306 3398 longaeac·

66 3427 149 3477 teris
167 3421 311 3478 sacellere
327 3424 496 3498 pictoribus
516 3423 769 3493 eeistimubatur,
798 3439 906 3498 magno
930 3423 1032 3493 pretio
1051 3415 1230 3472 conductum
1251 3417 1308 3472 ud·

65 3518 244 3579 bibuement.
286 3519 321 3579 Is
341 3530 371 3578 et
390 3531 525 3578 caeteras
543 3514 710 3597 complures
727 3518 847 3575 tabulae
861 3521 989 3592 pinsit,
1009 3533 1141 3589 quarum
1160 3514 1308 3571 nonnulla

61 3636 144 3696 pars
162 3638 256 3695 usque
274 3619 314 3676 ad
340 3630 475 3678 nestram
501 3625 677 3676 meritoriam
700 3623 825 3692 propter
844 3616 924 3689 fani
943 3612 1121 3690 religionem
1139 3618 1309 3686 remansit,

67 3724 99 3773 st
108 3759 119 3788 ,
138 3724 178 3788 ut
195 3718 386 3776 eacellentem
404 3719 562 3776 muliebris
571 3718 697 3791 formae
710 3714 953 3790 pulcritudinem
972 3718 1059 3766 muta
1074 3715 1109 3765 in
1130 3729 1191 3766 sese
1209 3717 1311 3790 imago

65 3819 256 3890 contineret,
278 3816 409 3875 Helenae
430 3824 602 3896 repingere
621 3814 822 3873 simulacrum
844 3811 919 3868 aelle
937 3810 1040 3867 tien:
1067 3808 1145 3885 quod
1166 3807 1306 3867 Crotoni-

67 3920 143 3968 atae
152 3956 162 3985 ,
182 3923 235 3990 qui
255 3935 323 3971 eum
341 3916 486 3972 muliebri
505 3922 538 3972 in
557 3924 677 3991 corpore
702 3911 857 3992 pingendo
867 3909 1040 3987 plurimum
1059 3907 1133 3965 aliis
1147 3915 1308 3983 praestare

69 4030 160 4085 saepe
177 4022 380 4089 accepissent,
410 4015 540 4071 libenter
564 4014 743 4070 audierunt.
784 4008 1103 4077 Putaoeruntenim,
1122 4010 1168 4076 si,
1189 4023 1245 4079 qno
1273 4008 1307 4059 in

64 4111 515 4190 genereplurimumpaseet,in
536 4134 566 4169 eo
585 4132 693 4189 magno
704 4129 788 4184 opere
797 4109 987 4179 elaborasset,
997 4109 1153 4184 egregium
1171 4101 1311 4176 sibiopue

68 4207 128 4263 illo
137 4214 171 4263 in
184 4208 267 4281 fana
283 4210 477 4269 relicturum.
509 4207 612 4287 Neque
632 4218 696 4266 tum
707 4228 753 4265 eos
762 4207 819 4264 illa
830 4213 928 4283 opinio
939 4203 1073 4279 fefellit.
1095 4195 1174 4255 Nam
1194 4197 1309 4255 Zeuxis

74 4344 159 4352 ----
176 4347 331 4356 ---—-.

111 4399 141 4461 l)
160 4399 260 4450 Seneca
274 4401 352 4469 Epist.
367 4400 410 4454 58.
435 4401 542 4453 151-18.
1079 4457 1118 4515 24
