2796 5048
652 119 711 184 tut
1079 118 1098 155 '

61 281 269 366 perveniant,
291 280 461 349 dialecticae
488 276 606 342 tandem
625 304 703 364 ope,
731 285 785 345 toti
810 286 983 368 penitusque
1006 289 1045 351 ad
1063 289 1214 351 ueritatem
1231 311 1301 351 oon·

62 380 313 442 vertendi0sunt.
354 378 401 439 Sic
427 393 521 440 autem
551 381 588 439 iis
612 381 733 441 tandem
758 404 792 442 eo
809 383 946 443 accedere
963 385 1084 461 licebit,
1104 406 1162 465 quo
1177 389 1302 448 manime

62 476 308 539 contendendum
326 476 499 557 philosopho
518 492 581 552 est,
603 493 635 538 ut
655 479 751 556 illud,
770 479 849 558 quod
867 483 973 541 bonum
992 499 1034 544 est
1044 532 1052 560 ,
1078 477 1135 564 τήν
1153 484 1209 545 τοῦ
1229 480 1303 566 οἴγον-4

62 577 133 639 &oti
154 569 253 648 ἰδέαν,
276 575 408 635 idearum
427 576 557 634 omnium
575 577 738 658 principem
750 624 759 653 ,
778 580 884 638 mentis
904 580 988 640 oculo
1008 598 1204 663 assequantur.
1245 587 1303 647 Sed

63 679 141 738 leaeo
170 691 203 736 ut
228 671 445 753 intelligamus,
468 672 504 732 de
532 675 623 732 idei
634 696 648 732 s
675 675 760 736 nobis
787 675 931 757 agendum
952 679 1087 740 universe
1106 695 1166 757 est,
1188 683 1250 744 loco
1269 685 1301 742 in

62 775 201 836 Platonis
217 768 402 854 philosophia
419 791 487 830 sane
509 792 594 849 quam
614 773 782 852 grauissimo
804 774 997 854 latissimeque
1016 791 1143 857 patente.

891 882 912 921 e

280 966 339 1031 De
366 968 479 1025 ideis
508 977 551 1024 iu
576 970 856 1049 philosophia
882 969 1096 1032 Platonis.

109 1163 286 1225 verecunde
304 1161 521 1243 prudenterque
541 1163 638 1239 Plato,
658 1179 690 1224 ut
710 1164 853 1240 vidimus,
872 1163 948 1223 hanc
967 1164 1094 1225 hominis
1112 1167 1142 1226 in
1161 1167 1305 1227 mundum

63 1260 288 1342 intelligibilem
317 1259 512 1318 escensionem
538 1260 688 1320 declarare
715 1263 852 1324 instituit.
897 1256 974 1335 Θεός
996 1257 1033 1322 δέ
1051 1285 1109 1324 που
1130 1257 1225 1338 οἶδεν,
1248 1267 1306 1344 ait,

64 1360 95 1422 ri
118 1353 242 1440 ἀληθής
267 1351 343 1420 οὖσα
370 1350 522 1436 τυγχάνει·
544 1351 582 1419 τοὶ
604 1353 632 1418 δ’
652 1351 705 1420 οὖν
726 1357 794 1438 ἐμοὶ
815 1356 981 1443 φαινόμενα
1008 1358 1087 1427 οὕτω
1109 1363 1251 1447 φαίνεται.
1276 1364 1305 1447 l)

62 1464 166 1538 Quum
202 1460 388 1543 prudentiam
427 1459 484 1518 nisi
511 1462 633 1540 pariter‘
646 1483 711 1520 oum
741 1461 788 1521 his
819 1465 1021 1546 explicandis,
1050 1480 1112 1526 tum
1143 1468 1175 1526 in
1204 1444 1306 1548 primis

65 1560 203 1620 idearum
229 1558 432 1640 perquisitioni
462 1557 630 1617 adhibuerit
660 1560 822 1639 interpres,
851 1554 978 1642 longefls
995 1565 1123 1644 profecto
1145 1563 1307 1623 aPlatonis

65 1673 168 1719 mente
198 1670 226 1717 et
253 1655 376 1716 consilio
407 1655 562 1715 aberrabit.
614 1659 828 1731 Quaesiverunt
855 1661 934 1745 omni
964 1682 1035 1721 aevo
1074 1660 1239 1745 philosophi
1269 1658 1306 1718 de

65 1757 148 1816 ideis
172 1753 319 1829 Platohis,
348 1773 490 1831 quaenam
519 1754 642 1812 maxime
672 1767 784 1830 essent,
812 1740 907 1836 spsine
924 1770 1018 1816 essent
1039 1757 1151 1816 homini
1171 1759 1306 1839 propriae

66 1855 267 1931 innataeque,
297 1872 335 1910 an
363 1865 446 1909 extra
473 1872 538 1909 eum
568 1853 693 1931 positae:
717 1854 741 1911 si
768 1867 849 1912 extra
877 1875 942 1913 eum
969 1868 1080 1929 essent,
1108 1854 1159 1913 uhi
1188 1854 1306 1914 tandem

66 1952 202 2012 locorum
231 1949 489 2029 conspicerentur,
518 1947 625 2008 similia
653 1946 742 2009 alias
759 1972 832 2031 quae
857 1953 897 2011 sic
918 1950 1067 2032 explicare
1085 1951 1171 2010 multi
1191 1951 1307 2010 studue-

27 2036 43 2053 ”
63 2062 159 2123 runt,
179 2048 261 2127 quasi
279 2047 341 2126 ipse
361 2065 394 2103 ea
413 2045 494 2105 Plato
514 2060 542 2106 et
561 2047 649 2126 plane
674 2049 822 2109 habuisset
838 2062 989 2130 perspecta
1007 2062 1035 2108 et
1051 2049 1139 2130 plene
1160 2048 1307 2131 explicare

63 2147 220 2229 potuisset.
259 2142 299 2217 ld
324 2142 349 2201 si
373 2144 529 2222 potuisset,
559 2166 619 2204 non
647 2167 715 2204 sane
746 2168 814 2206 usus
836 2147 888 2206 ille
908 2147 1101 2227 imaginihus,
1124 2160 1156 2205 ut
1175 2145 1245 2204 haec
1265 2158 1308 2205 est

64 2243 229 2326 speluncae
258 2242 372 2321 imago,
401 2241 434 2299 in
461 2242 498 2301 iis
524 2242 708 2322 explicandis
729 2246 848 2320 luisset,
869 2245 920 2305 sed
936 2245 1036 2326 paucis
1055 2266 1087 2304 ea
1106 2241 1224 2318 uerbis,
1246 2243 1309 2302 sine

62 2343 144 2402 ullis
170 2339 353 2422 ambagibus,
382 2338 564 2399 declarasset.
608 2341 663 2399 llle
681 2363 749 2402 vero
767 2341 804 2402 de
825 2342 911 2401 rebus
928 2343 1006 2401 hisce
1024 2340 1218 2416 sublimibus,
1237 2360 1310 2419 quae

20 2430 26 2439 ¹
61 2440 176 2523 oprimi
205 2441 344 2516 cujusque
370 2436 537 2518 philosophi
565 2440 639 2498 ratio
655 2453 715 2512 est,
736 2441 879 2520 suspicari
899 2440 990 2499 multa
1010 2453 1038 2498 et
1055 2441 1135 2517 quasi
1156 2440 1310 2518 augurari,

60 2538 229 2602 vaticinari
259 2534 386 2609 solebat,
415 2555 489 2612 quae
511 2537 740 2616 argumentando
760 2537 970 2611 demonstrari,
993 2550 1024 2594 ut
1044 2537 1310 2596 mathematicorum

65 2640 215 2711 inuenta,
244 2633 329 2694 nullo
346 2632 431 2692 modo
449 2647 574 2713 possent.
616 2634 652 2691 ln
670 2632 716 2692 his
732 2654 800 2692 cum
815 2647 926 2693 caetera
945 2635 1041 2693 omnia
1060 2633 1206 2693 censenda
1221 2644 1310 2711 sunt,

59 2754 147 2816 quae
173 2733 211 2793 de
239 2732 350 2791 mundo
370 2731 469 2816 νοητῷ
489 2745 585 2790 mente
612 2731 780 2811 complexus
809 2745 872 2805 est,
893 2745 955 2791 tum
972 2733 1116 2806 maxime,
1136 2751 1210 2809 quae
1227 2726 1308 2787 ideas

65 2845 215 2914 spectant.
256 2831 381 2892 Veritati
409 2833 528 2891 studens
558 2830 659 2904 unice,
690 2850 779 2908 quum
808 2831 841 2889 in
868 2829 914 2891 his
941 2829 1047 2904 rebus,
1072 2849 1146 2908 quae
1176 2826 1309 2886 sensibus

67 2928 296 3013 percipiuntur,
325 2929 406 3008 quod
435 2949 502 2989 vere
530 2941 602 2986 esset
623 2927 776 3008 pulcrum,
796 2927 926 3000 bonum,
942 2929 1073 3004 justum,
1094 2926 1214 2985 omnino
1231 2923 1311 3003 quod

10 3094 12 3103 Ι
67 3048 181 3087 emm
196 3032 284 3102 esset,
304 3049 366 3087 non
385 3027 541 3107 reperiret,
563 3025 651 3106 vulgo
676 3024 903 3104 relinquendum
923 3023 1148 3104 adspectabilem
1166 3022 1310 3081 mundum

10 3116 13 3125 ⁵
66 3126 180 3187 duxit:
209 3124 271 3186 sibi,
295 3147 364 3187 vero
392 3123 584 3204 omnibusque
614 3137 753 3202 quotquot
772 3123 827 3182 rite
847 3142 955 3195 nauare
973 3120 1174 3202 philosophiae
1195 3140 1311 3199 operam
1389 3139 1390 3142 ¹

67 3236 235 3304 cuperent,
264 3223 355 3282 alium
371 3236 467 3283 mente
486 3236 515 3282 et
532 3223 704 3303 cogitatione
722 3219 865 3280 mundum
884 3220 998 3301 aperuit
1008 3265 1017 3294 ,
1038 3219 1071 3277 in
1089 3238 1147 3296 quo
1167 3216 1212 3290 id,
1233 3215 1311 3294 quod

69 3322 216 3405 flagrmte
244 3320 341 3381 studio
368 3302 540 3402 appetebat,
562 3320 709 3381 invenisse
727 3317 783 3376 sibi
803 3331 833 3377 ct
850 3315 1041 3395 contemplari
1068 3312 1233 3373 videbatur.
1275 3312 1311 3369 In

67 3417 183 3500 quihus
209 3417 356 3498 lingendis
382 3417 641 3494 descrihendisque
668 3414 805 3490 modun,
837 3415 928 3472 fateor
938 3460 947 3489 ,
968 3409 1112 3483 subinde,
1132 3429 1219 3488 quem
1238 3408 1312 3467 ratio

71 3516 200 3591 delinit,
230 3502 649 3595 excessit,'*subinde·etiam,
671 3513 750 3591 quod
770 3533 830 3571 non
850 3503 992 3570 immerito
1012 3507 1107 3588 carpit
1124 3505 1292 3567 Aristoteles
1303 3550 1312 3579 ,

69 3621 192 3696 poeseos
215 3615 304 3694 magis
328 3592 541 3695 sublimitatem
567 3622 764 3683 consectatus,
796 3628 881 3686 quam
903 3606 1092 3666 subtilitatem
1110 3603 1314 3686 philosophiae

72 3725 191 3772 secutus
208 3725 259 3771 est.
280 3709 312 3790 2)
341 3712 451 3771 Verum
471 3730 554 3771 omne
571 3709 659 3767 hocce
675 3720 736 3766 tum
755 3705 871 3765 demum
887 3708 954 3784 jure
973 3702 1151 3784 carpendum
1171 3701 1312 3776 nobisque

72 3807 240 3870 cavendum
270 3823 361 3884 esset,
391 3809 416 3868 si
447 3808 559 3889 poetica
583 3803 656 3879 illa,
678 3802 758 3882 quod
778 3803 848 3862 lecit
866 3800 1053 3876 Aristoteles,
1074 3799 1113 3860 ad
1132 3798 1311 3858 demonstra·

29 3880 75 3963 J
363 3938 381 3965 ο

112 4085 139 4150 u
156 4085 195 4136 m
211 4083 343 4153 mpsvu.
359 4032 419 4136 mi.
436 4083 466 4135 r.
553 4028 581 4091 ’⁴
616 4056 648 4103 “’··
888 4126 891 4133 .

76 4177 138 4342 λζ)
157 4178 236 4230 Arist.
254 4176 361 4243 Metuph.
379 4179 399 4227 1.
418 4195 445 4247 p.
463 4174 505 4229 23.
525 4175 558 4227 de
575 4174 642 4249 ideis
656 4171 788 4226 Platonis:
810 4159 968 4238 κενολογεῖν
989 4146 1121 4215 ἐστικαὶ
1142 4135 1317 4227 μεταφορᾶς

127 4283 169 4322 ειν
182 4252 348 4342 ’ποιητικάς
