2796 5048
639 156 697 213 ·19
756 219 759 225 ,

63 319 129 377 viro
146 304 274 389 similes,
295 315 345 393 qui
355 361 364 389 ,
385 313 517 376 adhibito
535 315 682 396 analogiae
700 315 829 391 lumine,
850 315 1021 377 mirabiliter
1044 316 1227 377 illustrarunt
1244 316 1292 375 ab·

62 431 139 507 ditos
157 450 285 509 quosque
305 442 333 487 et
352 428 467 508 linguae
486 428 610 489 Graecae
627 444 655 490 et
673 430 845 491 Graecarum
863 431 1012 491 literarum
1030 451 1163 492 recessus.
1203 430 1291 492 Sinti-

63 547 131 606 liter
155 559 287 606 versatur
304 544 404 604 critica
421 545 453 603 in
472 544 557 604 rebus
575 559 704 606 veterum
722 560 750 606 et
769 546 956 628 opinionibus
979 548 1215 628 interpretandis.
1246 548 1291 607 Ex

61 663 124 742 ipsa
147 661 327 738 antiquitatis
344 659 444 718 indole
458 673 485 718 et
504 662 606 740 repetit
625 661 691 720 illas
711 654 738 720 et
754 661 890 721 declarat.
935 662 1021 736 Quod
1038 662 1203 741 eloquenter
1220 684 1292 723 com-

60 775 215 836 mendavit
237 776 374 833 Ernestus
396 775 429 834 in
452 773 672 835 celebratissima
695 777 733 836 ad
758 777 920 858 Stiglizium
946 777 1083 859 epistola,
1113 799 1197 857 quarn
1215 779 1292 837 Cice·

60 893 144 952 mnis
161 890 298 972 operibus
325 890 506 971 praeposuit,
535 890 624 971 digna
651 913 737 981 sane,
758 893 781 951 si
808 892 880 971 quid
898 892 998 966 aliud,
1018 906 1076 951 tam
1094 892 1202 952 illustri
1219 893 1292 953 loco.

61 1009 123 1067 Nec
148 1026 217 1068 vero
241 1006 340 1087 dispar
364 1012 405 1065 es't
430 1006 578 1085 utriusque
604 1007 731 1066 muneris
754 1027 819 1066 cum
841 1008 1036 1088 propositum,
1064 1020 1125 1066 tum
1152 1008 1290 1088 propositi

64 1121 238 1204 perficiendi
258 1121 340 1180 ratio.
380 1121 452 1180 Nam
472 1135 622 1200 utrumque
645 1120 723 1182 valet
737 1120 775 1180 ad
794 1142 897 1183 aevum
920 1123 1071 1201 antiquum
1081 1167 1089 1196 ,
1114 1121 1294 1181 obscuratum

52 1237 151 1297 ¹nobis
168 1235 276 1296 saeculi
300 1235 389 1294 medii
412 1235 562 1310 barbarie,
583 1256 655 1314 quae
674 1236 804 1296 nondum
822 1237 909 1318 plane
926 1237 1009 1318 pulsa
1026 1251 1068 1296 est
1078 1283 1086 1312 ,
1107 1237 1295 1319 aperiendum

64 1365 93 1412 et
110 1350 338 1412 illustrandum:
370 1349 520 1431 perficitur
547 1365 641 1410 autem
670 1372 728 1409 una
751 1350 905 1431 eademque
925 1352 1028 1411 mentis
1039 1351 1202 1427 ‚facultate,
1222 1373 1295 1432 qnae

65 1468 97 1527 in
112 1465 278 1545 judicando
302 1465 448 1540 cernitur,
479 1465 556 1524 unde
585 1467 646 1547 ipsa
674 1465 772 1524 critica
797 1487 902 1526 nomen
924 1465 1020 1526 habet.
1043 1515 1074 1523 ..
1096 1465 1142 1525 Sic
1161 1467 1295 1547 Wytten·

64 1579 202 1640 bachium
225 1580 377 1659 aliquoties
404 1579 504 1640 audivi
529 1579 565 1638 de
594 1581 693 1639 critica
720 1579 924 1654 disserentem,
953 1593 1013 1638 turn
1032 1553 1129 1639 senem
1155 1581 1295 1655 maxime,

64 1699 155 1776 quum
176 1695 374 1777 praelegissem
394 1695 419 1753 ci
429 1693 650 1776 'memorabilem
671 1693 795 1754 Brandis
808 1694 847 1754 ad
861 1695 1009 1774 Heyninm
1024 1693 1190 1774 epistolam,
1211 1715 1296 1775 quam

65 1811 154 1889 hujus
174 1811 250 1871 vitae
270 1810 393 1868 inseruit
409 1809 566 1868 Heerenus.
598 1809 713 1867 Fatetur
732 1808 873 1882 Brandes,
894 1807 1154 1880 Hemsterhusiose
1165 1808 1296 1868 debuisse

66 1945 182 1983 sensum
202 1924 385 2002 studiumque
410 1902 535 1983 Graecae
554 1923 730 1982 venustatis:
762 1923 794 1980 in
817 1923 883 1982 aliis
902 1920 1064 1982 Academiis
1083 1921 1155 1982 alios
1182 1944 1211 1981 se
1230 1938 1297 1983 ante

66 2039 215 2100 audivisse
243 2038 391 2097 literarum
417 2038 565 2112 doctores,
586 2039 618 2096 in
647 2058 768 2117 quorum
790 2037 895 2098 scholis
913 2039 1032 2118 frigeret
1049 2037 1155 2118 plane:
1187 2035 1237 2096 sed
1266 2052 1298 2096 ut

66 2154 188 2215 beidam
207 2155 332 2215 venisset
352 2168 379 2213 et
399 2154 577 2234 cognovisset
600 2152 865 2228 Hemsterhusium,
889 2173 1009 2232 eumque
1027 2151 1063 2210 de
1083 2151 1200 2212 Graecis
1217 2149 1297 2212 andi·

16 2289 25 2293 ·
67 2271 158 2330 visset
181 2268 272 2328 literis
300 2284 327 2328 et
349 2267 466 2349 publice
491 2267 675 2328 disserentem
705 2282 732 2326 et
755 2269 876 2348 privatis
900 2289 995 2327 secum
1019 2266 1198 2326 sermonibus
1215 2287 1297 2347 agen·

65 2398 143 2444 tem:
170 2397 232 2441 tum
252 2385 339 2463 igitur
355 2383 508 2441 incaluisse
527 2403 556 2441 se
575 2383 611 2442 de
630 2370 747 2464 replente
770 2397 855 2461 atque
873 2383 1009 2442 exarsisse
1028 2384 1210 2461 antiquarum
1229 2381 1298 2441 lite-

66 2520 165 2558 rarum
189 2518 301 2572 amore,
333 2511 359 2556 et
386 2499 511 2577 primum
528 2498 686 2577 percepisse
705 2519 735 2556 oa
755 2499 911 2585 divinum,
933 2497 1011 2576 quod
1030 2498 1195 2556 etiamnunc
1214 2518 1298 2577 agno·

66 2620 159 2675 sce'ret
185 2615 218 2673 in
236 2615 357 2672 Homero
377 2626 405 2670 et
427 2611 589 2670 Plutarcho.
612 2659 643 2667 -
665 2613 744 2686 Quae
763 2625 911 2691 postquam
924 2610 1115 2692 praelegeram
1134 2611 1215 2684 seni,
1245 2610 1297 2668 sci·
1351 2599 1356 2606 ⁵

67 2730 156 2804 licet,
178 2730 217 2794 mi
237 2728 348 2787 Heusdi
359 2773 367 2803 ,
389 2726 499 2805 inquit,
518 2725 598 2784 haud
613 2739 671 2784 erat
696 2724 927 2784 Hemsterhusius
953 2724 1005 2784 ille
1016 2772 1024 2801 ,
1048 2715 1103 2784 οἷοι
1124 2722 1176 2784 νῦν
1195 2723 1298 2807 βροτοὶ

61 2843 136 2919 aiot,
154 2847 251 2924 ¹neque
280 2843 364 2903 etiam
383 2842 482 2922 quales
500 2855 569 2900 tunc
588 2855 669 2899 erant
687 2841 781 2900 multi.
821 2840 935 2919 Integer
949 2840 1000 2899 ille
1016 2855 1043 2900 et
1057 2843 1185 2902 sincerus
1204 2864 1220 2902 e
1238 2845 1296 2927 pri·

63 2966 109 3023 sei
131 2962 253 3023 sanitate
272 2960 336 3019 aevi
355 2957 517 3038 prodierat,
538 2955 673 3014 immunis
692 2977 708 3013 a
727 2957 770 3014 sui
791 2954 898 3013 saeculi
909 2958 1089 3036 contagione:
1111 2958 1188 3036 quod
1203 2980 1298 3017 rarum

64 3099 183 3160 semper
207 3076 264 3134 tuit
288 3087 316 3133 et
339 3072 486 3152 singulare
510 3085 678 3130 naturarum
694 3090 791 3149 genus.
830 3068 877 3128 Sic
896 3070 964 3129 item
983 3072 1196 3146 Ruhnhcnius,
1217 3087 1249 3131 ut
1268 3073 1300 3130 in

65 3197 133 3274 ejus
152 3201 217 3251 vita
237 3190 347 3269 scripsi.
378 3187 466 3247 Haud
487 3187 652 3267 percipiunt
673 3184 777 3244 sonum
794 3187 930 3243 divinum
948 3186 980 3244 in
998 3187 1138 3262 Homero,
1157 3188 1189 3245 in
1204 3187 1301 3245 Plato-

65 3330 109 3369 ne
119 3355 129 3385 ,
150 3310 184 3368 in
198 3304 369 3378 Plutarcho,
390 3302 496 3395 quibus
514 3300 546 3359 id
564 3302 686 3360 maxime
706 3300 819 3381 placet,
840 3299 918 3377 quod
939 3320 1046 3360 novum
1064 3316 1106 3360 est
1126 3315 1153 3359 et
1172 3322 1302 3382 praesen·

69 3426 108 3484 tis
130 3423 276 3502 temporis.
313 3417 414 3477 Surdis
434 3430 500 3476 sunt
519 3414 643 3490 similes,
672 3416 722 3495 qui
733 3414 865 3494 judicare
883 3413 920 3472 dc
934 3415 1041 3473 musica
1058 3415 1175 3475 audent.
1200 3462 1231 3473 ..
1250 3417 1303 3475 Fe·

71 3542 146 3603 stive
164 3537 228 3596 'bos
256 3526 417 3615 compclare
446 3532 554 3592 solebat
583 3551 647 3589 cum
676 3551 776 3611 specus
795 3529 936 3588 Platonici
954 3528 1076 3603 incoliS,
1106 3532 1156 3609 qui
1188 3533 1303 3592 umbras

76 3675 169 3714 rerum
190 3663 368 3735 spectarent,
390 3668 433 3706 res
453 3648 635 3729 ignorarent,
661 3658 689 3703 et
707 3644 887 3722 inquirerent
906 3655 998 3700 tamen
1018 3644 1049 3701 in
1068 3628 1134 3703 illas
1155 3648 1255 3707 sedulo
1275 3661 1303 3705 et
1371 3713 1373 3716 ¹

10 3804 14 3819 ·
77 3770 240 3850 diligenter.
272 3766 308 3824 Et
323 3764 463 3845 profecto,
498 3762 548 3840 qui
568 3760 725 3840 praesentis
744 3757 873 3816 inclusus
890 3757 954 3815 aevi
969 3740 1123 3837 angustiis,
1148 3761 1218 3819 hinc
1237 3761 1303 3818 exi-v

79 3887 192 3945 stimate
211 3882 247 3942 de
266 3880 392 3959 antiquis
416 3878 555 3949 sustinet,
578 3874 708 3933 umbram
723 3874 747 3931 is
761 3867 866 3930 ¹cernet
884 3870 1084 3948 antiquitatis,
1103 3875 1302 3953 antiquitatem

75 3999 229 4081 ignorabit.
269 3993 459 4070 Quamobrem
488 4012 540 4048 nec
568 3990 662 4048 critici
687 3987 805 4048 dicendi
830 3998 915 4059 sunt,
945 3988 994 4064 qui
1017 3989 1153 4070 neglectis
1173 4002 1301 4049 veterum

73 4115 207 4196 scriptis,
226 4111 336 4173 rivulos
353 4109 461 4169 adeunt
481 4106 674 4179 novitiorum,
697 4117 728 4163 ut
746 4102 815 4161 hine
834 4120 1002 4179 cognoscere
1023 4104 1220 4182 antiquitatem
1239 4106 1322 4193 ⁸⁸lts
1333 4130 1377 4205 24·

71 4230 181 4292 deant.
203 4249 255 4288 nec
274 4246 342 4289 vero
362 4225 407 4285 illi
424 4224 525 4295 etiam,
545 4221 675 4300 quamvis
692 4219 779 4297 vulgo
792 4216 845 4275 hoc
864 4217 982 4276 nomine
1002 4219 1153 4293 dicantur,
1174 4241 1225 4297 qu,
1219 4206 1324 4325 Ἦ
1349 4200 1365 4231 ..·.

72 4346 154 4406 diose
181 4356 304 4404 tractant
323 4355 451 4402 veterum
478 4337 600 4417 scripta,
627 4353 679 4393 nec
697 4345 806 4392 cessant
824 4345 918 4389 tamen
937 4346 1064 4411 tempora
1084 4353 1180 4391 eornm
1198 4322 1308 4411 adt-gp„

985 4446 1020 4502 2*
