2796 5048
58 424 128 483 pram
148 406 288 487 opinari?
308 446 343 456 -
362 405 400 464 Et
416 406 469 465 hoc
488 426 600 466 necesse
615 420 666 466 est.
687 447 722 456 -
741 404 844 463 Nonne
852 402 950 483 {gitur
966 403 1115 485 complecti
1134 416 1264 463 etamre

58 504 240 569 tos-dicemus
258 524 305 580 ea,
327 505 360 563 in
369 504 475 583 quibus
484 505 626 584 cognitio,
644 504 710 564 illos
724 524 807 578 vero,
823 503 855 560 in
872 498 979 585 (1¹¹le
997 501 1097 583 opinio
1117 513 1263 560 versatur:

58 618 144 662 nonne
161 604 239 662 enim
248 603 460 661 reminiscimur
470 646 479 679 ,
499 600 606 661 dixisse
617 623 669 661 nos
679 647 688 676 ,
707 600 773 660 illos
784 613 812 658 et
820 598 939 659 vocibus
949 613 977 659 et
986 598 1131 658 coloribus
1141 612 1169 658 et
1180 596 1265 656 rebus

58 697 189 759 incilibus
206 701 271 781 capi
289 700 380 779 iisque
389 699 526 758 delectari
545 700 648 775 unice,
669 701 763 780 ipsum
774 718 842 758 vero
853 697 986 778 pulcrum
995 710 1032 757 tte
1042 698 1116 756 ferre
1127 695 1264 774 quidem,

62 794 153 876 tiqnis
168 818 227 857 esse
240 797 422 859 contendat?
452 835 486 845 -
516 792 717 857 Recordemur.
747 840 781 848 -
811 789 871 876 M'l
893 787 945 887 priv
964 818 992 855 τι
1013 787 1261 878 πλημμελήσομεν

716 890 730 915 ‘l

66 890 259 975 φιλοδόξους
277 895 429 968 καλοῦντες
450 889 556 969 mitoda
576 895 688 973 μᾶλλον
708 920 728 978 η
750 890 945 978 φιλοσόφονςς
967 920 1041 957 num
1057 906 1161 981 igitur
1180 899 1264 954 abar·
1291 973 1293 977 Ι

67 998 1264 1111 nurimueovero,opinionisilloemogir,quomaeppientiaeomffloe

69 1096 250 1175 appellentes?
270 1128 304 1139 ·-
321 1096 408 1174 Atqui
427 1096 587 1155 irascentur
605 1095 690 1155 nobis
694 1098 891 1207 &chementer
901 1145 910 1175 ,
930 1099 954 1157 si
973 1097 1027 1156 hoc
1048 1094 1215 1203 dixerim*
1230 1136 1265 1146 .-

61 1194 117 1255 dlon
132 1196 238 1255 facient
247 1240 256 1269 ,
277 1193 418 1275 siquidem
436 1194 508 1253 mihi
527 1209 647 1274 pareant
658 1217 753 1254 :nam
772 1197 886 1257 veritati
905 1197 998 1271 irasci,
1007 1215 1067 1253 non
1088 1192 1190 1252 licet.·u
1207 1189 1236 1272 l)

99 1291 184 1372 tllrgo
202 1294 226 1352 si
247 1312 262 1350 a
282 1292 400 1351 caeteris
418 1291 552 1351 omnibus
570 1290 746 1372 distinguere
767 1294 953 1376 philosophos
969 1293 1117 1365 mlimus,
1144 1289 1198 1350 hoc
1218 1300 1264 1351 ee-

67 1407 177 1466 tctnus,
206 1391 247 1450 ait
273 1389 418 1464 Socrates,
438 1411 531 1449 amare
550 1411 596 1450 eos
615 1389 802 1471 disciplinam
820 1406 958 1473 perpetuo
968 1437 977 1467 ,
998 1413 1053 1471 qua
1073 1391 1144 1471 ipris
1161 1402 1263 1449 natura

65 1504 140 1547 mm
158 1502 233 1548 certa
252 1502 280 1557 et
298 1500 451 1563 constans,
482 1509 535 1547 nec
555 1489 736 1568 generatione
754 1503 804 1548 aut
822 1490 1004 1572 corruptione
1025 1502 1132 1548 mutata
1142 1533 1151 1563 ,
1179 1489 1230 1569 psst
1247 1519 1265 1533 -

65 1580 119 1643 fit:
137 1599 163 1646 et
179 1598 250 1648 rero'
267 1606 360 1645 amare
380 1606 427 1665 eos
444 1585 525 1668 illam
541 1598 647 1660 totam,
670 1568 762 1666 ndque
780 1587 816 1647 ab
836 1589 897 1666 ejus
915 1602 996 1668 parte
1016 1589 1077 1648 sive
1096 1608 1186 1669 parva
1201 1588 1224 1646 s'

59 1683 167 1760 pejore,
195 1684 256 1744 sive
273 1683 378 1744 viliore
395 1682 457 1775 sige
476 1683 656 1743 honoratiore
676 1699 776 1766 sponte
794 1686 955 1761 abstinere,
976 1701 1062 1768 prout
1080 1687 1113 1745 in
1132 1687 1263 1767 superio-

63 1776 128 1840 ribus
152 1780 189 1840 de
216 1780 379 1841 amantibus
407 1792 436 1840 et
462 1779 619 1840 ambitiosis
639 1780 777 1843 diximus.
818 1784 880 1845 Hoc
897 1797 991 1843 eutem
1011 1797 1155 1866 praeterea
1174 1783 1262 1857 vide,

62 1890 118 1938 mm
134 1878 206 1959 quid
225 1900 338 1938 necesse
358 1880 395 1938 sit
415 1893 532 1938 naturae
554 1899 650 1937 eorum
671 1881 782 1955 inesse,
810 1882 860 1960 qui
881 1881 952 1941 tales
973 1883 1064 1940 futuri
1085 1881 1162 1956 sint,
1193 1902 1261 1960 qua·

62 1964 304 2039 toleravimus?
326 2020 359 2047 ,-,,.
384 1977 478 2051 Quale
497 1975 600 2037 istud?
622 2021 654 2030 -
684 1978 725 2037 Ut
743 2000 760 2037 a
778 1978 929 2038 mendacio
948 1979 1038 2039 alieni
1060 1980 1137 2054 sint,
1168 1978 1259 2040 illud·

63 2088 105 2149 que
120 2076 200 2136 nullo
216 2075 300 2158 modo
315 2076 486 2160 accipiant,
507 2076 558 2137 sed
575 2075 690 2135 oderint
699 2124 708 2154 ,
729 2079 878 2137 veritatem
898 2099 966 2138 vero
984 2077 1119 2158 diligant.
1140 2116 1175 2125 -
1194 2078 1260 2136 Pro·

64 2164 139 2233 btbile
155 2189 206 2234 est.
227 2217 258 2226 -
279 2175 344 2263 Npp
363 2173 454 2232 solum
471 2173 622 2255 probabile
640 2188 697 2249 est,
719 2197 735 2235 o
751 2175 859 2250 amice,
880 2176 930 2236 sed
947 2175 1034 2258 plane
1052 2175 1259 2249 necessarium,

66 2284 128 2348 tum,
150 2274 202 2352 qui
219 2272 322 2355 naturA
337 2269 450 2352 aliquid
467 2272 588 2354 diligat,
610 2238 762 2353 quidquid
777 2252 874 2334 ‘nato
894 2288 1045 2354 cognatum
1065 2275 1102 2333 sit
1121 2295 1153 2332 ac
1172 2274 1260 2332 fami-

67 2364 132 2446 ltre,
159 2371 245 2431 simul
264 2354 450 2450 diligereff-
479 2373 576 2431 Recte.
598 2414 629 2423 -
658 2371 734 2430 Num
754 2373 912 2454 sapientiae
928 2372 1000 2453 quid
1019 2373 1153 2434 invenias
1167 2346 1282 2467 fami-3*

68 2462 156 2546 ien'ue,
176 2492 261 2551 quam
280 2469 454 2530 veritatem?
471 2509 505 2518 -
526 2471 589 2545 Quo
604 2467 721 2528 tandem
738 2471 844 2530 modo?
856 2515 888 2524 -
911 2471 1026 2530 Fierine
1045 2471 1133 2550 igitur
1148 2483 1257 2551 potest,

69 2567 192 2627 tteadem
212 2582 314 2628 natura
334 2559 499 2647 φιλόσοφος
517 2569 562 2628 sit·
575 2582 603 2628 et
622 2561 820 2650 φιλοψευδήςς
847 2571 1017 2650 sapientiam
1036 2583 1110 2628 amet
1128 2582 1156 2627 et
1174 2589 1258 2628 men-

70 2656 179 2728 hoium?
200 2702 233 2712 -
263 2668 329 2727 Non
356 2683 458 2750 potest.
480 2712 512 2722 -
543 2668 618 2748 Ergo
643 2669 776 2730 discendi
797 2666 937 2751 cupidus,
968 2687 1082 2724 necesse
1102 2680 1161 2741 est,
1191 2679 1258 2725 uta

71 2760 130 2824 hero
153 2764 225 2825 inde
250 2787 363 2825 omnem
383 2769 532 2828 veritatem
552 2766 735 2826 vehementer
754 2780 878 2849 appetat.
899 2806 934 2815 -
962 2766 1088 2824 Prorsus.
1110 2803 1142 2811 -
1171 2765 1258 2842 Atqui

72 2861 121 2938 pud
137 2884 221 2944 quem
238 2863 410 2945 cupiditates
428 2867 460 2925 in
480 2879 589 2925 certum
609 2865 753 2945 quoddam
770 2867 955 2939 ,vehementer
971 2860 1116 2938 tendunt,
1136 2863 1258 2937 scimus,

73 2974 94 3016 ts
116 2963 146 3022 in
173 2962 231 3022 alia
260 2964 356 3021 omnia
383 2963 492 3023 lentius
519 2954 755 3045 §recedereflut
785 2965 892 3024 flumen
922 2963 994 3022 illuc
1024 2961 1196 3022 derivatum.
1225 2999 1260 3010 -

75 3058 177 3128 tridui?
200 3102 230 3112 -
252 3060 340 3143 Apud
358 3083 441 3141 quem
461 3064 549 3143 igitur
568 3062 606 3123 ad
624 3062 794 3144 disciplinas
813 3076 840 3121 et
861 3062 968 3122 similia
987 3062 1081 3120 omnia
1100 3073 1259 3142 proruunt,

76 3144 131 3216 hius
148 3172 278 3240 spectant
294 3159 387 3218 animi
409 3160 602 3243 voluptatem,
635 3161 760 3241 corporis
780 3183 839 3220 non
859 3173 1006 3242 spectant:
1039 3159 1180 3240 siquidem
1200 3180 1259 3219 non

78 3250 116 3314 leo
131 3258 195 3337 quis
213 3257 264 3330 sit,
285 3256 336 3316 sed
357 3264 423 3318 vere
441 3258 640 3339 philosophus.
660 3299 694 3310 -
715 3259 898 3341 Summopere
918 3279 1032 3318 neccsse
1052 3272 1102 3318 est.
1124 3297 1158 3308 -
1178 3258 1259 3316 Tem·

80 3366 143 3413 trans
169 3355 258 3436 igitur
283 3355 350 3414 talis
375 3355 460 3429 homo
481 3358 536 3416 erit
555 3357 729 3434 minimeque
748 3359 887 3443 pquniae
908 3357 1048 3438 cupidus:
1081 3359 1163 3434 cujus
1182 3357 1260 3415 enim

83 3450 238 3607 *invulgo
256 3467 285 3514 et
302 3453 486 3532 acquirendis
506 3468 534 3512 et
552 3453 751 3535 expendendis
768 3457 899 3536 pecuniis
916 3456 1066 3530 studetur,
1097 3455 1129 3513 id
1146 3453 1260 3514 studere

84 3542 92 3600 l
144 3554 277 3633 quemvis
296 3552 403 3631 magis,
417 3547 518 3632 'quam
537 3551 641 3625 illum,
673 3551 779 3612 deceat.
800 3594 836 3604 -
863 3555 997 3614 Omnino.
1019 3593 1054 3603 -
1084 3554 1122 3612 Et
1141 3574 1208 3612 vero
1228 3554 1262 3614 id

84 3639 128 3705 itm
150 3651 333 3711 eonn'derare
358 3672 395 3732 op
430 3665 486 3727 ¹et,
525 3651 549 3709 si
576 3649 737 3710 discernere
763 3650 963 3732 philosopham
991 3665 1122 3710 naturam
1147 3653 1183 3711 ab
1209 3673 1259 3727 ea,

81 3756 111 3797 ¹¹²²
127 3767 190 3809 non
210 3751 266 3823 sit,
285 3750 368 3810 velis.
440 3789 475 3797 -
495 3748 575 3824 Quid
595 3747 732 3809 tandem?
755 3793 786 3800 -
807 3750 849 3808 Ne
869 3751 960 3829 fugiat
978 3764 1025 3825 te,
1054 3750 1260 3813 illiberalitatis
1312 3757 1314 3763 '

76 3837 386 3929 ¹¹lesse²participem:
406 3847 645 3928 pusillanimitate
662 3847 739 3905 enim
758 3847 837 3907 nihil
856 3849 943 3927 magis
974 3849 1148 3907 eontrarium
1164 3850 1260 3908 animo

69 3937 88 4002 b
116 3947 177 4024 qui
206 3966 251 4004 res
276 3966 373 4005 omnes
392 3944 509 4006 divinas
530 3959 558 4004 et
581 3946 721 4005 humanas
740 3959 811 4005 totas
829 3946 925 4006 studet
944 3947 1088 4027 amplecti.
1109 3984 1145 3996 -
1178 3944 1259 4005 Nihil

62 4025 175 4104 osecto.
195 4085 230 4095 -
251 4046 305 4105 Cui
324 4066 392 4105 vero
412 4045 500 4104 menti
521 4045 741 4124 magnanimitas
757 4047 873 4128 propria
893 4059 934 4105 est
954 4047 1102 4126 omnisque
1123 4046 1260 4125 temporis

58 4171 294 4210 κ...-
380 4199 383 4205 -
425 4232 428 4236 .

58 4239 155 4322 θῦε
171 4272 232 4340 rep.
250 4270 280 4322 v.
299 4270 357 4323 roo.
376 4269 409 4321 A.

58 4329 204 4415 'Aetius
228 4379 253 4430 p.
272 4363 322 4416 535
352 4379 399 4431 pro
423 4349 511 4437 quiem
531 4349 700 4438 φιλόσοφον
718 4367 823 4433 scripsit
844 4351 1025 4439 φιλοσόφου,
1048 4369 1170 4511 reuertit
1188 4368 1258 4420 Fici·
1296 4326 1298 4330 A

58 4440 63 4485 ἶ
88 4452 184 4505 mini
202 4455 307 4525 vulgata
325 4456 418 4522 lectio,
439 4461 534 4528 quippe
552 4462 627 4512 unice
645 4459 800 4524 Platonica,
820 4459 1055 4581 servanda⁴ideto
