2796 5048
697 209 733 266 71

96 367 209 427 comedi
218 368 365 440 furorem
381 368 550 427 berecinthiae
566 389 585 425 α
602 366 677 428 Diis
694 370 735 427 ed
747 378 911 428 maximam
930 392 1032 429 corum
1041 372 1231 446 felicitatem
1246 374 1326 432 dett.

97 466 153 525 Nos
171 484 244 524 vero
261 462 447 525 subsistamus
464 464 514 525 hic
532 465 688 547 paulisper.

165 656 283 727 Divino
299 667 413 736 impetu
430 666 543 739 optineo
561 682 692 741 quaeque
709 668 743 719 ic
760 663 913 721 domnum
929 685 1039 743 genere
1056 673 1257 723 exstiterunt:
1309 694 1312 701 ·

520 763 554 831 de
581 751 776 821 ἕνθονσιοῖσα
789 770 910 821 amoris.

133 953 210 1013 Nam
227 952 305 1035 quod
321 953 407 1014 modo
424 953 461 1015 dc
485 957 589 1044 Pythia
608 959 778 1021 memorarit
786 1004 796 1035 ,
816 956 956 1038 ejusmodi
980 969 1042 1032 est,
1062 969 1095 1015 ut
1121 971 1246 1017 mentem
1272 979 1330 1019 no-

90 1066 183 1117 stram
200 1065 289 1111 totam
306 1051 446 1113 advertat.
488 1055 578 1117 Multi
607 1044 648 1117 sic
677 1058 757 1139 loqui
787 1055 831 1116 de·
852 1054 976 1115 oraculis
994 1054 1107 1128 solent,
1135 1056 1216 1133 quasi
1236 1069 1328 1117 totum

91 1151 243 1230 negotium
255 1149 407 1211 fraudibus
422 1151 663 1233 tribuendumsit
679 1154 871 1228 sacerdotum,
886 1154 937 1232 qui
952 1153 1099 1234 Pythiam,
1116 1153 1213 1212 nescio
1228 1175 1327 1233 quam,

90 1245 304 1321 furibundam,
325 1248 387 1308 sive
412 1249 595 1315 simulantem
613 1253 740 1312 furorem
758 1252 873 1334 populis
892 1250 1112 1332 proposuerint:
1134 1270 1190 1329 quo
1218 1251 1330 1311 scilicet

90 1347 185 1426 magis
203 1345 260 1425 ipsi
276 1343 397 1404 consilia
415 1346 587 1427 perlicerent
607 1372 658 1410 sua
677 1350 782 1411 divina
804 1350 982 1409 auctoritate.
1024 1349 1104 1422 Quae
1124 1347 1252 1428 vulgaris
1273 1349 1329 1409 ho-

89 1447 208 1511 minum
227 1442 369 1502 sententia
387 1458 440 1502 nec
460 1467 476 1504 a
499 1447 591 1527 poetis
616 1448 772 1529 probatur,
792 1449 842 1527 qui
861 1446 1013 1526 Pythiam,
1034 1444 1195 1524 Sibyllam,
1222 1446 1330 1507 similes

90 1556 194 1618 vates,
219 1558 251 1603 ut
264 1533 401 1614 ἐνθέους,
422 1543 481 1602 Deo
496 1544 598 1624 plenas
615 1545 780 1605 celebrant:
798 1559 827 1604 et
845 1526 987 1604 refdtatur
1005 1543 1093 1624 plane
1109 1543 1228 1622 antiqua
1241 1544 1329 1604 Grae·

89 1661 194 1699 corum
212 1640 352 1717 histonii,
369 1642 402 1701 in
420 1663 476 1721 qua
499 1641 598 1703 eadem
622 1643 674 1702 illa
697 1643 801 1723 Pythia
824 1642 899 1701 rexit
919 1641 1006 1721 plane
1029 1662 1074 1699 res
1092 1640 1274 1702 Graecorum.
1299 1641 1330 1722 l)

89 1736 214 1797 Scilicet
231 1740 332 1819 negari
350 1740 469 1819 nequit,
494 1739 611 1801 fraudes
630 1762 712 1821 saepe
732 1741 892 1799 commissas
910 1759 968 1797 esse
987 1738 1142 1819 posteriore
1169 1739 1201 1798 in
1227 1741 1329 1821 primis

89 1849 206 1911 aetate,
224 1857 258 1897 ac
276 1837 365 1897 fuisse
382 1837 463 1918 apud
481 1837 622 1912 Graecos,
643 1853 675 1897 ut
693 1837 771 1918 apud
797 1836 894 1896 nullos
913 1857 973 1894 non
991 1835 1130 1916 populos,
1152 1836 1240 1897 falsos
1258 1860 1328 1919 pro-

87 1934 214 2016 phetas,
234 1936 285 2015 qui
304 1936 427 1995 afflatum
455 1935 624 1995 simularent
647 1936 799 2010 divinum,
821 1935 876 2015 ipsi
902 1935 1042 2014 frigerent
1068 1935 1131 1992 auri
1157 1935 1325 2015 cupiditate.

88 2037 133 2095 At
150 2054 219 2094 vero
239 2035 281 2093 uti
299 2033 378 2115 apud
396 2034 516 2113 tragicos
534 2035 658 2092 occurrit
677 2032 854 2107 Cassandra,
873 2029 905 2112 2)
924 2031 1002 2111 apud
1021 2030 1178 2112 Virgilium
1197 2031 1326 2113 Sibylla,

88 2132 134 2190 sio
165 2132 293 2212 profecto
321 2131 443 2213 Delphis
469 2129 627 2210 aliquando
651 2131 763 2212 poitico
785 2130 880 2189 afflatu
899 2130 1004 2211 agitata
1022 2130 1079 2189 fuit
1096 2128 1209 2209 Pythia.
1261 2133 1325 2191 Gar-

88 2231 175 2289 mina
193 2229 315 2289 canebat
332 2231 412 2311 ipsa,
433 2245 461 2289 et
479 2243 555 2288 totus
573 2227 625 2287 ille
644 2229 723 2289 locus
742 2229 824 2309 puisi
838 2228 925 2308 plane
942 2227 1126 2308 congruebat.
1167 2227 1244 2289 Ludi
1262 2229 1326 2289 11110

88 2327 239 2387 celebrari
258 2327 388 2389 solebant
401 2328 547 2408 gymnici,
569 2341 601 2385 ut
609 2327 778 2408 Olympiae,
799 2328 939 2402 Nemeae,
962 2327 995 2387 in
1010 2326 1117 2386 Isthmo
1133 2326 1326 2403 Corinthiaco,

89 2426 146 2487 sed
175 2425 239 2485 illic
268 2427 301 2485 in
324 2427 426 2507 primis
454 2433 572 2485 maciei.
624 2425 684 2483 lmo
710 2446 778 2485 vero
800 2426 833 2485 in
853 2426 962 2486 vicinia
981 2438 1042 2484 erat
1060 2446 1141 2484 mons
1159 2426 1326 2501 Parnassus,

88 2522 177 2583 sedes
193 2523 361 2599 Musarum,
382 2523 418 2583 ab
438 2523 572 2583 omnibus
600 2521 761 2581 celebratus
779 2523 872 2582 omnis
900 2523 964 2583 aevi
991 2524 1093 2603 poetis.
1116 2520 1147 2603 3)
1169 2523 1227 2582 Νο0
1255 2525 1326 2585 sinit

89 2642 147 2681 nos
165 2620 298 2680 dubitare
317 2621 425 2689 dehac
445 2642 475 2679 re
495 2621 638 2680 sententia
658 2619 803 2693 Platonis,
822 2621 989 2700 gravissima
1004 2641 1072 2679 sane
1092 2635 1120 2680 et
1139 2621 1325 2681 evidentissi-

88 2740 138 2780 me
156 2719 320 2778 enunciata.
342 2721 413 2778 Nam
426 2717 504 2799 quod
524 2716 560 2776 de
581 2718 672 2797 poetis
690 2718 884 2798 pronunciat,
903 2716 981 2776 idem
1000 2718 1151 2777 contendit
1169 2717 1205 2805 de
1220 2720 1324 2800 Pythia
1386 2738 1389 2742 ’

88 2816 293 2895 similibusque
318 2818 452 2896 poetriis:
483 2816 616 2894 μανεῖοαι
640 2811 697 2893 μὲν
722 2808 816 2875 πολλοὶ
838 2808 878 2896 tq*
898 2813 948 2875 aot
967 2809 1041 2875 nolti
1062 2811 1126 2900 ἰδίᾳ
1145 2837 1177 2875 τε
1196 2815 1247 2876 καὶ
1268 2817 1327 2900 try-e

89 2912 187 3003 μοοίρι
206 2909 261 2996 τήν
279 2907 401 2977 mdo
420 2909 602 2999 eipydoorto·
624 2915 830 3000 σωφρονοῦσαν
853 2913 903 2992 δὲ,
927 2911 1058 2998 βραχέα,
1080 2911 1102 2999 ἢ
1122 2911 1260 3002 citat)
1277 2922 1325 2983 Sic

90 3019 173 3101 poisi
201 3018 361 3077 intercessit
390 3019 548 3098 antiquitus
576 3041 640 3078 cum
669 3020 788 3101 politica
816 3021 1002 3099 conjunctio,
1041 3020 1202 3080 intercessit
1230 3034 1324 3089 aum

91 3119 221 3200 pariter,
257 3114 336 3194 quod
370 3115 419 3175 htc
458 3116 541 3175 nobis
570 3117 879 3194 animadvertendum,
916 3140 981 3178 cum
1010 3117 1202 3199 philosophia.
1252 3119 1324 3178 Nam

93 3218 134 3277 sic
151 3236 238 3296 porro
264 3213 337 3273 dicit
354 3211 391 3272 de
410 3234 502 3273 amore
522 3215 667 3290 Socrates,
696 3216 736 3291 sic¹
756 3217 848 3301 Deum
867 3216 993 3278 celebrat
1012 3215 1130 3277 sublimi
1155 3216 1323 3296 palinodil,

96 3329 126 3372 ut
152 3315 216 3394 ipse
242 3311 393 3386 videatur,
424 3311 497 3371 vatis
524 3314 634 3389 instar,
660 3313 764 3399 divino
788 3315 883 3374 afflatu
908 3316 1041 3395 agitatus.
1081 3312 1182 3388 Θεῖος,
1208 3315 1322 3394 inquit,

96 3403 183 3473 1οαον
213 3402 233 3471 o‘
263 3398 356 3483 τόπος
386 3401 469 3471 εἶναι·
497 3410 619 3472 divinus
652 3415 774 3473 videtur
808 3415 857 3475 liic
892 3415 973 3472 locus
1002 3438 1081 3475 eece:
1110 3414 1190 3474 baud
1219 3415 1325 3473 mirum

124 3590 150 3657 1)
168 3591 256 3643 Monui
276 3590 324 3641 hac
337 3589 370 3640 de
387 3604 415 3640 re
430 3589 455 3639 in
473 3588 556 3639 Dicte.
569 3589 597 3638 in
613 3589 723 3639 cicitms
737 3589 866 3656 conquas,
883 3587 1141 3641 commentationibus
1156 3590 1253 3642 inserta
1267 3597 1324 3670 ter7

97 3679 141 3730 tice
163 3676 256 3728 classis
275 3674 356 3725 Instit.
370 3673 444 3742 Belg.
459 3674 492 3721 11.
506 3689 531 3738 p.
547 3671 588 3722 20,

84 3826 87 3839 ἱ
122 3761 150 3826 2)
172 3761 227 3814 cic.
240 3761 358 3813 dellicin.
372 3759 390 3810 l.
407 3757 449 3810 31.

121 3849 149 3916 3)
170 3849 259 3914 Eurip.
276 3846 341 3897 lone.
356 3843 398 3896 82.
417 3853 443 3895 et
462 3844 564 3910 passim.

120 3935 149 4002 t)
171 3933 225 3986 cic.
244 3935 273 3984 dc
294 3933 377 3983 Dicin.
399 3930 418 3981 1.
442 3929 482 3980 18.
501 3926 542 3978 19.
561 3927 602 3979 31.
619 3926 660 3979 37.
679 3935 705 3980 01
723 3928 781 4002 loca
794 3938 910 3982 veterum
928 3931 1042 3982 allecia.
1062 3931 1146 3983 allata.
1165 3931 1239 3983 Adde
1257 3931 1323 3995 etat.

89 4025 239 4084 Timaeolt.
254 4027 284 4077 E.
303 4009 401 4077 incede
429 4010 464 4074 ts*
489 4016 627 4093 σημεῖον,
650 4007 691 4086 aig
715 4010 856 4096 μαντικήν
877 4009 1031 4100 ἀφροσύνῃ
1054 4010 1126 4088 θεὸς
1148 4009 1324 4101 ἀνθρωπίνῃ

80 4115 234 4183 δέδωκεν·
266 4112 360 4191 οὐδεὶς
390 4110 447 4198 γαρ
480 4107 577 4188 ἔννους
610 4109 768 4195 ἐφάπτεται
799 4116 940 4196 μαντικῆς
970 4112 1077 4178 ἐνθέου
1108 4115 1156 4178 καὶ
1182 4111 1323 4198 ἀληθοῦς.

77 4219 144 4283 Huc
169 4231 231 4280 item
252 4231 363 4297 pertinet
390 4212 408 4280 ὀ
434 4211 558 4291 comedi
583 4216 698 4296 μῦθος,
728 4244 802 4296 quem
824 4200 949 4281 memorat
974 4229 1048 4280 Plato
1072 4231 1101 4279 de
1123 4228 1194 4296 Leyy.
1218 4228 1274 4280 719.
1295 4229 1323 4285 C.

75 4310 136 4385 ὅτι
159 4315 297 4402 ποιητής,
321 4313 433 4381 ὁπόταν
454 4318 486 4381 ἒν
506 4319 551 4405 epi
572 4318 718 4404 animodi
744 4319 808 4402 τῆς
832 4313 962 4402 Μούσης
987 4316 1162 4398 καθίζηται,
1184 4312 1251 4381 τότε
1274 4314 1324 4381 οὖν

75 4409 220 4507 ἔμφρων
240 4420 334 4498 ἐστὶν,
356 4413 417 4485 οἷον
438 4420 473 4483 δὲ
487 4415 586 4505 ,κρήνη
608 4445 652 4496 τις
672 4417 709 4484 td
731 4415 814 4482 ἐπιόν
834 4417 893 4505 ῥεῖν
914 4416 1039 4500 ἑτοίμως
1060 4418 1104 4504 ἑᾷ.
