2774 5048
674 248 734 308 230

97 402 225 498 pliriam,
255 434 328 494 quae
344 412 395 488 id,
414 411 492 491 quod
509 425 568 486 est,
599 430 652 470 nec
671 410 782 490 percipi
803 409 894 468 oculis
913 421 1025 489 potest,
1044 420 1168 488 spectet,
1204 408 1297 489 Quodsi

96 514 161 593 quis
178 514 239 574 sive
257 533 367 572 sursum
386 510 520 586 inhians,
541 510 601 571 sire
620 528 775 568 conversus
793 506 943 582 deorsum,
964 526 1081 580 eorum,
1100 524 1176 584 quae
1184 505 1298 605 κατίοι

96 608 215 690 patent,
234 609 346 689 aliquid
364 609 512 690 percipere
529 603 642 680 studet,
664 625 717 663 nec
736 605 931 664 discere-eum
948 602 1222 664 dico-scientiam
1234 604 1298 673 erin

95 729 194 767 eorum
222 729 280 767 esse
307 707 417 766 nullam
437 745 471 756 -
491 727 544 765 nec
563 726 675 764 sursum
693 705 754 781 ejus
774 718 918 779 mentem,
939 701 989 762 sed
1011 700 1147 761 deorsum
1166 715 1296 782 spectare,

97 807 206 865 etiamsi
236 807 387 886 resupinus
415 805 448 863 in
475 818 566 862 terrae
593 803 676 861 litore
697 801 744 860 vel
765 803 850 861 maris
869 821 990 881 aequore
1004 802 1125 877 jacens,
1154 798 1297 878 quidquam

96 904 283 984 perceperit.»
304 902 416 978 Quibus
424 903 592 961 monitusac
603 899 791 982 reprehensus
800 900 910 960 Glauco
919 947 928 976 ,
946 882 1152 979 adripe-izos,
1171 904 1296 977 peccori,

97 1002 210 1080 inquit,
240 1003 339 1061 merito
366 1020 410 1058 me
435 998 646 1080 reprehendisti
656 1022 664 1073 3
696 997 747 1057 sed
759 1019 837 1077 quae
853 1013 894 1059 est
913 1001 987 1059 ratio
1006 999 1297 1110 discendnaestrom-

97 1100 187 1175 miae,
216 1114 428 1181 praeteream,
456 1117 542 1177 quam
564 1097 613 1155 isti
638 1111 814 1174 sequuntur,
845 1098 868 1157 si
889 1100 951 1177 ejus
969 1098 1054 1158 nobis
1073 1096 1202 1180 cognitio
1217 1090 1296 1155 situl

96 1220 127 1257 ea
139 1243 148 1272 ,
177 1218 248 1277 quae
272 1196 412 1271 dicimus,
442 1196 616 1276 profutura?
639 1239 671 1248 -
692 1193 738 1253 ld
765 1194 835 1255 haec
863 1196 1018 1277 respondet
1045 1196 1195 1257 Socrates:
1215 1188 1296 1254 τοῦτο

94 1292 150 1374 μὲν
174 1289 213 1356 roi
240 1292 272 1354 ἐν
297 1293 341 1379 τῷ
365 1288 483 1379 οὐρανῷ
502 1290 690 1371 ποικίλματα,
714 1289 828 1374 ἐπείπερ
851 1290 884 1354 ἐν
905 1287 1009 1380 ὁρατῷ
1027 1291 1220 1370 officialem,
1237 1284 1295 1355 adl·

94 1403 178 1465 λιστα
202 1392 258 1475 μὲν
283 1390 420 1478 ἡγεῖσθαι
445 1394 493 1455 καί
519 1389 714 1477 ἀκριβέστατα
739 1395 799 1455 τῶν
819 1389 960 1457 τοιούτων
980 1391 1075 1478 ἔχειν,
1097 1396 1161 1458 ταῖν
1183 1392 1219 1459 δὲ
1236 1389 1294 1476 αδορ-

95 1500 190 1562 θινῶν
216 1494 289 1559 nolti
317 1496 422 1573 ἐνδεῖν,
450 1487 491 1559 ὦν
514 1492 551 1559 w*
578 1491 615 1559 δν
640 1491 733 1576 τάχος
757 1497 805 1558 καί
831 1493 852 1579 η’
879 1491 954 1560 οὖσα
973 1494 1127 1581 βραδυτής
1146 1498 1195 1560 καί
1216 1494 1294 1581 ίντᾷ

96 1598 232 1687 ἀληθινῷ
252 1596 377 1685 ἀριθμῷ
395 1599 443 1662 καί
464 1600 534 1661 πᾶσι
556 1603 617 1674 τοῖς
638 1593 764 1681 α’ληθὲοι
787 1594 921 1682 σχήμασι
944 1596 1040 1682 φοράς
1060 1624 1091 1662 τε
1113 1594 1291 1685 πρδςᾶλδρία

97 1700 215 1786 φέρεται
240 1702 288 1764 καί
313 1697 350 1764 τα
379 1695 483 1763 ἐνόντα
510 1698 605 1784 φέροι·
632 1706 660 1787 l)
690 1698 709 1762 ii
736 1697 775 1783 δὴ
802 1696 881 1789 λόγῳ
907 1702 964 1782 μὲν
989 1704 1037 1765 καὶ
1063 1702 1180 1790 διανοίᾳ
1199 1695 1289 1785 lipari,

98 1802 166 1883 ὄψει
193 1803 221 1868 δ’
241 1797 289 1866 ori·
311 1800 331 1887 ἢ
351 1799 396 1866 οδ
409 1801 475 1881 οἴει,Ι
499 1800 661 1883 Οὐδαμῶς,
684 1799 758 1886 ἔφη·
779 1809 1011 1866 existimandum
1040 1818 1102 1883 ort,
1118 1794 1208 1881 lior,
1232 1826 1288 1885 ριον

96 1922 130 1969 τ’τι
156 1911 231 1969 αοαίο
259 1912 377 1983 luceret,
409 1917 535 1987 specics,
557 1920 592 1967 ut
608 1896 642 1966 ίιι
661 1912 719 1967 loco
740 1908 913 1965 visibili
933 1908 1136 1982 informatos,
1152 1908 1288 1984 pulcerri-

97 2031 161 2068 τηατ
199 2031 268 2067 roae
305 2014 436 2066 omnium
465 2030 543 2081 esse,
583 2010 633 2066 sed
661 2009 744 2086 longo
775 2008 889 2079 obesae,
930 2016 966 2063 ut
993 2007 1068 2063 tales
1094 2012 1176 2079 rint,
1205 2004 1288 2083 quoles

96 2130 232 2181 verae,
273 2127 403 2184 quarum
436 2127 507 2163 ocra
544 2117 588 2163 est
625 2107 764 2163 celeritas
802 2125 929 2182 veroque
958 2105 1092 2162 tarditas
1120 2114 1149 2162 et
1175 2124 1243 2182 quor
1262 2084 1308 2197 ιἰιΙ

96 2228 162 2265 vero
191 2226 313 2263 numero
340 2212 474 2281 consque
500 2205 614 2284 figuris
644 2206 684 2261 ad
712 2226 741 2261 re
767 2210 895 2260 invicem
906 2205 1081 2278 feruntur,
1103 2224 1212 2281 eaque,
1230 2216 1286 2280 quse

96 2305 350 2387 oqmpleotteatur,
363 2304 497 2377 ferunt:
515 2323 589 2392 φαμι
599 2304 716 2379 quidem
730 2308 848 2358 ratione
858 2312 887 2358 et
895 2308 1072 2381 cogitatione
1078 2309 1284 2380 percipiuntut,

95 2411 170 2485 or'ru¹
191 2423 257 2459 vero
284 2423 341 2458 αοιι
360 2407 450 2458 item:
481 2421 520 2457 an
541 2422 606 2458 uero
624 2409 658 2457 tu
673 2399 790 2476 putas?
821 2397 910 2456 Nullo
927 2402 1025 2472 modo,
1046 2407 1187 2478 inquit.»
1227 2398 1283 2456 Hatt

95 2503 154 2560 ille.
194 2500 289 2578 Equo
306 2512 365 2558 toto
383 2519 529 2572 sermone,
559 2518 643 2576 quem
661 2498 786 2556 fructum
804 2496 883 2555 Plato
900 2517 936 2555 ex
956 2498 1144 2557 astronomiae
1162 2495 1249 2557 studio
1262 2492 1283 2551 ir

92 2599 191 2681 primis
220 2618 278 2656 esse
305 2596 494 2678 capiendum,
524 2618 635 2676 quaque
663 2616 724 2655 eam
751 2595 860 2654 ratione
885 2594 1064 2654 tractandam
1094 2616 1153 2661 esse
1171 2592 1282 2654 duxerit>

94 2711 172 2779 patet
191 2696 364 2776 unicuiqne3
387 2694 436 2755 sed
456 2708 497 2754 est
516 2694 599 2754 nobis
617 2695 684 2754 item
704 2692 786 2752 aliud
806 2691 904 2751 eadem
919 2691 1282 2754 dereanimudvertenduu

135 2793 219 2870 Quod
238 2794 322 2855 modo
342 2794 486 2867 diximus,
507 2794 629 2852 linxisse
646 2794 777 2870 antiquos
786 2837 795 2866 ,
816 2791 979 2871 praesertim
999 2791 1208 2872 Pythagoreos,
1225 2784 1283 2847 mul·

94 2908 140 2967 ta,
155 2902 231 2971 quae
248 2891 285 2951 ad
302 2891 466 2972 gravissima
483 2890 661 2950 invenienda
680 2891 755 2950 viam
773 2904 896 2950 sternere
912 2889 1120 2949 recentioribus
1129 2884 1283 2971 philosoplis

94 2991 270 3071 potuissent,
299 2989 350 3048 hos
378 3003 472 3049 autem
500 2988 666 3049 adhibuisse
690 3010 723 3048 eo
749 2988 957 3061 Orientalium,
982 2989 1163 3067 maximeque
1181 2986 1283 3047 nemo

94 3089 230 3160 inventa,
249 3085 282 3166 2)
302 3086 334 3146 id
350 3087 419 3146 haec
439 3108 490 3146 nos
509 3086 592 3147 docet
611 3087 775 3169 philosophi
786 3086 823 3146 de
832 3088 1000 3147 astronomia
1009 3085 1160 3146 tractanda
1170 3087 1283 3147 siveseu·

92 3186 183 3279 teptis
212 3185 271 3244 sive
297 3185 430 3264 suspicio.
470 3185 568 3243 Mente
597 3185 621 3242 is
647 3185 788 3245 volutasse
815 3199 842 3244 et
865 3186 945 3265 quasi
968 3187 1144 3246 vaticinatus
1158 3185 1214 3244 tale
1229 3174 1283 3263 quid

79 3280 227 3357 ,videtum
248 3281 332 3360 quale
350 3281 433 3340 nobis
450 3284 586 3363 algabroe
601 3281 756 3364 disciplina
769 3273 810 3343 ‘in
829 3284 893 3343 luce
910 3286 1014 3365 posuit.
1045 3284 1282 3365 Legamue'itero

93 3378 268 3462 adscriptum
287 3378 391 3438 locum.
420 3379 522 3453 Dixit,
543 3401 614 3458 quae
633 3383 850 3462 conspiciuntur
863 3383 894 3441 in
910 3382 1028 3441 coeloac
1039 3397 1211 3458 morentur,
1228 3374 1283 3440 mul·

92 3490 153 3535 tum
177 3478 214 3537 ab
234 3478 270 3537 iis
289 3476 421 3552 differre,
449 3497 521 3556 quae
540 3498 604 3537 cum
622 3479 699 3555 quod
716 3480 854 3554 formam,
883 3495 943 3538 tum
961 3478 1038 3558 quod
1055 3494 1164 3540 motum
1183 3481 1281 3547 attinet,

95 3594 165 3633 τινα
182 3590 249 3636 sunt
267 3575 406 3653 uniceque
427 3587 519 3633 mente
537 3577 829 3656 comprehenduntur.
871 3580 942 3638 Rem
958 3577 1066 3638 deinde
1083 3599 1120 3638 ex
1139 3576 1281 3660 geometriae

92 3656 186 3731 studio
213 3673 346 3734 illustrat.
392 3673 471 3732 «His
489 3672 594 3752 igitur,
626 3675 740 3753 inquit,
770 3697 841 3754 quae
862 3676 893 3734 in
911 3676 989 3735 coelo
1008 3677 1081 3735 mirl
1100 3674 1281 3737 varietatelu·

90 3785 158 3830 cent
165 3816 175 3846 ,
201 3785 335 3859 tanquam
353 3768 581 3853 παραδείγματι,
604 3776 749 3853 οαοιιιμίο,
779 3774 916 3833 utendum
936 3787 977 3834 est
994 3773 1031 3833 ad
1049 3775 1122 3851 illa,
1153 3796 1223 3856 quae
1237 3788 1279 3832 not

91 3864 227 3928 videntur
247 3869 296 3929 sed
314 3887 399 3950 ssmt,
418 3872 573 3947 discenda,
593 3871 715 3954 perinde
733 3893 765 3930 ac
783 3873 805 3930 si
824 3873 888 3950 quis
905 3872 1009 3952 figuras
1029 3872 1128 3935 videat
1150 3864 1277 3947 allaedtlt

90 3967 136 4027 vel
165 3968 222 4027 alio
248 3969 373 4047 artifice,
403 3987 452 4032 aut
480 3994 495 4029 a
524 3973 631 4052 pictore.
661 3971 765 4030 eximie
788 3971 878 4050 pictas
898 3984 925 4028 et
943 3970 1110 4032 elaboratas.
1151 3959 1274 4051 Nempei

1 4152 2 4156 ρ
88 4066 217 4141 essetis,
237 4069 286 4146 qui
304 4090 349 4127 eas
368 4070 466 4144 videt,
488 4070 653 4149 geometriae
672 4067 796 4148 peritus,
817 4051 969 4126 artificiuin
980 4068 1125 4146 laudaret,
1145 4060 1272 4130 ridiculo!

88 4156 156 4224 vero
172 4184 231 4225 esse
249 4181 393 4241 censeret,
413 4189 441 4226 se
461 4170 525 4246 quis
542 4166 610 4225 talia
627 4166 764 4225 attentius
782 4166 990 4240 consideraret,
1012 4181 1044 4227 ut
1061 4169 1172 4229 scilicet
1188 4168 1270 4227 ταῦθ’

1058 4276 1075 4311 ,α

120 4355 144 4418 1)
162 4358 350 4425 Αδτοτίριίαιιιι
367 4359 432 4409 haec
453 4359 484 4410 de
502 4360 648 4424 conjectura
670 4359 733 4414 Astii
748 4362 779 4413 ad
797 4361 820 4412 h.
840 4362 855 4412 l.
875 4379 900 4428 p.
919 4358 977 4412 569.

117 4440 143 4506 2)
161 4461 185 4511 p.
203 4443 261 4495 220.
318 4438 324 4445 ’
