2774 5048
76 116 142 167 ctus
155 108 266 182 fuam
282 105 400 165 &candi
419 107 627 181 fucultatem,
646 102 792 163 ascellam
819 97 882 161 em’a
909 111 1031 176 arator,
1062 108 1291 167 sciasttiam

76 203 157 265 arado
184 212 216 263 at
233 209 587 264 aasraitctioaam
612 201 787 260 adhibueris
795 220 810 269 ,·
831 208 860 259 η’
881 200 955 278 qaid
973 198 1084 269 lacrum
1096 196 1172 259 aa·
1189 201 1290 277 dmar-

74 308 139 378 rs't,
168 302 224 361 aas
250 309 344 381 porte
372 320 497 361 mancas
527 306 631 361 ariao
658 295 688 377 1)
736 296 852 372 Quibus
878 316 947 357 sane
974 296 1159 377 paucissimis
1186 297 1288 375 serbis,

74 397 312 479 quemadmodum
332 398 501 459 informetur
519 418 603 459 verus
619 396 753 475 omnique
774 415 893 455 numero
911 394 1058 455 absolutus
1078 409 1195 472 orator,
1214 398 1287 479 aptis

21 548 25 555 .
76 497 145 555 sime
163 494 316 577 significat.
349 495 408 556 Sed
425 510 513 557 artem
534 494 671 576 deinceps
690 494 781 574 ipsam
801 494 959 555 traditurus
983 515 1069 553 «non
1086 492 1139 568 ei,
1160 495 1218 571 ait,
1235 517 1286 577 pro

77 592 238 655 cedendum
267 594 315 655 vie
343 605 401 670 est,
421 615 506 675 quam
525 593 644 673 Gorgias
664 589 696 671 2)
724 606 752 651 et
772 592 1002 672 Thrasymachus
1021 605 1091 652 sunt
1114 594 1225 669 secuti;
1246 615 1285 655 vc·

76 713 139 753 rum
159 691 240 753 illam
262 691 376 773 ingredi
401 714 434 753 ac
455 705 553 752 tenere
580 690 682 767 dccet,
711 711 768 770 qua
787 704 932 751 oratorum
952 691 1088 771 princeps
1109 690 1235 753 Pericles
1258 690 1284 751 al

77 790 156 849 hunc
176 790 209 851 in
228 804 288 851 arte
307 791 502 874 principatum
527 789 698 873 pervenit.»
741 789 778 848 In
797 788 903 868 quibus
921 787 1128 871 persequendis
1148 792 1283 871 Anaxago·

80 908 126 947 rae
145 901 281 949 memorat
299 887 532 970 philosophiam,
551 909 608 968 qua
629 888 757 949 imbutus
774 885 897 946 Pericles
920 898 1006 966 atque
1027 885 1065 947 ad
1088 886 1225 947 sublimia
1241 908 1283 949 on·

78 986 128 1045 nia
147 998 242 1045 mente
262 998 290 1046 et
308 986 479 1066 cogitatione
497 999 626 1061 evectus,
646 985 727 1045 illam
742 983 875 1065 prodidit
889 983 1097 1063 eloquentiam,
1119 1007 1205 1067 quam
1217 1006 1283 1067 supra

79 1103 128 1143 nos
146 1102 183 1141 ex
209 1082 312 1143 iisdem
331 1082 377 1143 his
394 1084 466 1144 locis
484 1083 728 1145 adumbravimus.
750 1078 782 1160 3)
812 1081 907 1143 addit
934 1102 1019 1158 vero,
1040 1082 1119 1164 quod
1146 1082 1186 1143 ad
1213 1084 1283 1167 ipssa

76 1179 196 1241 dicendi
215 1193 324 1256 artem,
344 1181 383 1242 ad
399 1181 569 1241 rhetoricam
588 1184 706 1243 attinet:
741 1203 756 1235 a
768 1176 920 1257 ἒπεῦθεν,
947 1183 1001 1257 ait,
1029 1172 1285 1262 chamoeactis

76 1276 137 1339 τῶν
162 1271 260 1359 λόγων
282 1272 391 1360 τέχνην
415 1273 453 1341 τό
479 1272 652 1362 πρόσφορον
679 1275 771 1366 αὐτῇ·
802 1291 903 1343 trusit
921 1284 992 1343 inde
1010 1285 1051 1343 ad
1069 1284 1190 1345 &candi
1206 1292 1283 1341 ortes
1326 1286 1328 1325 :

76 1380 153 1457 quod
174 1386 236 1458 ipsi
256 1382 413 1441 videbatur
440 1384 610 1443 conducere.
623 1407 637 1439 a
662 1380 694 1463 4)
723 1384 810 1445 Unde
838 1382 1040 1464 philosophiae
1067 1395 1148 1463 patet
1175 1382 1208 1442 in
1235 1380 1280 1441 tla-

77 1477 223 1556 quentiam
243 1501 303 1539 non
330 1493 461 1557 tantum,
481 1481 532 1541 aed
556 1482 642 1542 etiam
671 1482 704 1543 in
728 1481 898 1542 rhetoricam
916 1481 977 1542 vis:
999 1480 1178 1563 intelligitur
1206 1493 1280 1541 auten
1326 1526 1328 1531 .

78 1574 183 1651 simul,
202 1598 276 1657 quae
302 1580 476 1642 dialecticae
492 1579 530 1639 sit
549 1580 733 1654 Platonicae,
753 1580 815 1639 sive
838 1576 980 1639 cernendi
996 1577 1199 1659 jungendiqua
1218 1570 1279 1639 'arti

78 1694 144 1733 cum
164 1676 316 1739 rtstoeea
344 1677 520 1754 conjunctio.
560 1679 632 1739 Rem
651 1678 730 1738 enim
751 1677 888 1756 deinceps
906 1697 923 1735 e
942 1675 1069 1736 medicae
1088 1678 1159 1739 aitis
1185 1694 1278 1757 compt-

79 1772 189 1835 ratione
213 1774 349 1856 explicat.
394 1775 457 1834 «In
476 1789 612 1854 utraque,
632 1776 691 1851 ait,
712 1775 875 1835 discernere
895 1787 1025 1835 naturam
1049 1789 1178 1856 oportet,
1199 1795 1282 1865 coapa-
1326 1860 1328 1865 Ι

80 1877 126 1930 ris
155 1872 188 1933 in
216 1886 276 1933 arte
304 1872 474 1949 medica,
465 1895 498 1932 rn
522 1871 641 1933 dicendi
659 1887 754 1933 autem
773 1886 833 1933 arte
852 1879 965 1947 anina,
986 1873 1160 1956 siquidem
1149 1895 1209 1935 non
1224 1893 1283 1945 usu,
1326 1878 1328 1907 ²

81 1967 132 2029 sed
157 1984 216 2029 arte
246 1970 339 2048 velis,
369 1972 435 2047 illi,
454 1970 671 2031 medicamentis
689 1985 773 2050 atque
793 1969 939 2031 alimentis
958 1970 1133 2052 praebendis
1151 1972 1284 2033 muium

83 2078 112 2125 et
129 2065 346 2146 tubursicum,
367 2068 436 2128 huic
454 2083 563 2144 autem,
582 2068 760 2130 sermonibus
774 2090 807 2128 ac
820 2069 980 2149 praeceptis
994 2068 1187 2145 adhibendis,
1204 2088 1284 2149 quatu·
1323 2028 1328 2127 l

82 2183 196 2244 cunque
215 2163 298 2225 lubet
314 2180 343 2229 et
360 2167 571 2248 persuasionem
586 2180 614 2227 et
630 2167 765 2229 virtutem
783 2165 950 2225 tradere.-
969 2167 1014 2227 Ita
1031 2166 1150 2247 quidem
1167 2188 1221 2248 par
1237 2179 1284 2241 est,

81 2260 253 2324 oSocrates.
268 2290 303 2300 -
332 2265 431 2326 Animi
460 2277 554 2324 autern
578 2278 708 2325 naturam
728 2279 830 2346 putas,
852 2284 911 2323 non
932 2264 1082 2346 explorati
1104 2266 1233 2327 universi
1247 2284 1285 2325 na·

80 2357 165 2435 turi,
184 2363 315 2441 cognosci
333 2383 415 2444 poam
432 2361 673 2423 sufficienteri-
700 2363 731 2423 si
750 2362 922 2443 Hippocrati
939 2362 1075 2423 habenda
1092 2362 1166 2423 lides
1183 2377 1240 2439 est,
1254 2378 1283 2421 oe

80 2459 206 2539 corporis
221 2460 338 2541 quidem
357 2475 479 2538 natura,
499 2462 556 2523 nisi
576 2461 630 2523 hoc
648 2460 830 2542 disquirendi
847 2459 948 2536 modo,
961 2460 1094 2541 cognosci
1109 2473 1212 2542 potest
1224 2459 1283 2543 5)-
1322 2510 1325 2519 .

80 2555 226 2619 Praeclare
254 2560 381 2640 profecto
399 2559 470 2636 ille,
490 2580 507 2620 o
525 2560 633 2635 amice,
654 2560 746 2637 dicit;
768 2558 850 2619 decet
868 2573 981 2635 autem,
1001 2572 1114 2640 praeter
1139 2560 1284 2643 Hippocre-

80 2668 153 2730 tem,
175 2658 314 2717 rationem
331 2657 531 2734 scandemus,
551 2680 620 2719 num
640 2658 801 2719 consentiat
817 2656 875 2718 illi.
892 2688 924 2699 -
944 2658 1086 2719 Decet-
1106 2658 1194 2732 Quod
1213 2658 1283 2740 igitur
1319 2658 1324 2673 '

113 2825 141 2893 Ι)
158 2827 265 2882 Pharaia.
283 2830 342 2884 269.
367 2832 396 2885 G.
417 2833 448 2884 Ι).
483 2834 641 2903 Perelegaos
663 2832 696 2883 de
717 2832 766 2885 hac
790 2834 917 2885 sententia
943 2832 1058 2885 Platonis
1088 2833 1279 2901 Wyttenbaotti,

77 2912 132 2975 τοῦ
151 2909 423 2991 πλατωνικωτᾶτου,
446 2928 584 2997 disputatio
609 2936 648 2978 cst
668 2929 694 2978 in
719 2928 766 2996 lep.
791 2930 826 2979 od
846 2929 976 2979 Bacchium
998 2928 1098 2997 (ΟΜ.
1123 2922 1279 2981 11.51.mt
1326 2972 1328 2977 .

80 3014 122 3068 Cr.
146 3016 197 3082 ΙΙΙ,
219 3013 244 3068 3
261 3016 336 3083 ΙΙΙΙΙ)

113 3098 139 3165 2)
156 3104 241 3175 Vulgo
260 3105 370 3174 Lysias
387 3106 495 3175 legitur.
515 3105 562 3156 sed
580 3107 716 3175 Gorgias
733 3117 816 3161 exstat
835 3109 861 3159 io
880 3108 1117 3171 statuissemus,
1137 3109 1278 3195 quodprte

81 3197 138 3241 stat
156 3190 216 3241 vid.
233 3191 320 3243 Heissd.
334 3191 379 3244 stad
399 3191 424 3243 h.
443 3192 459 3243 l

114 3272 141 3337 3)
158 3274 278 3343 latitiop
297 3276 355 3331 154

115 3357 141 3424 Ι)
158 3360 266 3413 Piscem.
283 3360 342 3415 ato.
360 3362 392 3414 Α.
1326 3402 1328 3419 .

114 3441 141 3511 5)
158 3444 233 3497 Ducit
248 3447 313 3498 haec
326 3446 437 3501 Galenus
454 3466 486 3503 er
501 3450 664 3519 Hippocratis
681 3453 711 3502 da
722 3452 815 3503 bonine
831 3466 911 3518 opere
926 3449 983 3501 Vol.
998 3448 1027 3499 V.
1037 3465 1063 3516 p.
1081 3447 1106 3498 2.
1125 3457 1152 3501 et
1170 3447 1210 3502 ld
1224 3443 1274 3507 Salv

81 3538 108 3582 ut
122 3540 194 3583 recte
208 3532 386 3583 animadvertit
403 3533 493 3586 lleind
510 3537 542 3588 ad
562 3537 585 3587 h.
600 3536 634 3600 l.‚
654 3536 686 3587 ad
701 3536 776 3601 hujus
790 3536 893 3605 quidem
908 3534 1040 3603 praecepti
1056 3550 1173 3586 normam
1190 3544 1277 3601 compa·

83 3617 146 3669 situs
168 3626 208 3669 est
222 3617 301 3681 liber,
321 3618 354 3669 de
370 3619 484 3674 universi
499 3629 582 3674 autem
598 3630 687 3675 natura
701 3638 752 3673 non
767 3622 845 3673 multa
859 3623 980 3673 continet.
1016 3618 1164 3672 Ducentiens
1179 3616 1276 3689 equidm

81 3701 195 3755 Platonis
217 3704 369 3755 sententiam
389 3707 470 3775 magis
492 3706 602 3758 arbitror
624 3724 656 3759 ar
679 3723 758 3759 aureo
776 3707 940 3775 Hippocratis
964 3707 993 3756 ds
1015 3712 1090 3769 cere,
1108 3708 1182 3774 aquis
1201 3699 1278 3758 sam

80 3788 161 3852 libro,
179 3790 222 3856 qui
240 3790 298 3855 ipso
319 3789 394 3841 titulo
414 3788 572 3843 Platonicam
589 3793 742 3843 senteutiam
760 3792 857 3857 refert,
877 3790 1144 3843 animamarsionibas
1164 3800 1241 3843 autem
1253 3784 1278 3837 lt

81 3889 165 3925 rerum
182 3882 273 3939 natura
289 3873 393 3925 mirilico
413 3878 480 3926 omni
495 3885 579 3928 aetate
594 3878 701 3929 medicis
717 3877 822 3943 profuit.
860 3876 995 3928 Caeterum
1011 3876 1044 3927 de
1058 3876 1184 3929 methodo
1196 3877 1277 3943 tumo-

82 3961 174 4023 cratis‚
198 3958 346 4011 Socraticae
366 3968 392 4010 et
413 3960 561 4017 Platonicae
589 3963 731 4029 simillimi,
758 3963 864 4015 brevis
874 3971 928 4026 est,
953 3961 1000 4013 scd
1026 3961 1104 4015 docta
1128 3967 1275 4024 aceruatim!o

82 4028 225 4109 disquisitio
252 4045 414 4097 eruditissimi
437 4047 577 4099 medici&
601 4048 682 4114 Pruys
704 4048 758 4100 Van
778 4051 822 4100 der
845 4049 949 4100 liorem
973 4046 1057 4099 Praei.
1078 4045 1210 4101 camon
1227 4043 1275 4109 lli?

78 4144 146 4196 poor
164 4128 432 4196 Hagaecom.182l.
