<?xml version="1.0" encoding="UTF-8"?>
<!DOCTYPE html PUBLIC "-//W3C//DTD XHTML 1.0 Transitional//EN"
    "http://www.w3.org/TR/xhtml1/DTD/xhtml1-transitional.dtd">
<html xmlns="http://www.w3.org/1999/xhtml" xml:lang="en" lang="en">
 <head>
  <title>
</title>
<meta http-equiv="Content-Type" content="text/html;charset=utf-8" />
  <meta name='ocr-system' content='tesseract 3.04.00' />
  <meta name='ocr-capabilities' content='ocr_page ocr_carea ocr_par ocr_line ocrx_word'/>
</head>
<body>
  <div class='ocr_page' id='page_1' title='image "./initiaphilosoph00heusgoog_0120.png"; bbox 0 0 2796 5048; ppageno 0'>
   <div class='ocr_carea' id='block_1_1' title="bbox 644 107 684 169">
    <p class='ocr_par' dir='ltr' id='par_1_1' title="bbox 644 107 684 169">
     <span class='ocr_line' id='line_1_1' title="bbox 644 107 684 169; baseline 0.025 -1"><span class='ocrx_word' id='word_1_1' title='bbox 644 107 684 169; x_wconf 75' lang='lat' dir='ltr'><strong>&#39;lb</strong></span> 
     </span>
    </p>
   </div>
   <div class='ocr_carea' id='block_1_2' title="bbox 53 261 1333 1051">
    <p class='ocr_par' dir='ltr' id='par_1_2' title="bbox 307 261 906 558">
     <span class='ocr_line' id='line_1_2' title="bbox 351 261 887 354; baseline 0.002 -23"><span class='ocrx_word' id='word_1_2' title='bbox 351 262 459 354; x_wconf 76' lang='grc' dir='ltr'><strong><em>Ἔρως,</em></strong></span> <span class='ocrx_word' id='word_1_3' title='bbox 473 261 581 353; x_wconf 82' lang='grc' dir='ltr'><strong><em>Ἔρως,</em></strong></span> <span class='ocrx_word' id='word_1_4' title='bbox 604 266 639 345; x_wconf 76' lang='grc' dir='ltr'><strong>ὃς</strong></span> <span class='ocrx_word' id='word_1_5' title='bbox 658 265 722 332; x_wconf 77' lang='lat' dir='ltr'><strong>eor&#39;</strong></span> <span class='ocrx_word' id='word_1_6' title='bbox 742 264 887 351; x_wconf 72' lang='grc' dir='ltr'><strong><em>ὀμμάτων</em></strong></span> 
     </span>
     <span class='ocr_line' id='line_1_3' title="bbox 358 366 906 456; baseline 0.005 -24"><span class='ocrx_word' id='word_1_7' title='bbox 358 367 473 456; x_wconf 80' lang='grc' dir='ltr'><em>στάζεις</em></span> <span class='ocrx_word' id='word_1_8' title='bbox 493 366 609 448; x_wconf 68' lang='grc' dir='ltr'><strong><em>πόθον,</em></strong></span> <span class='ocrx_word' id='word_1_9' title='bbox 631 366 754 454; x_wconf 75' lang='grc' dir='ltr'><em>εἰσάγων</em></span> <span class='ocrx_word' id='word_1_10' title='bbox 774 375 906 454; x_wconf 75' lang='grc' dir='ltr'><strong>γλυκεῖαν</strong></span> 
     </span>
     <span class='ocr_line' id='line_1_4' title="bbox 307 467 650 558; baseline 0.012 -4"><span class='ocrx_word' id='word_1_11' title='bbox 307 480 309 489; x_wconf 86' lang='grc'><strong>’</strong></span> <span class='ocrx_word' id='word_1_12' title='bbox 357 478 473 554; x_wconf 67' lang='grc' dir='ltr'><em>ψυχαῖς</em></span> <span class='ocrx_word' id='word_1_13' title='bbox 493 467 603 558; x_wconf 57' lang='lat' dir='ltr'><strong>tier?=</strong></span> <span class='ocrx_word' id='word_1_14' title='bbox 621 475 650 558; x_wconf 77' lang='grc'><strong>1)</strong></span> 
     </span>
    </p>

    <p class='ocr_par' dir='ltr' id='par_1_3' title="bbox 53 573 1333 1051">
     <span class='ocr_line' id='line_1_5' title="bbox 87 573 1286 660; baseline 0.001 -22"><span class='ocrx_word' id='word_1_15' title='bbox 87 577 145 638; x_wconf 85' lang='lat' dir='ltr'><strong>Sed</strong></span> <span class='ocrx_word' id='word_1_16' title='bbox 164 577 262 636; x_wconf 78' lang='lat' dir='ltr'><strong>lurore</strong></span> <span class='ocrx_word' id='word_1_17' title='bbox 282 573 472 636; x_wconf 86' lang='lat' dir='ltr'><strong>describendo</strong></span> <span class='ocrx_word' id='word_1_18' title='bbox 491 579 594 638; x_wconf 90' lang='lat' dir='ltr'><strong>amoris</strong></span> <span class='ocrx_word' id='word_1_19' title='bbox 613 576 701 636; x_wconf 85' lang='lat' dir='ltr'><strong>altius</strong></span> <span class='ocrx_word' id='word_1_20' title='bbox 725 576 866 657; x_wconf 77' lang='lat' dir='ltr'><strong>spectavit</strong></span> <span class='ocrx_word' id='word_1_21' title='bbox 891 576 991 651; x_wconf 90' lang='lat' dir='ltr'><strong>Plato,</strong></span> <span class='ocrx_word' id='word_1_22' title='bbox 1012 599 1098 658; x_wconf 89' lang='lat' dir='ltr'><strong>quam</strong></span> <span class='ocrx_word' id='word_1_23' title='bbox 1116 584 1215 660; x_wconf 72' lang='lat' dir='ltr'><strong>poetae</strong></span> <span class='ocrx_word' id='word_1_24' title='bbox 1243 600 1286 639; x_wconf 89' lang='lat' dir='ltr'><strong>so·</strong></span> 
     </span>
     <span class='ocr_line' id='line_1_6' title="bbox 53 669 1294 756; baseline 0.006 -26"><span class='ocrx_word' id='word_1_25' title='bbox 53 669 159 735; x_wconf 88' lang='lat' dir='ltr'><strong>lebant.</strong></span> <span class='ocrx_word' id='word_1_26' title='bbox 201 676 275 734; x_wconf 88' lang='lat' dir='ltr'><strong>Nam</strong></span> <span class='ocrx_word' id='word_1_27' title='bbox 294 689 406 734; x_wconf 84' lang='lat' dir='ltr'><strong>tantum</strong></span> <span class='ocrx_word' id='word_1_28' title='bbox 431 675 528 750; x_wconf 86' lang='lat' dir='ltr'><strong>abest,</strong></span> <span class='ocrx_word' id='word_1_29' title='bbox 550 688 581 734; x_wconf 93' lang='lat' dir='ltr'><strong>ut</strong></span> <span class='ocrx_word' id='word_1_30' title='bbox 606 675 767 756; x_wconf 83' lang='lat' dir='ltr'><strong>voluptates</strong></span> <span class='ocrx_word' id='word_1_31' title='bbox 796 676 920 734; x_wconf 83' lang='lat' dir='ltr'><strong>excitare</strong></span> <span class='ocrx_word' id='word_1_32' title='bbox 943 674 1102 751; x_wconf 83' lang='lat' dir='ltr'><strong>studuerit,</strong></span> <span class='ocrx_word' id='word_1_33' title='bbox 1124 692 1156 737; x_wconf 90' lang='lat' dir='ltr'><strong>ut</strong></span> <span class='ocrx_word' id='word_1_34' title='bbox 1184 680 1294 740; x_wconf 80' lang='lat' dir='ltr'><strong>amoris.</strong></span> 
     </span>
     <span class='ocr_line' id='line_1_7' title="bbox 55 770 1333 855; baseline 0.003 -22"><span class='ocrx_word' id='word_1_35' title='bbox 55 775 222 854; x_wconf 74' lang='lat' dir='ltr'><strong>expresserit</strong></span> <span class='ocrx_word' id='word_1_36' title='bbox 241 774 301 834; x_wconf 86' lang='lat' dir='ltr'><strong>rim</strong></span> <span class='ocrx_word' id='word_1_37' title='bbox 319 772 470 847; x_wconf 84' lang='lat' dir='ltr'><strong>divinam,</strong></span> <span class='ocrx_word' id='word_1_38' title='bbox 495 793 551 853; x_wconf 91' lang='lat' dir='ltr'><strong>qua</strong></span> <span class='ocrx_word' id='word_1_39' title='bbox 580 773 683 833; x_wconf 77' lang='lat' dir='ltr'><strong>evehat</strong></span> <span class='ocrx_word' id='word_1_40' title='bbox 703 772 834 832; x_wconf 82' lang='lat' dir='ltr'><strong>mortales</strong></span> <span class='ocrx_word' id='word_1_41' title='bbox 862 770 993 833; x_wconf 90' lang='lat' dir='ltr'><strong>homines</strong></span> <span class='ocrx_word' id='word_1_42' title='bbox 1022 774 1059 833; x_wconf 86' lang='lat' dir='ltr'><strong>ed</strong></span> <span class='ocrx_word' id='word_1_43' title='bbox 1082 776 1206 835; x_wconf 82' lang='lat' dir='ltr'><strong>Deorum</strong></span> <span class='ocrx_word' id='word_1_44' title='bbox 1234 778 1283 836; x_wconf 91' lang='lat' dir='ltr'><strong>im·</strong></span> <span class='ocrx_word' id='word_1_45' title='bbox 1329 846 1333 855; x_wconf 29' lang='lat'><strong><em>⁵</em></strong></span> 
     </span>
     <span class='ocr_line' id='line_1_8' title="bbox 59 870 1285 954; baseline 0.007 -28"><span class='ocrx_word' id='word_1_46' title='bbox 59 871 215 930; x_wconf 81' lang='lat' dir='ltr'><strong>mortalium</strong></span> <span class='ocrx_word' id='word_1_47' title='bbox 232 871 422 935; x_wconf 84' lang='lat' dir='ltr'><strong>imitationem</strong></span> <span class='ocrx_word' id='word_1_48' title='bbox 441 884 468 929; x_wconf 90' lang='lat' dir='ltr'><strong>et</strong></span> <span class='ocrx_word' id='word_1_49' title='bbox 487 870 718 931; x_wconf 88' lang='lat' dir='ltr'><strong>similitudinem.</strong></span> <span class='ocrx_word' id='word_1_50' title='bbox 760 871 846 946; x_wconf 88' lang='lat' dir='ltr'><strong>Quod</strong></span> <span class='ocrx_word' id='word_1_51' title='bbox 866 871 950 932; x_wconf 89' lang='lat' dir='ltr'><strong>nobis</strong></span> <span class='ocrx_word' id='word_1_52' title='bbox 969 873 1027 950; x_wconf 82' lang='lat' dir='ltr'><strong>jam</strong></span> <span class='ocrx_word' id='word_1_53' title='bbox 1044 874 1207 954; x_wconf 85' lang='lat' dir='ltr'><strong>proximum</strong></span> <span class='ocrx_word' id='word_1_54' title='bbox 1226 888 1285 950; x_wconf 88' lang='lat' dir='ltr'><strong>est,</strong></span> 
     </span>
     <span class='ocr_line' id='line_1_9' title="bbox 64 968 519 1051; baseline 0.009 -28"><span class='ocrx_word' id='word_1_55' title='bbox 64 978 90 1025; x_wconf 88' lang='lat' dir='ltr'><strong>ut</strong></span> <span class='ocrx_word' id='word_1_56' title='bbox 103 968 312 1050; x_wconf 90' lang='lat' dir='ltr'><strong>quodammodo</strong></span> <span class='ocrx_word' id='word_1_57' title='bbox 332 969 519 1051; x_wconf 83' lang='lat' dir='ltr'><strong>explicemus.</strong></span> 
     </span>
    </p>
   </div>
   <div class='ocr_carea' id='block_1_3' title="bbox 182 1163 1156 1272">
    <p class='ocr_par' dir='ltr' id='par_1_4' title="bbox 182 1163 1156 1272">
     <span class='ocr_line' id='line_1_10' title="bbox 182 1163 1156 1272; baseline 0.002 -48"><span class='ocrx_word' id='word_1_58' title='bbox 182 1163 233 1225; x_wconf 86' lang='lat' dir='ltr'><strong>De</strong></span> <span class='ocrx_word' id='word_1_59' title='bbox 252 1172 366 1224; x_wconf 76' lang='lat' dir='ltr'><strong>omorio</strong></span> <span class='ocrx_word' id='word_1_60' title='bbox 385 1166 466 1242; x_wconf 84' lang='lat' dir='ltr'><strong>apud</strong></span> <span class='ocrx_word' id='word_1_61' title='bbox 482 1163 643 1223; x_wconf 83' lang='lat' dir='ltr'><strong>Plutonem</strong></span> <span class='ocrx_word' id='word_1_62' title='bbox 661 1173 693 1223; x_wconf 79' lang='lat' dir='ltr'><strong>et</strong></span> <span class='ocrx_word' id='word_1_63' title='bbox 706 1166 909 1243; x_wconf 68' lang='lat' dir='ltr'><strong>philosophiae</strong></span> <span class='ocrx_word' id='word_1_64' title='bbox 928 1168 1156 1272; x_wconf 65' lang='lat' dir='ltr'><strong>necessitudine.</strong></span> 
     </span>
    </p>
   </div>
   <div class='ocr_carea' id='block_1_4' title="bbox 10 1358 1288 4003">
    <p class='ocr_par' dir='ltr' id='par_1_5' title="bbox 39 1358 1288 2421">
     <span class='ocr_line' id='line_1_11' title="bbox 92 1358 1287 1445; baseline 0.005 -27"><span class='ocrx_word' id='word_1_65' title='bbox 92 1360 127 1419; x_wconf 89' lang='lat' dir='ltr'><strong>Iu</strong></span> <span class='ocrx_word' id='word_1_66' title='bbox 145 1361 270 1441; x_wconf 86' lang='lat' dir='ltr'><strong>pristina</strong></span> <span class='ocrx_word' id='word_1_67' title='bbox 289 1359 342 1419; x_wconf 90' lang='lat' dir='ltr'><strong>illa</strong></span> <span class='ocrx_word' id='word_1_68' title='bbox 361 1359 420 1421; x_wconf 86' lang='lat' dir='ltr'><strong>vita</strong></span> <span class='ocrx_word' id='word_1_69' title='bbox 439 1373 467 1419; x_wconf 91' lang='lat' dir='ltr'><strong>et</strong></span> <span class='ocrx_word' id='word_1_70' title='bbox 478 1358 603 1420; x_wconf 86' lang='lat' dir='ltr'><strong>¹coelesti</strong></span> <span class='ocrx_word' id='word_1_71' title='bbox 613 1405 622 1435; x_wconf 93' lang='lat'><strong>,</strong></span> <span class='ocrx_word' id='word_1_72' title='bbox 642 1380 730 1439; x_wconf 82' lang='lat' dir='ltr'><strong>quum</strong></span> <span class='ocrx_word' id='word_1_73' title='bbox 749 1360 918 1420; x_wconf 79' lang='lat' dir='ltr'><strong>fruebamur</strong></span> <span class='ocrx_word' id='word_1_74' title='bbox 935 1358 1096 1421; x_wconf 83' lang='lat' dir='ltr'><strong>identidem</strong></span> <span class='ocrx_word' id='word_1_75' title='bbox 1113 1361 1287 1445; x_wconf 87' lang='lat' dir='ltr'><strong>pulcerrimo</strong></span> 
     </span>
     <span class='ocr_line' id='line_1_12' title="bbox 55 1458 1286 1541; baseline 0.004 -25"><span class='ocrx_word' id='word_1_76' title='bbox 55 1459 113 1516; x_wconf 81' lang='lat' dir='ltr'><strong>veri</strong></span> <span class='ocrx_word' id='word_1_77' title='bbox 133 1458 314 1539; x_wconf 83' lang='lat' dir='ltr'><strong>spectaculo,</strong></span> <span class='ocrx_word' id='word_1_78' title='bbox 335 1459 425 1518; x_wconf 88' lang='lat' dir='ltr'><strong>Deum</strong></span> <span class='ocrx_word' id='word_1_79' title='bbox 448 1459 556 1538; x_wconf 89' lang='lat' dir='ltr'><strong>quique</strong></span> <span class='ocrx_word' id='word_1_80' title='bbox 581 1471 728 1534; x_wconf 87' lang='lat' dir='ltr'><strong>nostrum,</strong></span> <span class='ocrx_word' id='word_1_81' title='bbox 751 1473 783 1518; x_wconf 90' lang='lat' dir='ltr'><strong>ut</strong></span> <span class='ocrx_word' id='word_1_82' title='bbox 802 1459 924 1534; x_wconf 87' lang='lat' dir='ltr'><strong>ducem,</strong></span> <span class='ocrx_word' id='word_1_83' title='bbox 946 1458 1106 1519; x_wconf 84' lang='lat' dir='ltr'><strong>solebamus</strong></span> <span class='ocrx_word' id='word_1_84' title='bbox 1131 1463 1232 1541; x_wconf 88' lang='lat' dir='ltr'><strong>sequi,</strong></span> <span class='ocrx_word' id='word_1_85' title='bbox 1254 1462 1286 1520; x_wconf 91' lang='lat' dir='ltr'><strong>in</strong></span> 
     </span>
     <span class='ocr_line' id='line_1_13' title="bbox 48 1554 1287 1640; baseline 0.007 -29"><span class='ocrx_word' id='word_1_86' title='bbox 48 1556 134 1632; x_wconf 88' lang='lat' dir='ltr'><strong>cujus</strong></span> <span class='ocrx_word' id='word_1_87' title='bbox 151 1555 239 1614; x_wconf 92' lang='lat' dir='ltr'><strong>cboro</strong></span> <span class='ocrx_word' id='word_1_88' title='bbox 260 1554 463 1616; x_wconf 73' lang='lat' dir='ltr'><strong>versabamur:</strong></span> <span class='ocrx_word' id='word_1_89' title='bbox 485 1576 606 1634; x_wconf 88' lang='lat' dir='ltr'><strong>eumque</strong></span> <span class='ocrx_word' id='word_1_90' title='bbox 626 1555 801 1616; x_wconf 89' lang='lat' dir='ltr'><strong>habebamus</strong></span> <span class='ocrx_word' id='word_1_91' title='bbox 825 1557 933 1636; x_wconf 78' lang='lat' dir='ltr'><strong>singuli</strong></span> <span class='ocrx_word' id='word_1_92' title='bbox 953 1559 1033 1637; x_wconf 89' lang='lat' dir='ltr'><strong>quasi</strong></span> <span class='ocrx_word' id='word_1_93' title='bbox 1054 1559 1205 1640; x_wconf 88' lang='lat' dir='ltr'><strong>chorcgum</strong></span> <span class='ocrx_word' id='word_1_94' title='bbox 1231 1581 1287 1619; x_wconf 90' lang='lat' dir='ltr'><strong>no-</strong></span> 
     </span>
     <span class='ocr_line' id='line_1_14' title="bbox 39 1654 1287 1737; baseline 0.006 -25"><span class='ocrx_word' id='word_1_95' title='bbox 39 1666 159 1728; x_wconf 83' lang='lat' dir='ltr'><strong>strum,</strong></span> <span class='ocrx_word' id='word_1_96' title='bbox 179 1654 227 1713; x_wconf 90' lang='lat' dir='ltr'><strong>cui</strong></span> <span class='ocrx_word' id='word_1_97' title='bbox 246 1654 302 1734; x_wconf 91' lang='lat' dir='ltr'><strong>ipsi</strong></span> <span class='ocrx_word' id='word_1_98' title='bbox 324 1674 446 1713; x_wconf 85' lang='lat' dir='ltr'><strong>essemus</strong></span> <span class='ocrx_word' id='word_1_99' title='bbox 469 1654 572 1713; x_wconf 72' lang='lat' dir='ltr'><strong>naturh</strong></span> <span class='ocrx_word' id='word_1_100' title='bbox 600 1666 630 1730; x_wconf 80' lang='lat' dir='ltr'><strong>et</strong></span> <span class='ocrx_word' id='word_1_101' title='bbox 654 1654 750 1715; x_wconf 90' lang='lat' dir='ltr'><strong>studio</strong></span> <span class='ocrx_word' id='word_1_102' title='bbox 779 1655 932 1714; x_wconf 91' lang='lat' dir='ltr'><strong>simillimi.</strong></span> <span class='ocrx_word' id='word_1_103' title='bbox 973 1655 1095 1716; x_wconf 84' lang='lat' dir='ltr'><strong>Exclusi</strong></span> <span class='ocrx_word' id='word_1_104' title='bbox 1119 1660 1179 1737; x_wconf 87' lang='lat' dir='ltr'><strong>jam</strong></span> <span class='ocrx_word' id='word_1_105' title='bbox 1206 1659 1287 1718; x_wconf 78' lang='lat' dir='ltr'><strong>iestis</strong></span> 
     </span>
     <span class='ocr_line' id='line_1_15' title="bbox 44 1749 1287 1835; baseline 0.008 -28"><span class='ocrx_word' id='word_1_106' title='bbox 44 1749 111 1809; x_wconf 89' lang='lat' dir='ltr'><strong>illis</strong></span> <span class='ocrx_word' id='word_1_107' title='bbox 132 1752 282 1831; x_wconf 88' lang='lat' dir='ltr'><strong>chorisque</strong></span> <span class='ocrx_word' id='word_1_108' title='bbox 299 1751 429 1827; x_wconf 82' lang='lat' dir='ltr'><strong>divinis,</strong></span> <span class='ocrx_word' id='word_1_109' title='bbox 450 1773 511 1811; x_wconf 87' lang='lat' dir='ltr'><strong>non</strong></span> <span class='ocrx_word' id='word_1_110' title='bbox 530 1751 620 1811; x_wconf 90' lang='lat' dir='ltr'><strong>solum</strong></span> <span class='ocrx_word' id='word_1_111' title='bbox 644 1766 769 1834; x_wconf 88' lang='lat' dir='ltr'><strong>spectare</strong></span> <span class='ocrx_word' id='word_1_112' title='bbox 791 1753 845 1812; x_wconf 88' lang='lat' dir='ltr'><strong>illa</strong></span> <span class='ocrx_word' id='word_1_113' title='bbox 868 1775 928 1814; x_wconf 89' lang='lat' dir='ltr'><strong>nou</strong></span> <span class='ocrx_word' id='word_1_114' title='bbox 947 1775 1115 1835; x_wconf 90' lang='lat' dir='ltr'><strong>possumus,</strong></span> <span class='ocrx_word' id='word_1_115' title='bbox 1137 1756 1188 1815; x_wconf 93' lang='lat' dir='ltr'><strong>sed</strong></span> <span class='ocrx_word' id='word_1_116' title='bbox 1211 1757 1287 1817; x_wconf 91' lang='lat' dir='ltr'><strong>desi·</strong></span> 
     </span>
     <span class='ocr_line' id='line_1_16' title="bbox 43 1848 1282 1934; baseline 0.004 -25"><span class='ocrx_word' id='word_1_117' title='bbox 43 1848 181 1909; x_wconf 88' lang='lat' dir='ltr'><strong>deramus</strong></span> <span class='ocrx_word' id='word_1_118' title='bbox 201 1850 288 1909; x_wconf 88' lang='lat' dir='ltr'><strong>etiam</strong></span> <span class='ocrx_word' id='word_1_119' title='bbox 305 1851 457 1931; x_wconf 80' lang='lat' dir='ltr'><strong>aegerrime</strong></span> <span class='ocrx_word' id='word_1_120' title='bbox 472 1871 557 1929; x_wconf 89' lang='lat' dir='ltr'><strong>quem</strong></span> <span class='ocrx_word' id='word_1_121' title='bbox 573 1850 712 1926; x_wconf 89' lang='lat' dir='ltr'><strong>colamus,</strong></span> <span class='ocrx_word' id='word_1_122' title='bbox 734 1871 818 1930; x_wconf 90' lang='lat' dir='ltr'><strong>quem</strong></span> <span class='ocrx_word' id='word_1_123' title='bbox 835 1853 998 1927; x_wconf 85' lang='lat' dir='ltr'><strong>imitemur,</strong></span> <span class='ocrx_word' id='word_1_124' title='bbox 1020 1873 1104 1932; x_wconf 90' lang='lat' dir='ltr'><strong>quem</strong></span> <span class='ocrx_word' id='word_1_125' title='bbox 1120 1874 1282 1934; x_wconf 89' lang='lat' dir='ltr'><strong>sequamur.</strong></span> 
     </span>
     <span class='ocr_line' id='line_1_17' title="bbox 44 1945 1286 2032; baseline 0.006 -27"><span class='ocrx_word' id='word_1_126' title='bbox 44 1945 248 2008; x_wconf 82' lang='lat' dir='ltr'><strong>Veruntamen</strong></span> <span class='ocrx_word' id='word_1_127' title='bbox 267 1947 346 2028; x_wconf 92' lang='lat' dir='ltr'><strong>quod</strong></span> <span class='ocrx_word' id='word_1_128' title='bbox 373 1962 434 2007; x_wconf 92' lang='lat' dir='ltr'><strong>tum</strong></span> <span class='ocrx_word' id='word_1_129' title='bbox 463 1949 548 2008; x_wconf 90' lang='lat' dir='ltr'><strong>nobis</strong></span> <span class='ocrx_word' id='word_1_130' title='bbox 570 1950 692 2030; x_wconf 87' lang='lat' dir='ltr'><strong>contigit</strong></span> <span class='ocrx_word' id='word_1_131' title='bbox 717 1963 745 2009; x_wconf 89' lang='lat' dir='ltr'><strong>et</strong></span> <span class='ocrx_word' id='word_1_132' title='bbox 772 1964 869 2032; x_wconf 88' lang='lat' dir='ltr'><strong>postea</strong></span> <span class='ocrx_word' id='word_1_133' title='bbox 897 1949 1041 2010; x_wconf 89' lang='lat' dir='ltr'><strong>ademtum</strong></span> <span class='ocrx_word' id='word_1_134' title='bbox 1066 1965 1125 2026; x_wconf 89' lang='lat' dir='ltr'><strong>est,</strong></span> <span class='ocrx_word' id='word_1_135' title='bbox 1146 1951 1179 2011; x_wconf 92' lang='lat' dir='ltr'><strong>id</strong></span> <span class='ocrx_word' id='word_1_136' title='bbox 1207 1974 1286 2013; x_wconf 90' lang='lat' dir='ltr'><strong>nunc</strong></span> 
     </span>
     <span class='ocr_line' id='line_1_18' title="bbox 48 2041 1287 2130; baseline 0.003 -24"><span class='ocrx_word' id='word_1_137' title='bbox 48 2041 137 2106; x_wconf 86' lang='lat' dir='ltr'><strong>nobis</strong></span> <span class='ocrx_word' id='word_1_138' title='bbox 156 2066 234 2106; x_wconf 87' lang='lat' dir='ltr'><strong>amor</strong></span> <span class='ocrx_word' id='word_1_139' title='bbox 251 2047 387 2105; x_wconf 86' lang='lat' dir='ltr'><strong>restituit.</strong></span> <span class='ocrx_word' id='word_1_140' title='bbox 428 2048 573 2106; x_wconf 82' lang='lat' dir='ltr'><strong>Amasium</strong></span> <span class='ocrx_word' id='word_1_141' title='bbox 603 2049 798 2128; x_wconf 84' lang='lat' dir='ltr'><strong>unusquisque</strong></span> <span class='ocrx_word' id='word_1_142' title='bbox 822 2048 934 2128; x_wconf 88' lang='lat' dir='ltr'><strong>quaerit</strong></span> <span class='ocrx_word' id='word_1_143' title='bbox 958 2050 1018 2109; x_wconf 88' lang='lat' dir='ltr'><strong>Deo</strong></span> <span class='ocrx_word' id='word_1_144' title='bbox 1041 2049 1182 2125; x_wconf 87' lang='lat' dir='ltr'><strong>similem,</strong></span> <span class='ocrx_word' id='word_1_145' title='bbox 1203 2070 1287 2130; x_wconf 89' lang='lat' dir='ltr'><strong>quem</strong></span> 
     </span>
     <span class='ocr_line' id='line_1_19' title="bbox 49 2138 1287 2228; baseline 0.004 -26"><span class='ocrx_word' id='word_1_146' title='bbox 49 2157 115 2202; x_wconf 85' lang='lat' dir='ltr'><strong>tum</strong></span> <span class='ocrx_word' id='word_1_147' title='bbox 132 2158 282 2205; x_wconf 78' lang='lat' dir='ltr'><strong>veneratus</strong></span> <span class='ocrx_word' id='word_1_148' title='bbox 302 2158 360 2219; x_wconf 87' lang='lat' dir='ltr'><strong>est,</strong></span> <span class='ocrx_word' id='word_1_149' title='bbox 381 2140 504 2204; x_wconf 90' lang='lat' dir='ltr'><strong>et&#39;hunc</strong></span> <span class='ocrx_word' id='word_1_150' title='bbox 520 2144 622 2204; x_wconf 90' lang='lat' dir='ltr'><strong>eodem</strong></span> <span class='ocrx_word' id='word_1_151' title='bbox 649 2138 803 2206; x_wconf 79' lang='lat' dir='ltr'><strong>veneratur</strong></span> <span class='ocrx_word' id='word_1_152' title='bbox 830 2149 1087 2228; x_wconf 83' lang='lat' dir='ltr'><strong>prosequiturque,</strong></span> <span class='ocrx_word' id='word_1_153' title='bbox 1108 2168 1164 2228; x_wconf 87' lang='lat' dir='ltr'><strong>qno</strong></span> <span class='ocrx_word' id='word_1_154' title='bbox 1182 2147 1287 2225; x_wconf 88' lang='lat' dir='ltr'><strong>illum,</strong></span> 
     </span>
     <span class='ocr_line' id='line_1_20' title="bbox 54 2240 1288 2327; baseline 0.006 -28"><span class='ocrx_word' id='word_1_155' title='bbox 54 2240 170 2303; x_wconf 87' lang='lat' dir='ltr'><strong>honore.</strong></span> <span class='ocrx_word' id='word_1_156' title='bbox 191 2243 253 2317; x_wconf 87' lang='lat' dir='ltr'><strong>Qua</strong></span> <span class='ocrx_word' id='word_1_157' title='bbox 278 2244 312 2302; x_wconf 91' lang='lat' dir='ltr'><strong>in</strong></span> <span class='ocrx_word' id='word_1_158' title='bbox 326 2262 357 2300; x_wconf 88' lang='lat' dir='ltr'><strong>re</strong></span> <span class='ocrx_word' id='word_1_159' title='bbox 375 2242 498 2301; x_wconf 85' lang='lat' dir='ltr'><strong>maxima</strong></span> <span class='ocrx_word' id='word_1_160' title='bbox 521 2244 653 2302; x_wconf 83' lang='lat' dir='ltr'><strong>cernitur</strong></span> <span class='ocrx_word' id='word_1_161' title='bbox 669 2245 827 2303; x_wconf 85' lang='lat' dir='ltr'><strong>amantium</strong></span> <span class='ocrx_word' id='word_1_162' title='bbox 846 2245 1008 2307; x_wconf 76' lang='lat' dir='ltr'><strong>diversitas.</strong></span> <span class='ocrx_word' id='word_1_163' title='bbox 1049 2247 1121 2305; x_wconf 86' lang='lat' dir='ltr'><strong>Nam</strong></span> <span class='ocrx_word' id='word_1_164' title='bbox 1141 2248 1191 2327; x_wconf 87' lang='lat' dir='ltr'><strong>qui</strong></span> <span class='ocrx_word' id='word_1_165' title='bbox 1210 2247 1288 2307; x_wconf 46' lang='lat' dir='ltr'><strong>Mare</strong></span> 
     </span>
     <span class='ocr_line' id='line_1_21' title="bbox 60 2341 1287 2421; baseline 0.008 -25"><span class='ocrx_word' id='word_1_166' title='bbox 60 2351 113 2396; x_wconf 88' lang='lat' dir='ltr'><strong>tem</strong></span> <span class='ocrx_word' id='word_1_167' title='bbox 135 2341 252 2400; x_wconf 84' lang='lat' dir='ltr'><strong>fuerunt</strong></span> <span class='ocrx_word' id='word_1_168' title='bbox 271 2341 381 2416; x_wconf 88' lang='lat' dir='ltr'><strong>secuti,</strong></span> <span class='ocrx_word' id='word_1_169' title='bbox 403 2355 435 2399; x_wconf 90' lang='lat' dir='ltr'><strong>ut</strong></span> <span class='ocrx_word' id='word_1_170' title='bbox 453 2341 508 2421; x_wconf 88' lang='lat' dir='ltr'><strong>ipsi</strong></span> <span class='ocrx_word' id='word_1_171' title='bbox 535 2355 603 2400; x_wconf 91' lang='lat' dir='ltr'><strong>sunt</strong></span> <span class='ocrx_word' id='word_1_172' title='bbox 621 2341 854 2421; x_wconf 83' lang='lat' dir='ltr'><strong>sanguinolenti,</strong></span> <span class='ocrx_word' id='word_1_173' title='bbox 875 2344 915 2402; x_wconf 87' lang='lat' dir='ltr'><strong>ita</strong></span> <span class='ocrx_word' id='word_1_174' title='bbox 939 2345 1039 2404; x_wconf 91' lang='lat' dir='ltr'><strong>talem.</strong></span> <span class='ocrx_word' id='word_1_175' title='bbox 1050 2346 1136 2404; x_wconf 88' lang='lat' dir='ltr'><strong>etiam</strong></span> <span class='ocrx_word' id='word_1_176' title='bbox 1149 2348 1287 2406; x_wconf 88' lang='lat' dir='ltr'><strong>amasium</strong></span> 
     </span>
    </p>

    <p class='ocr_par' dir='ltr' id='par_1_6' title="bbox 10 2438 1288 3014">
     <span class='ocr_line' id='line_1_22' title="bbox 10 2438 1286 2523; baseline 0.009 -31"><span class='ocrx_word' id='word_1_177' title='bbox 10 2484 13 2509; x_wconf 72' lang='lat'><strong>,</strong></span> <span class='ocrx_word' id='word_1_178' title='bbox 65 2453 211 2511; x_wconf 87' lang='lat' dir='ltr'><strong>quaerunt:</strong></span> <span class='ocrx_word' id='word_1_179' title='bbox 231 2439 273 2497; x_wconf 92' lang='lat' dir='ltr'><strong>sic</strong></span> <span class='ocrx_word' id='word_1_180' title='bbox 287 2438 377 2497; x_wconf 88' lang='lat' dir='ltr'><strong>alium</strong></span> <span class='ocrx_word' id='word_1_181' title='bbox 392 2453 535 2518; x_wconf 88' lang='lat' dir='ltr'><strong>quaerunt</strong></span> <span class='ocrx_word' id='word_1_182' title='bbox 544 2485 553 2514; x_wconf 94' lang='lat'><strong>,</strong></span> <span class='ocrx_word' id='word_1_183' title='bbox 571 2439 622 2518; x_wconf 92' lang='lat' dir='ltr'><strong>qui</strong></span> <span class='ocrx_word' id='word_1_184' title='bbox 636 2439 775 2514; x_wconf 88' lang='lat' dir='ltr'><strong>Junonis,</strong></span> <span class='ocrx_word' id='word_1_185' title='bbox 791 2440 900 2516; x_wconf 86' lang='lat' dir='ltr'><strong>aliurn,</strong></span> <span class='ocrx_word' id='word_1_186' title='bbox 920 2444 971 2521; x_wconf 90' lang='lat' dir='ltr'><strong>qul</strong></span> <span class='ocrx_word' id='word_1_187' title='bbox 989 2442 1155 2523; x_wconf 88' lang='lat' dir='ltr'><strong>Apollinis,</strong></span> <span class='ocrx_word' id='word_1_188' title='bbox 1177 2443 1286 2521; x_wconf 87' lang='lat' dir='ltr'><strong>alium,</strong></span> 
     </span>
     <span class='ocr_line' id='line_1_23' title="bbox 69 2531 1288 2608; baseline 0.007 -15"><span class='ocrx_word' id='word_1_189' title='bbox 69 2531 194 2608; x_wconf 73' lang='lat' dir='ltr'><strong>quietius</strong></span> <span class='ocrx_word' id='word_1_190' title='bbox 212 2537 302 2596; x_wconf 88' lang='lat' dir='ltr'><strong>secuti</strong></span> <span class='ocrx_word' id='word_1_191' title='bbox 323 2551 390 2596; x_wconf 89' lang='lat' dir='ltr'><strong>sunt</strong></span> <span class='ocrx_word' id='word_1_192' title='bbox 414 2536 542 2596; x_wconf 88' lang='lat' dir='ltr'><strong>chorum.</strong></span> <span class='ocrx_word' id='word_1_193' title='bbox 584 2537 689 2595; x_wconf 91' lang='lat' dir='ltr'><strong>Omnes</strong></span> <span class='ocrx_word' id='word_1_194' title='bbox 716 2557 784 2596; x_wconf 73' lang='lat' dir='ltr'><strong>tero</strong></span> <span class='ocrx_word' id='word_1_195' title='bbox 812 2537 912 2598; x_wconf 88' lang='lat' dir='ltr'><strong>adsui</strong></span> <span class='ocrx_word' id='word_1_196' title='bbox 930 2540 1152 2600; x_wconf 87' lang='lat' dir='ltr'><strong>similitudinem</strong></span> <span class='ocrx_word' id='word_1_197' title='bbox 1179 2543 1233 2602; x_wconf 91' lang='lat' dir='ltr'><strong>Dei</strong></span> <span class='ocrx_word' id='word_1_198' title='bbox 1258 2556 1288 2602; x_wconf 90' lang='lat' dir='ltr'><strong>et</strong></span> 
     </span>
     <span class='ocr_line' id='line_1_24' title="bbox 10 2632 1285 2717; baseline 0.011 -32"><span class='ocrx_word' id='word_1_199' title='bbox 10 2658 41 2716; x_wconf 58' lang='lat'><strong>33-</strong></span> <span class='ocrx_word' id='word_1_200' title='bbox 73 2645 174 2693; x_wconf 84' lang='lat' dir='ltr'><strong>anatum</strong></span> <span class='ocrx_word' id='word_1_201' title='bbox 202 2648 231 2694; x_wconf 89' lang='lat' dir='ltr'><strong>et</strong></span> <span class='ocrx_word' id='word_1_202' title='bbox 258 2635 423 2716; x_wconf 88' lang='lat' dir='ltr'><strong>semetipsos</strong></span> <span class='ocrx_word' id='word_1_203' title='bbox 452 2656 623 2717; x_wconf 89' lang='lat' dir='ltr'><strong>componere</strong></span> <span class='ocrx_word' id='word_1_204' title='bbox 651 2632 779 2694; x_wconf 84' lang='lat' dir='ltr'><strong>student.</strong></span> <span class='ocrx_word' id='word_1_205' title='bbox 819 2637 937 2697; x_wconf 77' lang='lat' dir='ltr'><strong>Accidit</strong></span> <span class='ocrx_word' id='word_1_206' title='bbox 956 2639 1015 2713; x_wconf 82' lang='lat' dir='ltr'><strong>ita,</strong></span> <span class='ocrx_word' id='word_1_207' title='bbox 1039 2651 1071 2696; x_wconf 89' lang='lat' dir='ltr'><strong>ut</strong></span> <span class='ocrx_word' id='word_1_208' title='bbox 1091 2638 1224 2699; x_wconf 83' lang='lat' dir='ltr'><strong>diversus</strong></span> <span class='ocrx_word' id='word_1_209' title='bbox 1246 2641 1285 2699; x_wconf 93' lang='lat' dir='ltr'><strong>sit</strong></span> 
     </span>
     <span class='ocr_line' id='line_1_25' title="bbox 10 2724 1287 2817; baseline 0.008 -30"><span class='ocrx_word' id='word_1_210' title='bbox 10 2742 30 2813; x_wconf 55' lang='grc' dir='ltr'><strong>ι(</strong></span> <span class='ocrx_word' id='word_1_211' title='bbox 74 2724 126 2786; x_wconf 69' lang='lat' dir='ltr'><strong>item</strong></span> <span class='ocrx_word' id='word_1_212' title='bbox 142 2732 255 2792; x_wconf 83' lang='lat' dir='ltr'><strong>amandi</strong></span> <span class='ocrx_word' id='word_1_213' title='bbox 274 2733 393 2808; x_wconf 91' lang='lat' dir='ltr'><strong>modus,</strong></span> <span class='ocrx_word' id='word_1_214' title='bbox 421 2754 555 2812; x_wconf 85' lang='lat' dir='ltr'><strong>amorque</strong></span> <span class='ocrx_word' id='word_1_215' title='bbox 583 2753 643 2791; x_wconf 87' lang='lat' dir='ltr'><strong>non</strong></span> <span class='ocrx_word' id='word_1_216' title='bbox 667 2731 801 2791; x_wconf 90' lang='lat' dir='ltr'><strong>omnibus</strong></span> <span class='ocrx_word' id='word_1_217' title='bbox 830 2734 965 2794; x_wconf 87' lang='lat' dir='ltr'><strong>similiter</strong></span> <span class='ocrx_word' id='word_1_218' title='bbox 987 2737 1087 2817; x_wconf 88' lang='lat' dir='ltr'><strong>prosit.</strong></span> <span class='ocrx_word' id='word_1_219' title='bbox 1135 2739 1193 2812; x_wconf 88' lang='lat' dir='ltr'><strong>Qui</strong></span> <span class='ocrx_word' id='word_1_220' title='bbox 1216 2759 1287 2799; x_wconf 80' lang='lat' dir='ltr'><strong>vero</strong></span> 
     </span>
     <span class='ocr_line' id='line_1_26' title="bbox 10 2818 1283 2915; baseline 0.007 -32"><span class='ocrx_word' id='word_1_221' title='bbox 10 2844 42 2914; x_wconf 48' lang='lat' dir='ltr'><strong>fg·</strong></span> <span class='ocrx_word' id='word_1_222' title='bbox 74 2818 152 2887; x_wconf 81' lang='lat' dir='ltr'><strong>lovem</strong></span> <span class='ocrx_word' id='word_1_223' title='bbox 168 2830 323 2909; x_wconf 89' lang='lat' dir='ltr'><strong>aliquando</strong></span> <span class='ocrx_word' id='word_1_224' title='bbox 338 2831 491 2912; x_wconf 87' lang='lat' dir='ltr'><strong>choregum</strong></span> <span class='ocrx_word' id='word_1_225' title='bbox 509 2829 691 2903; x_wconf 85' lang='lat' dir='ltr'><strong>habuerunt,</strong></span> <span class='ocrx_word' id='word_1_226' title='bbox 706 2830 849 2891; x_wconf 81' lang='lat' dir='ltr'><strong>Jovialem</strong></span> <span class='ocrx_word' id='word_1_227' title='bbox 871 2848 1031 2912; x_wconf 87' lang='lat' dir='ltr'><strong>quaerunt,</strong></span> <span class='ocrx_word' id='word_1_228' title='bbox 1063 2856 1147 2915; x_wconf 87' lang='lat' dir='ltr'><strong>quem</strong></span> <span class='ocrx_word' id='word_1_229' title='bbox 1170 2850 1283 2896; x_wconf 89' lang='lat' dir='ltr'><strong>ament:</strong></span> 
     </span>
     <span class='ocr_line' id='line_1_27' title="bbox 75 2921 1284 3014; baseline 0.009 -32"><span class='ocrx_word' id='word_1_230' title='bbox 75 2925 205 2988; x_wconf 70' lang='lat' dir='ltr'><strong>mnodum</strong></span> <span class='ocrx_word' id='word_1_231' title='bbox 230 2921 296 3003; x_wconf 72' lang='grc' dir='ltr'><strong>οὖν,</strong></span> <span class='ocrx_word' id='word_1_232' title='bbox 321 2927 348 2989; x_wconf 73' lang='grc' dir='ltr'><strong>εἰ</strong></span> <span class='ocrx_word' id='word_1_233' title='bbox 373 2923 539 3010; x_wconf 78' lang='grc' dir='ltr'><strong><em>φιλόσοφός</em></strong></span> <span class='ocrx_word' id='word_1_234' title='bbox 564 2950 595 2989; x_wconf 75' lang='grc' dir='ltr'><strong>τε</strong></span> <span class='ocrx_word' id='word_1_235' title='bbox 621 2926 669 2988; x_wconf 77' lang='grc' dir='ltr'><strong>καὶ</strong></span> <span class='ocrx_word' id='word_1_236' title='bbox 694 2921 867 3009; x_wconf 74' lang='grc' dir='ltr'><strong><em>ήγεμονικός</em></strong></span> <span class='ocrx_word' id='word_1_237' title='bbox 891 2925 948 3013; x_wconf 70' lang='grc' dir='ltr'><strong>τήν</strong></span> <span class='ocrx_word' id='word_1_238' title='bbox 969 2925 1071 3014; x_wconf 74' lang='grc' dir='ltr'><em>φύσιν·</em></span> <span class='ocrx_word' id='word_1_239' title='bbox 1091 2937 1284 2994; x_wconf 66' lang='lat' dir='ltr'><strong>recuderunt</strong></span> 
     </span>
    </p>

    <p class='ocr_par' dir='ltr' id='par_1_7' title="bbox 31 3025 1286 3310">
     <span class='ocr_line' id='line_1_28' title="bbox 31 3025 1283 3113; baseline 0.009 -29"><span class='ocrx_word' id='word_1_240' title='bbox 31 3036 34 3047; x_wconf 94' lang='lat'>&#39;</span> <span class='ocrx_word' id='word_1_241' title='bbox 74 3025 169 3105; x_wconf 61' lang='lat' dir='ltr'><strong>ititter,</strong></span> <span class='ocrx_word' id='word_1_242' title='bbox 189 3052 263 3087; x_wconf 77' lang='lat' dir='ltr'><strong>oum</strong></span> <span class='ocrx_word' id='word_1_243' title='bbox 271 3032 464 3109; x_wconf 76' lang='lat' dir='ltr'><strong>philosophus</strong></span> <span class='ocrx_word' id='word_1_244' title='bbox 476 3040 519 3091; x_wconf 84' lang='lat' dir='ltr'><strong>eit</strong></span> <span class='ocrx_word' id='word_1_245' title='bbox 531 3037 647 3090; x_wconf 67' lang='lat' dir='ltr'><strong>notura</strong></span> <span class='ocrx_word' id='word_1_246' title='bbox 662 3043 755 3110; x_wconf 81' lang='lat' dir='ltr'><strong>atque·</strong></span> <span class='ocrx_word' id='word_1_247' title='bbox 765 3035 805 3090; x_wconf 86' lang='lat' dir='ltr'><strong>ud</strong></span> <span class='ocrx_word' id='word_1_248' title='bbox 816 3037 1028 3112; x_wconf 79' lang='lat' dir='ltr'><strong>imperandum</strong></span> <span class='ocrx_word' id='word_1_249' title='bbox 1040 3046 1148 3094; x_wconf 82' lang='lat' dir='ltr'><strong>natue:</strong></span> <span class='ocrx_word' id='word_1_250' title='bbox 1169 3035 1283 3113; x_wconf 89' lang='lat' dir='ltr'><strong>qualem</strong></span> 
     </span>
     <span class='ocr_line' id='line_1_29' title="bbox 74 3117 1283 3208; baseline 0.007 -24"><span class='ocrx_word' id='word_1_251' title='bbox 74 3117 112 3179; x_wconf 74' lang='lat' dir='ltr'><strong>ubi</strong></span> <span class='ocrx_word' id='word_1_252' title='bbox 125 3127 315 3204; x_wconf 79' lang='lat' dir='ltr'><strong>invenerunt,</strong></span> <span class='ocrx_word' id='word_1_253' title='bbox 345 3151 406 3189; x_wconf 90' lang='lat' dir='ltr'><strong>non</strong></span> <span class='ocrx_word' id='word_1_254' title='bbox 433 3145 530 3190; x_wconf 88' lang='lat' dir='ltr'><strong>amant</strong></span> <span class='ocrx_word' id='word_1_255' title='bbox 555 3151 621 3189; x_wconf 91' lang='lat' dir='ltr'><strong>eum</strong></span> <span class='ocrx_word' id='word_1_256' title='bbox 642 3130 840 3206; x_wconf 89' lang='lat' dir='ltr'><strong>solummodo,</strong></span> <span class='ocrx_word' id='word_1_257' title='bbox 870 3133 920 3192; x_wconf 88' lang='lat' dir='ltr'><strong>scd</strong></span> <span class='ocrx_word' id='word_1_258' title='bbox 948 3134 1104 3193; x_wconf 87' lang='lat' dir='ltr'><strong>enituntur·</strong></span> <span class='ocrx_word' id='word_1_259' title='bbox 1125 3133 1231 3208; x_wconf 90' lang='lat' dir='ltr'><strong>simul,</strong></span> <span class='ocrx_word' id='word_1_260' title='bbox 1251 3146 1283 3192; x_wconf 91' lang='lat' dir='ltr'><strong>ut</strong></span> 
     </span>
     <span class='ocr_line' id='line_1_30' title="bbox 73 3212 1286 3310; baseline 0.013 -35"><span class='ocrx_word' id='word_1_261' title='bbox 73 3212 164 3285; x_wconf 81' lang='lat' dir='ltr'><strong>indoles</strong></span> <span class='ocrx_word' id='word_1_262' title='bbox 183 3227 244 3305; x_wconf 81' lang='lat' dir='ltr'><strong>ejus</strong></span> <span class='ocrx_word' id='word_1_263' title='bbox 263 3248 397 3307; x_wconf 85' lang='lat' dir='ltr'><strong>generosa</strong></span> <span class='ocrx_word' id='word_1_264' title='bbox 416 3230 578 3310; x_wconf 84' lang='lat' dir='ltr'><strong>explicetur</strong></span> <span class='ocrx_word' id='word_1_265' title='bbox 594 3243 663 3289; x_wconf 89' lang='lat' dir='ltr'><strong>tota.</strong></span> <span class='ocrx_word' id='word_1_266' title='bbox 697 3230 784 3305; x_wconf 90' lang='lat' dir='ltr'><strong>Quod</strong></span> <span class='ocrx_word' id='word_1_267' title='bbox 804 3229 916 3290; x_wconf 85' lang='lat' dir='ltr'><strong>efficere</strong></span> <span class='ocrx_word' id='word_1_268' title='bbox 935 3247 1089 3307; x_wconf 88' lang='lat' dir='ltr'><strong>conantes,</strong></span> <span class='ocrx_word' id='word_1_269' title='bbox 1109 3246 1170 3291; x_wconf 79' lang='lat' dir='ltr'><strong>non</strong></span> <span class='ocrx_word' id='word_1_270' title='bbox 1187 3232 1286 3291; x_wconf 77' lang='lat' dir='ltr'><strong>minus.</strong></span> 
     </span>
    </p>

    <p class='ocr_par' dir='ltr' id='par_1_8' title="bbox 10 3312 1282 3503">
     <span class='ocr_line' id='line_1_31' title="bbox 10 3312 1282 3420; baseline 0.004 -37"><span class='ocrx_word' id='word_1_271' title='bbox 10 3370 24 3420; x_wconf 62' lang='lat'><strong>„</strong></span> <span class='ocrx_word' id='word_1_272' title='bbox 71 3312 252 3406; x_wconf 60' lang='lat' dir='ltr'><strong>sibimetipsis,</strong></span> <span class='ocrx_word' id='word_1_273' title='bbox 273 3347 358 3405; x_wconf 87' lang='lat' dir='ltr'><strong>quarn</strong></span> <span class='ocrx_word' id='word_1_274' title='bbox 386 3340 495 3403; x_wconf 89' lang='lat' dir='ltr'><strong>amato,</strong></span> <span class='ocrx_word' id='word_1_275' title='bbox 516 3327 681 3387; x_wconf 90' lang='lat' dir='ltr'><strong>consulunt.</strong></span> <span class='ocrx_word' id='word_1_276' title='bbox 722 3329 795 3388; x_wconf 90' lang='lat' dir='ltr'><strong>Nam</strong></span> <span class='ocrx_word' id='word_1_277' title='bbox 814 3329 841 3388; x_wconf 86' lang='lat' dir='ltr'><strong>&#39;si</strong></span> <span class='ocrx_word' id='word_1_278' title='bbox 870 3344 953 3389; x_wconf 88' lang='lat' dir='ltr'><strong>antea</strong></span> <span class='ocrx_word' id='word_1_279' title='bbox 973 3330 1184 3411; x_wconf 89' lang='lat' dir='ltr'><strong>philosophiam</strong></span> <span class='ocrx_word' id='word_1_280' title='bbox 1202 3329 1282 3388; x_wconf 85' lang='lat' dir='ltr'><strong>haud</strong></span> 
     </span>
     <span class='ocr_line' id='line_1_32' title="bbox 68 3407 1282 3503; baseline 0.006 -24"><span class='ocrx_word' id='word_1_281' title='bbox 68 3407 108 3469; x_wconf 59' lang='lat'><strong>¹4¹⁰</strong></span> <span class='ocrx_word' id='word_1_282' title='bbox 121 3424 240 3503; x_wconf 85' lang='lat' dir='ltr'><strong>aggressi</strong></span> <span class='ocrx_word' id='word_1_283' title='bbox 259 3438 346 3499; x_wconf 88' lang='lat' dir='ltr'><strong>sunt,</strong></span> <span class='ocrx_word' id='word_1_284' title='bbox 365 3439 435 3489; x_wconf 86' lang='lat' dir='ltr'><strong>tunc</strong></span> <span class='ocrx_word' id='word_1_285' title='bbox 463 3427 496 3485; x_wconf 92' lang='lat' dir='ltr'><strong>in</strong></span> <span class='ocrx_word' id='word_1_286' title='bbox 525 3446 586 3483; x_wconf 91' lang='lat' dir='ltr'><strong>eam</strong></span> <span class='ocrx_word' id='word_1_287' title='bbox 614 3412 833 3500; x_wconf 85' lang='lat' dir='ltr'><strong>incumbentes,</strong></span> <span class='ocrx_word' id='word_1_288' title='bbox 861 3441 889 3485; x_wconf 89' lang='lat' dir='ltr'><strong>et</strong></span> <span class='ocrx_word' id='word_1_289' title='bbox 908 3426 1027 3486; x_wconf 88' lang='lat' dir='ltr'><strong>aliunde</strong></span> <span class='ocrx_word' id='word_1_290' title='bbox 1048 3426 1164 3486; x_wconf 90' lang='lat' dir='ltr'><strong>discunt</strong></span> <span class='ocrx_word' id='word_1_291' title='bbox 1193 3427 1282 3486; x_wconf 89' lang='lat' dir='ltr'><strong>unde·</strong></span> 
     </span>
    </p>

    <p class='ocr_par' dir='ltr' id='par_1_9' title="bbox 10 3519 1281 3895">
     <span class='ocr_line' id='line_1_33' title="bbox 10 3519 1281 3607; baseline 0.005 -28"><span class='ocrx_word' id='word_1_292' title='bbox 10 3554 14 3593; x_wconf 57' lang='grc' dir='ltr'><strong><em>ς</em></strong></span> <span class='ocrx_word' id='word_1_293' title='bbox 63 3522 163 3607; x_wconf 54' lang='lat' dir='ltr'><strong>flllque</strong></span> <span class='ocrx_word' id='word_1_294' title='bbox 182 3519 269 3596; x_wconf 89' lang='lat' dir='ltr'><strong>licet,</strong></span> <span class='ocrx_word' id='word_1_295' title='bbox 290 3536 318 3581; x_wconf 89' lang='lat' dir='ltr'><strong>et</strong></span> <span class='ocrx_word' id='word_1_296' title='bbox 341 3523 396 3603; x_wconf 92' lang='lat' dir='ltr'><strong>ipsi</strong></span> <span class='ocrx_word' id='word_1_297' title='bbox 416 3544 513 3604; x_wconf 88' lang='lat' dir='ltr'><strong>perse</strong></span> <span class='ocrx_word' id='word_1_298' title='bbox 533 3521 671 3604; x_wconf 86' lang='lat' dir='ltr'><strong>proficere</strong></span> <span class='ocrx_word' id='word_1_299' title='bbox 690 3524 834 3582; x_wconf 88' lang='lat' dir='ltr'><strong>nituntur.</strong></span> <span class='ocrx_word' id='word_1_300' title='bbox 860 3523 1051 3606; x_wconf 84' lang='lat' dir='ltr'><strong>Explorantes</strong></span> <span class='ocrx_word' id='word_1_301' title='bbox 1071 3539 1165 3584; x_wconf 90' lang='lat' dir='ltr'><strong>autem</strong></span> <span class='ocrx_word' id='word_1_302' title='bbox 1184 3540 1281 3585; x_wconf 88' lang='lat' dir='ltr'><strong>semet·</strong></span> 
     </span>
     <span class='ocr_line' id='line_1_34' title="bbox 59 3616 1280 3704; baseline 0.003 -26"><span class='ocrx_word' id='word_1_303' title='bbox 59 3616 144 3694; x_wconf 78' lang='lat' dir='ltr'><strong>¹P⁸0⁸,</strong></span> <span class='ocrx_word' id='word_1_304' title='bbox 173 3632 206 3676; x_wconf 91' lang='lat' dir='ltr'><strong>ut</strong></span> <span class='ocrx_word' id='word_1_305' title='bbox 227 3620 429 3699; x_wconf 84' lang='lat' dir='ltr'><strong>investigando</strong></span> <span class='ocrx_word' id='word_1_306' title='bbox 451 3634 638 3700; x_wconf 89' lang='lat' dir='ltr'><strong>assequantur</strong></span> <span class='ocrx_word' id='word_1_307' title='bbox 654 3620 707 3678; x_wconf 91' lang='lat' dir='ltr'><strong>Dei</strong></span> <span class='ocrx_word' id='word_1_308' title='bbox 726 3622 770 3679; x_wconf 92' lang='lat' dir='ltr'><strong>sui</strong></span> <span class='ocrx_word' id='word_1_309' title='bbox 789 3622 937 3698; x_wconf 79' lang='lat' dir='ltr'><strong>naturam,</strong></span> <span class='ocrx_word' id='word_1_310' title='bbox 956 3623 1016 3685; x_wconf 77' lang='lat' dir='ltr'><strong>voti</strong></span> <span class='ocrx_word' id='word_1_311' title='bbox 1035 3624 1152 3683; x_wconf 83' lang='lat' dir='ltr'><strong>tandem</strong></span> <span class='ocrx_word' id='word_1_312' title='bbox 1170 3645 1280 3704; x_wconf 82' lang='lat' dir='ltr'><strong>compo</strong></span> 
     </span>
     <span class='ocr_line' id='line_1_35' title="bbox 56 3704 1279 3802; baseline 0.005 -28"><span class='ocrx_word' id='word_1_313' title='bbox 56 3704 86 3756; x_wconf 66' lang='lat'><strong>¹⁸⁵</strong></span> <span class='ocrx_word' id='word_1_314' title='bbox 100 3704 198 3792; x_wconf 77' lang='lat' dir='ltr'><strong>fiunt,</strong></span> <span class='ocrx_word' id='word_1_315' title='bbox 206 3731 369 3798; x_wconf 86' lang='lat' dir='ltr'><strong>propterea,</strong></span> <span class='ocrx_word' id='word_1_316' title='bbox 379 3719 457 3798; x_wconf 92' lang='lat' dir='ltr'><strong>quod</strong></span> <span class='ocrx_word' id='word_1_317' title='bbox 471 3719 503 3778; x_wconf 90' lang='lat' dir='ltr'><strong>iu</strong></span> <span class='ocrx_word' id='word_1_318' title='bbox 517 3720 609 3778; x_wconf 89' lang='lat' dir='ltr'><strong>Deum</strong></span> <span class='ocrx_word' id='word_1_319' title='bbox 623 3716 774 3777; x_wconf 86' lang='lat' dir='ltr'><strong>intendere</strong></span> <span class='ocrx_word' id='word_1_320' title='bbox 788 3740 899 3779; x_wconf 86' lang='lat' dir='ltr'><strong>omnem</strong></span> <span class='ocrx_word' id='word_1_321' title='bbox 913 3721 1017 3779; x_wconf 90' lang='lat' dir='ltr'><strong>mentis</strong></span> <span class='ocrx_word' id='word_1_322' title='bbox 1031 3722 1120 3780; x_wconf 85' lang='lat' dir='ltr'><strong>aciem</strong></span> <span class='ocrx_word' id='word_1_323' title='bbox 1131 3736 1279 3802; x_wconf 90' lang='lat' dir='ltr'><strong>coguntur.</strong></span> 
     </span>
     <span class='ocr_line' id='line_1_36' title="bbox 50 3788 1281 3895; baseline 0.002 -22"><span class='ocrx_word' id='word_1_324' title='bbox 50 3788 122 3867; x_wconf 67' lang='lat' dir='ltr'><strong>Tum</strong></span> <span class='ocrx_word' id='word_1_325' title='bbox 143 3836 211 3874; x_wconf 82' lang='lat' dir='ltr'><strong>vero</strong></span> <span class='ocrx_word' id='word_1_326' title='bbox 228 3819 347 3876; x_wconf 85' lang='lat' dir='ltr'><strong>assecuti</strong></span> <span class='ocrx_word' id='word_1_327' title='bbox 363 3817 448 3877; x_wconf 89' lang='lat' dir='ltr'><strong>illum</strong></span> <span class='ocrx_word' id='word_1_328' title='bbox 466 3815 681 3891; x_wconf 88' lang='lat' dir='ltr'><strong>recordatione,</strong></span> <span class='ocrx_word' id='word_1_329' title='bbox 703 3818 819 3895; x_wconf 86' lang='lat' dir='ltr'><strong>ejusque</strong></span> <span class='ocrx_word' id='word_1_330' title='bbox 834 3819 953 3877; x_wconf 91' lang='lat' dir='ltr'><strong>numine</strong></span> <span class='ocrx_word' id='word_1_331' title='bbox 967 3819 1071 3895; x_wconf 85' lang='lat' dir='ltr'><strong>afflati,</strong></span> <span class='ocrx_word' id='word_1_332' title='bbox 1093 3841 1129 3878; x_wconf 82' lang='lat' dir='ltr'><strong>ex</strong></span> <span class='ocrx_word' id='word_1_333' title='bbox 1144 3841 1176 3879; x_wconf 96' lang='lat' dir='ltr'><strong>eo</strong></span> <span class='ocrx_word' id='word_1_334' title='bbox 1190 3839 1281 3878; x_wconf 90' lang='lat' dir='ltr'><strong>mores</strong></span> 
     </span>
    </p>

    <p class='ocr_par' dir='ltr' id='par_1_10' title="bbox 43 3900 1279 4003">
     <span class='ocr_line' id='line_1_37' title="bbox 43 3900 1279 4003; baseline 0.002 -33"><span class='ocrx_word' id='word_1_335' title='bbox 43 3900 65 3944; x_wconf 54' lang='grc' dir='ltr'><strong>θ’</strong></span> <span class='ocrx_word' id='word_1_336' title='bbox 77 3912 191 3972; x_wconf 66' lang='lat' dir='ltr'><strong>studia</strong></span> <span class='ocrx_word' id='word_1_337' title='bbox 205 3912 360 3991; x_wconf 72' lang='lat' dir='ltr'><strong>delibant,</strong></span> <span class='ocrx_word' id='word_1_338' title='bbox 374 3929 514 3994; x_wconf 86' lang='lat' dir='ltr'><strong>quatenus</strong></span> <span class='ocrx_word' id='word_1_339' title='bbox 526 3913 638 3974; x_wconf 88' lang='lat' dir='ltr'><strong>homini</strong></span> <span class='ocrx_word' id='word_1_340' title='bbox 654 3914 696 3972; x_wconf 85' lang='lat' dir='ltr'><strong>fas</strong></span> <span class='ocrx_word' id='word_1_341' title='bbox 710 3928 752 3973; x_wconf 87' lang='lat' dir='ltr'><strong>est</strong></span> <span class='ocrx_word' id='word_1_342' title='bbox 765 3915 818 3973; x_wconf 87' lang='lat' dir='ltr'><strong>Dei</strong></span> <span class='ocrx_word' id='word_1_343' title='bbox 837 3936 895 3974; x_wconf 90' lang='lat' dir='ltr'><strong>esse</strong></span> <span class='ocrx_word' id='word_1_344' title='bbox 908 3918 1053 4003; x_wconf 59' lang='lat' dir='ltr'><strong>participi,</strong></span> <span class='ocrx_word' id='word_1_345' title='bbox 1074 3918 1168 3996; x_wconf 90' lang='lat' dir='ltr'><strong>Hujus</strong></span> <span class='ocrx_word' id='word_1_346' title='bbox 1186 3929 1279 3973; x_wconf 88' lang='lat' dir='ltr'><strong>autem</strong></span> 
     </span>
    </p>
   </div>
   <div class='ocr_carea' id='block_1_5' title="bbox 28 4005 1278 4212">
    <p class='ocr_par' dir='ltr' id='par_1_11' title="bbox 28 4005 1278 4212">
     <span class='ocr_line' id='line_1_38' title="bbox 52 4005 1278 4097; baseline 0.005 -30"><span class='ocrx_word' id='word_1_347' title='bbox 52 4005 185 4070; x_wconf 65' lang='lat' dir='ltr'><strong>eneficfi</strong></span> <span class='ocrx_word' id='word_1_348' title='bbox 203 4013 339 4072; x_wconf 85' lang='lat' dir='ltr'><strong>amasium</strong></span> <span class='ocrx_word' id='word_1_349' title='bbox 363 4013 501 4075; x_wconf 88' lang='lat' dir='ltr'><strong>habentes</strong></span> <span class='ocrx_word' id='word_1_350' title='bbox 520 4027 681 4088; x_wconf 87' lang='lat' dir='ltr'><strong>auctorem,</strong></span> <span class='ocrx_word' id='word_1_351' title='bbox 700 4013 787 4094; x_wconf 90' lang='lat' dir='ltr'><strong>magis</strong></span> <span class='ocrx_word' id='word_1_352' title='bbox 806 4015 890 4075; x_wconf 89' lang='lat' dir='ltr'><strong>etiam</strong></span> <span class='ocrx_word' id='word_1_353' title='bbox 909 4036 973 4074; x_wconf 91' lang='lat' dir='ltr'><strong>eum</strong></span> <span class='ocrx_word' id='word_1_354' title='bbox 992 4015 1137 4097; x_wconf 67' lang='lat' dir='ltr'><strong>diligunt,</strong></span> <span class='ocrx_word' id='word_1_355' title='bbox 1158 4011 1278 4093; x_wconf 90' lang='lat' dir='ltr'><strong>quodsi,</strong></span> 
     </span>
     <span class='ocr_line' id='line_1_39' title="bbox 28 4163 309 4212; baseline 0.004 -1"><span class='ocrx_word' id='word_1_356' title='bbox 28 4163 309 4212; x_wconf 31' lang='lat'><strong>&amp;—</strong></span> 
     </span>
    </p>
   </div>
   <div class='ocr_carea' id='block_1_6' title="bbox 47 4284 1277 4384">
    <p class='ocr_par' dir='ltr' id='par_1_12' title="bbox 47 4284 1277 4384">
     <span class='ocr_line' id='line_1_40' title="bbox 47 4284 1277 4384; baseline 0.008 -22"><span class='ocrx_word' id='word_1_357' title='bbox 47 4284 83 4351; x_wconf 81' lang='lat'><strong>¹)</strong></span> <span class='ocrx_word' id='word_1_358' title='bbox 121 4313 222 4383; x_wconf 71' lang='lat' dir='ltr'><strong>Hippot.</strong></span> <span class='ocrx_word' id='word_1_359' title='bbox 241 4331 280 4366; x_wconf 85' lang='lat' dir='ltr'><strong>vs.</strong></span> <span class='ocrx_word' id='word_1_360' title='bbox 300 4314 357 4366; x_wconf 80' lang='lat'><strong>525.</strong></span> <span class='ocrx_word' id='word_1_361' title='bbox 376 4316 415 4368; x_wconf 89' lang='lat' dir='ltr'><strong>De</strong></span> <span class='ocrx_word' id='word_1_362' title='bbox 433 4315 616 4384; x_wconf 85' lang='lat' dir='ltr'><strong>scriptoribus,</strong></span> <span class='ocrx_word' id='word_1_363' title='bbox 636 4317 678 4383; x_wconf 86' lang='lat' dir='ltr'><strong>qui</strong></span> <span class='ocrx_word' id='word_1_364' title='bbox 696 4315 829 4368; x_wconf 88' lang='lat' dir='ltr'><strong>Platonem</strong></span> <span class='ocrx_word' id='word_1_365' title='bbox 851 4319 940 4369; x_wconf 89' lang='lat' dir='ltr'><strong>imitati</strong></span> <span class='ocrx_word' id='word_1_366' title='bbox 958 4326 1017 4370; x_wconf 87' lang='lat' dir='ltr'><strong>sunt</strong></span> <span class='ocrx_word' id='word_1_367' title='bbox 1033 4318 1086 4369; x_wconf 82' lang='lat' dir='ltr'><strong>vid.</strong></span> <span class='ocrx_word' id='word_1_368' title='bbox 1105 4319 1158 4371; x_wconf 80' lang='lat' dir='ltr'><strong>Ast.</strong></span> <span class='ocrx_word' id='word_1_369' title='bbox 1177 4319 1210 4370; x_wconf 87' lang='lat' dir='ltr'><strong>ud</strong></span> <span class='ocrx_word' id='word_1_370' title='bbox 1222 4320 1246 4372; x_wconf 91' lang='lat' dir='ltr'><strong>h.</strong></span> <span class='ocrx_word' id='word_1_371' title='bbox 1261 4321 1277 4372; x_wconf 91' lang='lat' dir='ltr'><strong>l.</strong></span> 
     </span>
    </p>
   </div>
   <div class='ocr_carea' id='block_1_7' title="bbox 0 0 1402 5048">
    <p class='ocr_par' dir='ltr' id='par_1_13' title="bbox 0 0 1402 5048">
     <span class='ocr_line' id='line_1_41' title="bbox 0 0 1402 5048; baseline 0 2"><span class='ocrx_word' id='word_1_372' title='bbox 0 0 1402 5048; x_wconf 95' lang='lat' dir='ltr'><strong> </strong></span> 
     </span>
    </p>
   </div>
  </div>
 </body>
</html>
