2796 5048
678 248 738 307 390

80 425 194 493 grantes
213 413 268 491 ipsi
297 412 358 468 veri
386 430 500 484 amore,
529 410 583 469 hoc
613 429 754 468 summum
785 400 987 487 phinsophiae
1010 408 1200 491 principium
1213 412 1244 471 in
1260 414 1307 494 ipso

80 510 198 570 homine
217 507 368 589 explorare
386 507 585 587 gestiebamus.
627 509 713 566 Nunc
735 526 819 580 vero,
838 517 989 585 postquam
1007 518 1038 565 et
1058 505 1117 567 hoc
1128 508 1309 592 philosophiae

79 607 259 689 principium
279 619 308 664 et
332 604 523 686 disciplinas,
551 607 658 685 quibus
685 605 756 664 haec
786 624 838 663 nos
857 601 895 661 ad
922 603 983 661 veri
1000 604 1161 665 scientiam
1184 606 1310 685 ducit,et

81 705 297 789 exploravimus
307 717 335 762 et
353 702 582 779 deelaravimus,
593 705 781 782 cumquejam
793 702 882 760 simus
902 698 939 761 de
958 700 1022 780 ipso
1042 702 1250 787 philosophiae
1265 706 1310 765 fine

80 806 192 879 acturi,
222 824 319 877 nunc,
352 803 490 882 inquam,
509 825 570 863 non
596 816 708 862 tantum
731 822 792 861 non
821 797 977 875 rejiciendi
997 799 1046 860 illi
1068 803 1162 863 nobis
1180 818 1260 880 sunt,
1274 803 1312 863 sed

82 905 113 962 in
130 901 284 961 consilium
304 898 375 960 adeo
396 899 560 961 adhibendi
582 899 731 961 videntur.
774 899 846 957 Nam
866 895 999 975 quamvis
1020 899 1105 980 ap'ud
1126 923 1182 962 nos
1201 901 1237 961 de
1258 903 1311 962 insi-

84 1015 113 1061 to
132 999 186 1059 illo
215 999 300 1060 nobis
326 997 385 1060 reri
406 1019 500 1057 amore
525 997 618 1076 deque
647 997 874 1077 disciplinarum
895 992 925 1054 vi
940 1008 971 1055 et
990 993 1177 1059 efficacitate
1191 1000 1229 1061 ad
1246 1001 1310 1060 alen-

81 1097 152 1159 dum
171 1098 250 1159 hunc
261 1118 404 1172 amorem,
422 1097 625 1176 hominemque
644 1099 676 1157 in
696 1093 840 1175 mundum
862 1084 982 1173 νοητδν,
998 1096 1032 1155 in
1051 1116 1181 1176 regnum
1199 1099 1309 1159 veritatis

81 1194 265 1257 evehendum
295 1209 420 1271 constet,
439 1197 464 1255 si
485 1215 538 1254 nee
558 1195 679 1257 scientia
691 1194 752 1254 ulla
773 1207 887 1253 estnec
906 1195 1014 1255 veritas
1029 1215 1100 1253 cum
1116 1197 1240 1258 seientia
1255 1218 1311 1256 con·

75 1297 179 1371 juncta
189 1341 199 1371 ,
215 1295 298 1353 irrita
316 1294 401 1354 nobis
419 1307 504 1352 erunt
514 1340 522 1369 ,
541 1307 690 1372 quartam
710 1292 836 1354 studiose
846 1339 855 1368 ‚
874 1305 933 1353 tam
955 1291 1044 1375 longo
1063 1306 1093 1353 et
1114 1291 1209 1353 arduo
1226 1294 1310 1353 itinere

80 1394 222 1475 persecuti
242 1414 349 1452 sumus.
392 1395 583 1472 Assequemur
603 1394 681 1453 enim
692 1412 743 1474 pro
761 1391 881 1451 scientia
891 1437 899 1466 ,
917 1412 1004 1469 quam
1018 1393 1149 1471 jamjam
1168 1391 1310 1457 nohisatti-

74 1492 155 1571 ‘gissa
169 1490 343 1553 videbamur
354 1535 362 1564 ,
381 1490 552 1570 opinionem
572 1488 703 1565 scilicet,
732 1510 830 1551 veram
856 1490 974 1550 fortasse
991 1488 1098 1565 illam,
1123 1503 1158 1551 nt
1175 1490 1311 1572 perhibent

83 1588 149 1663 illi,
160 1602 236 1647 certe
252 1587 434 1668 probabilem
446 1589 546 1649 otveri
567 1587 763 1662 simillimam,
782 1586 833 1646 sed
853 1596 1019 1667 optationem
1036 1600 1162 1664 tamen,
1180 1592 1311 1672 quaeitetn

84 1707 143 1746 esse
162 1685 236 1745 falsa
255 1700 356 1767 potest.
399 1685 562 1748 Redeamus
581 1686 672 1767 igitur
693 1687 725 1744 in
744 1687 799 1746 hoc
818 1687 901 1745 exitu
920 1685 1144 1765 disquisitionis
1162 1686 1312 1749 nostraead

83 1783 277 1864 sophistarum
296 1784 415 1843 illorum
434 1784 630 1863 similiumque
652 1783 891 1865 philosophorum
911 1784 1070 1844 doctrinas.
1116 1784 1150 1844 Si
1169 1786 1313 1868 probabili·

83 1895 127 1941 ter
140 1902 201 1940 non
230 1895 343 1943 tantum
354 1928 363 1958 ,
385 1883 436 1943 sed
456 1904 524 1946 rere
544 1882 582 1945 de
607 1882 746 1963 opinione
775 1882 885 1942 dixisse
914 1881 1119 1957 videbuntur,
1141 1886 1314 1945 assentiemur

83 1979 136 2038 iis:
159 2000 226 2037 nam
256 1979 335 2059 quod
357 1980 474 2043 videtur
495 1981 696 2056 verissimum,
723 1992 784 2039 tum
815 1979 947 2060 quidem,
968 1980 992 2038 si
1018 1979 1150 2042 scientia
1172 1983 1254 2044 nulla
1272 1985 1315 2058 sit,

85 2077 169 2139 unice
183 2077 418 2161 amplectendum
438 2079 502 2138 erit.
545 2079 598 2138 Sin
617 2100 685 2140 vero
709 2079 883 2140 sententiam
893 2078 978 2138 nobis
997 2098 1080 2138 suam
1098 2100 1166 2139 non
1183 2102 1317 2167 persuase-

84 2175 162 2250 rint,
186 2173 219 2234 id
240 2176 345 2235 lucrati
360 2176 484 2253 erimus,
506 2190 537 2235 ut
557 2178 708 2239 scientiam
728 2177 765 2238 ah
785 2177 943 2261 opinione,
962 2173 1041 2256 quod
1063 2176 1156 2239 nohis
1179 2203 1258 2242 nunc
1275 2201 1317 2263 pt·

84 2273 227 2333 tissimum
246 2272 391 2351 agendum
412 2293 470 2331 esse
491 2272 647 2348 duximus,
666 2289 743 2334 recte
759 2272 948 2337 didicerimus
965 2273 1172 2357 distinguere:
1194 2292 1256 2342 tum
1264 2300 1318 2343 vero

85 2371 230 2431 nobismet
247 2371 319 2454 ipsis
350 2372 575 2450 persuaserimus
605 2373 712 2458 plene,
743 2394 835 2433 unum
856 2393 915 2435 etse
935 2373 1164 2457 philosophiae,
1190 2379 1319 2443 eunden-

85 2489 141 2548 que
161 2482 272 2532 certum
293 2486 321 2531 et
341 2469 554 2533 immutabilem
575 2470 682 2545 finem,
704 2472 766 2532 reri
788 2471 850 2541 sive
870 2472 925 2537 τοῦ
944 2464 1028 2547 ὄντος
1049 2474 1222 2543 scientiam.

88 2667 409 2748 Comparantur
430 2677 746 2733 tumuerioarro
777 2673 852 2730 hnc
883 2672 1093 2734 Plutonia
1124 2674 1321 2735 doctrice

199 2771 494 2853 sophistarum
512 2777 840 2848 priscorumque
863 2772 1222 2851 philosophorum

470 2869 934 2946 deopint'oneploce'to.
1037 2868 1040 2873 ’

127 3063 168 3123 Ut
189 3063 245 3123 orsi
267 3063 344 3127 hano
374 3078 463 3125 totam
494 3064 531 3127 de
562 3063 747 3148 philosophia
777 3066 839 3126 veri
869 3064 1103 3144 disquisitionem
1126 3089 1145 3126 a
1176 3069 1321 3131 nautio

86 3158 217 3222 Platonis
234 3182 352 3237 sumus,
371 3163 414 3225 ita
431 3163 469 3226 at
488 3177 663 3246 postremum
675 3164 736 3240 jam
755 3165 916 3242 argumenti
924 3163 1021 3225 locum
1030 3163 1320 3229 accedentibnsiden

84 3255 171 3317 nobis
186 3256 320 3338 dialogus
347 3280 416 3344 prae
435 3261 555 3321 caeteris
579 3259 775 3325 attendendus
804 3262 869 3324 erit.
909 3259 1033 3322 Socratb
1053 3262 1137 3323 enim
1164 3266 1201 3329 in
1218 3286 1252 3329 eo
1266 3282 1319 3324 cum

85 3352 241 3419 Theaeteto
259 3357 442 3419 adolescente
466 3372 495 3419 et
514 3358 666 3421 Theodoro
685 3378 829 3421 sermones
850 3351 1080 3440 ἐπιστήμην,
1100 3360 1202 3444 ipsam
1220 3364 1258 3427 de
1273 3381 1319 3442 qot

84 3474 165 3513 nunc
181 3455 291 3536 agimus
309 3465 371 3517 aci
382 3459 716 3531 intromittentem
733 3459 852 3525 habent.
895 3460 952 3521 Sed
967 3475 1029 3524 tum
1045 3464 1236 3543 potissimum
1253 3482 1320 3542 ptu-

66 3572 154 3653 rrum
179 3552 258 3613 hunc
277 3556 532 3634 consideravimus,
550 3551 607 3619 τόν
630 3551 768 3641 εὐμαθῆ,
788 3554 840 3635 triv
850 3562 1029 3642 φιλομαθῆ,
1049 3551 1109 3623 triv
1130 3557 1225 3642 φύσει
1245 3549 1319 3641 prli-

83 3667 190 3730 σοφον,
213 3674 270 3731 quo
288 3656 378 3735 magis
395 3656 428 3714 in
447 3659 628 3739 explorando
650 3663 711 3725 veri
737 3684 831 3725 amore
859 3664 975 3725 insitam
995 3663 1079 3723 illam
1098 3663 1220 3725 homini
1236 3660 1317 3745 philo

82 3751 214 3832 sophiam
233 3752 289 3812 hoc
307 3755 442 3834 exemplo
463 3755 686 3820 declararemus.
712 3759 741 3840 l)
761 3763 846 3820 Nunc
865 3763 962 3845 ipsum
990 3762 1077 3823 nohis
1095 3762 1213 3844 dialogi
1229 3783 1317 3843 orgu-

83 3863 218 3911 mantum
240 3851 485 3911 considerandum
504 3857 620 3936 proprie
640 3859 703 3919 erit.
746 3860 818 3919 Nam
837 3861 963 3941 pertinet
982 3860 1104 3940 quidem
1121 3864 1252 3923 maxime
1270 3859 1317 3919 dis

83 3952 195 4030 putatio
213 3949 266 4013 illa
280 3949 318 4011 ad
336 3945 506 4033 μαιευτικὴν
528 3951 701 4020 Socraticam
720 3957 899 4036 dramatico,
920 3974 952 4021 ut
970 3959 1254 4035 animadvertimus,
1269 3958 1319 4018 lot·

83 4048 194 4109 toribus
214 4051 452 4131 proponendam:
483 4052 670 4115 definitiones
697 4058 878 4136 argumenti,
906 4079 977 4136 quas
1003 4059 1116 4141 profert
1134 4060 1319 4128 Theaetetus,

81 4169 98 4205 a
118 4146 232 4207 Socrate
253 4149 445 4229 explorantur
461 4165 491 4212 et
510 4153 711 4214 confutantur.
754 4154 812 4214 Sed
824 4157 958 4234 quamvis
978 4157 1086 4216 iccirco
1104 4159 1202 4239 magis
1218 4156 1316 4220 india-

83 4245 147 4324 logo
158 4244 263 4322 hocce,
281 4248 354 4326 quid
375 4271 434 4311 uon
454 4249 493 4310 sit
513 4251 634 4313 scicntia
645 4297 654 4326 ,
673 4273 759 4331 quam
778 4254 851 4334 quid
869 4255 924 4330 sit,
945 4252 1137 4336 ostendatur,
1159 4256 1219 4320 hoc
1238 4260 1319 4341 ipsun

154 4387 272 4394 Ἣ

120 4436 144 4501 1)
163 4441 240 4493 lttt'tirr
256 4460 279 4511 p.
303 4441 359 4493 124.
