2796 5048
694 264 752 324 etr

100 450 141 491 sa,
165 468 202 479 -
220 429 268 489 Sic
289 444 418 510 apparet.
438 471 472 482 -
495 420 558 487 Τόν
576 419 704 487 κάλλιστ’
716 418 777 506 ἄρα
797 424 929 511 μουσικῇ
949 421 1147 508 γυμναστικήν
1167 420 1345 508 κεραννύντα

98 528 147 590 καὶ
170 521 361 609 μετριώτατα
382 527 423 613 τῇ
435 528 527 615 ψυχῇ
546 520 770 610 προσφέροντα,
791 525 896 588 τοῦτον
920 521 1067 610 ὀρθότατ’
1089 523 1344 611 {inquinandum

77 626 208 797 ἐρίσας
222 623 447 710 μοοσοοώτατον
462 630 510 692 κατ’
528 624 802 713 εὐαρμοστότατον,
825 624 900 691 nott
920 630 1034 710 μᾶλλον
1050 625 1072 715 ἢ
1088 626 1144 693 τόν
1159 627 1213 706 τός
1227 626 1343 715 χορόός

128 722 242 817 ¹rq'lour
256 727 437 806 ’ξονιστόντα
456 786 490 795 -
507 728 639 807 Εἰκότως
660 728 702 814 γ’,
731 724 758 793 ὦ
777 726 941 814 Σώκρατες
966 759 1034 795 eum
1058 744 1180 816 igitur,
1201 745 1254 815 qui
1268 738 1343 815 pul-

99 847 232 898 cerrime
258 814 339 896 eurii'
356 845 473 896 mustea
499 845 724 918 gyrnnuetieum
752 847 901 914 temperat
929 846 1019 914 utque
1045 843 1153 913 optimo
1179 845 1344 913 utrumque

98 946 201 996 eninm
218 938 356 1010 adhibet,
378 945 545 994 rectissime
565 937 645 994 hune
661 937 835 1013 perfeetum
854 944 1004 994 munaum
1019 936 1133 1011 sibique
1153 941 1253 1010 ipsum
1272 956 1344 992 cou-

96 1043 251 1094 tinentem
270 1037 424 1109 dicamur,
445 1038 539 1094 inulto
558 1057 629 1094 sune
652 1041 770 1114 magia,
792 1055 882 1111 quom
907 1042 934 1091 τι·
960 1041 1029 1112 quie
1047 1032 1174 1090 chordae
1193 1040 1253 1090 seit
1271 1042 1340 1091 tem·

94 1154 218 1210 perure.
241 1160 271 1169 -
291 1133 336 1191 Et
354 1142 462 1192 merito
484 1136 621 1212 quidem,
643 1155 658 1190 o
679 1131 854 1190 Socrates.»
881 1128 910 1210 l)

137 1232 206 1305 Quo
220 1232 331 1312 'magis'
352 1232 391 1291 ita
421 1229 623 1291 adumbrandh
653 1230 783 1289 Platonis
812 1230 930 1288 civitate
956 1228 1175 1311 progredimur,
1204 1248 1238 1286 eo
1262 1240 1341 1307 patet

95 1327 186 1388 nobis
212 1328 395 1404 dilucidius,
425 1342 503 1389 arcte
533 1331 594 1407 ejus
621 1329 770 1408 politicam
789 1349 854 1387 cum
874 1349 986 1387 morum
1005 1327 1138 1386 doctrina
1156 1325 1342 1401 conjunctam

94 1446 169 1486 esse.
212 1426 291 1500 Quae
310 1428 469 1487 communis
486 1427 544 1486 fuit
560 1426 711 1486 universae
730 1426 914 1505 antiquitatis
932 1425 1085 1485 sententia.
1127 1423 1165 1482 Et
1182 1443 1270 1496 vero,

455 1527 529 1603 quid
550 1528 628 1605 leger
650 1534 716 1583 siue
737 1528 871 1583 moribus

481 1645 576 1682 vanae
591 1623 796 1700 preficiunt?
818 1621 850 1703 2)

95 1718 160 1778 Sed
188 1720 332 1779 cernimus
361 1721 400 1781 ita
430 1722 536 1794 simul,
566 1710 659 1780 totam¹
685 1720 852 1802 philosophi
881 1718 918 1778 de
947 1719 1069 1800 pulcro,
1098 1717 1136 1777 de
1155 1716 1232 1776 bono
1250 1737 1283 1775 ac
1302 1713 1339 1775 de

96 1817 214 1876 artibus
240 1817 453 1901 philosophiam
480 1834 594 1880 tantum
623 1819 740 1894 abesse,
762 1833 794 1878 ut
814 1817 972 1877 theoretica
993 1817 1030 1874 sit
1052 1817 1195 1893 uniceque
1215 1811 1340 1893 philoso-

97 1916 169 1996 phis
196 1915 408 1994 relinquenda,
432 1933 464 1978 ut
493 1919 530 1978 ad
558 1940 603 1979 res
626 1918 754 1979 civitatis
780 1916 980 1997 gravissimas,
1001 1914 1149 1994 adipsum
1168 1910 1341 1971 firmandam

97 2014 198 2094 legum
212 2016 409 2075 auctoritatem
430 2016 534 2077 valeat.
574 2017 660 2093 Quod
679 2015 758 2075 dicto
777 2029 853 2074 recte
871 2014 1012 2095 expressit
1032 2011 1220 2071 Xenocrates.
1250 2011 1341 2085 Nam,

97 2124 133 2170 ut
152 2111 233 2193 apud
254 2113 422 2173 Ciceronem
441 2129 502 2189 est,
524 2137 589 2174 cnm
609 2128 794 2195 quaereretur
813 2134 850 2172 ex
871 2133 921 2187 eo,
953 2110 1025 2192 quid
1044 2121 1263 2189 assequerentur
1281 2110 1344 2186 ejus

98 2210 260 2292 discipuli,
280 2212 462 2293 respondisse
480 2215 592 2290 fertur,
614 2225 650 2273 ut
666 2216 699 2273 id
709 2219 764 2272 sust
775 2221 876 2289 sponte
887 2214 1036 2288 furerent
1044 2254 1053 2284 ,
1065 2209 1141 2287 quod
1159 2216 1342 2286 cogerentur

100 2311 205 2377 fucere
224 2312 348 2392 legibue.
370 2309 402 2393 3)
443 2312 500 2372 Sed
519 2312 591 2371 illuc
608 2326 718 2394 spectat
735 2312 865 2370 Platonis
885 2312 1064 2392 potissimum
1083 2302 1150 2387 napi
1170 2304 1226 2365 τοῦ
1248 2295 1342 2377 ὄντος,

100 2405 141 2465 de
168 2429 249 2483 vero,
271 2407 307 2468 de
338 2409 505 2491 disciplinis
534 2432 566 2470 ac
587 2411 624 2470 de
645 2409 755 2470 mundo
781 2409 880 2495 νοητῷ
904 2409 1098 2493 philosophia.
1141 2406 1343 2488 Explicuimus

99 2526 184 2580 eam,
215 2520 366 2588 postquam
392 2508 431 2568 de
460 2509 588 2584 artibus,
618 2510 650 2567 in
677 2510 835 2589 primisque
865 2510 902 2569 de
932 2508 1039 2567 musica
1070 2503 1235 2567 dixeramus
1254 2506 1342 2581 satiS,

101 2600 288 2684 vidimusque
307 2608 409 2667 referri
428 2628 489 2666 eam
509 2608 625 2688 proprie
645 2606 683 2666 ad
712 2622 787 2667 recte
809 2605 1001 2667 excolendum
1021 2603 1272 2681 erudiendumque
1291 2602 1341 2660 ho·

99 2703 220 2763 minem.
252 2703 310 2762 Hlo
330 2718 425 2764 autem
443 2706 555 2786 patebit
576 2705 679 2781 nobis,
701 2705 875 2766 destinatam
891 2704 1013 2764 eandem
1030 2701 1067 2760 ab
1084 2715 1198 2760 auctore
1213 2701 1342 2759 maxime

99 2820 162 2859 esse
188 2799 226 2861 ad
254 2803 417 2862 acuendum
447 2804 721 2881 informandumque
750 2824 848 2863 eorum
879 2802 1049 2882 ingenium,
1071 2800 1121 2878 qui
1142 2799 1341 2880 reipublicae,

99 2920 189 2978 quam
217 2900 324 2975 finxit,
353 2901 549 2980 gubernaculo
579 2916 676 2961 essent
703 2901 875 2962 adhibendi.
917 2898 1003 2974 Quod
1033 2898 1083 2958 uhi
1106 2919 1143 2958 ex
1164 2899 1225 2979 ipsa
1240 2895 1342 2977 philo-

100 2996 186 3077 sophi
216 2998 348 3058 doctrina
381 3001 617 3080 exposuerimus,
648 2999 727 3059 haud
748 3000 918 3057 mirabimur
935 3018 1023 3072 sane,
1045 2997 1085 3055 sic
1106 2996 1142 3056 de
1163 2994 1342 3077 reipublicae

101 3095 264 3155 rectoribus
283 3099 489 3177 pronunciasse
515 3097 684 3171 Platonem,
707 3112 738 3157 ut
763 3097 850 3155 finem
875 3097 1006 3156 futurum
1023 3095 1162 3155 malorum
1180 3095 1213 3154 in
1233 3094 1362 3153 civita-'

100 3193 182 3253 tibus
213 3209 348 3274 negaret,
380 3209 552 3273 anteaquam
580 3194 629 3255 vel
659 3195 826 3277 philosophi
857 3217 904 3255 eas
932 3209 1079 3274 regerent,
1101 3193 1149 3254 vel
1180 3192 1230 3271 qui
1259 3211 1341 3249 nunc
1370 3183 1373 3187 ⁴

102 3312 150 3350 eas
168 3307 295 3372 regunt,
316 3293 482 3374 philosophi
510 3308 603 3354 essent
627 3295 707 3356 facti.
749 3293 807 3355 Sed
833 3294 935 3368 nobis,
957 3307 989 3353 ut
1012 3291 1115 3352 ordine
1134 3288 1341 3373 procedamus,
1364 3313 1368 3321 ·

101 3390 230 3470 primum
258 3390 295 3449 de
323 3391 483 3451 rectoribus
508 3394 653 3469 civitatis,
683 3392 923 3473 quemadmodum
951 3389 1080 3469 eligendi
1110 3386 1343 3464 instituendique

101 3490 183 3564 sint,
205 3488 349 3568 agendum
370 3490 497 3551 videtur.

428 3669 485 3728 Do
515 3672 765 3729 rectoribus
794 3674 1019 3726 ciuitatis.

144 3844 283 3926 Eligendi
313 3869 327 3906 e
361 3848 529 3908 custodibus
548 3863 632 3924 sunt,
654 3849 766 3930 ipsique
788 3859 874 3905 erunt
894 3845 926 3903 in
947 3844 1048 3926 primis
1066 3844 1200 3902 ercetodes
1218 3841 1268 3922 4)=
1293 3841 1342 3902 de·

103 3945 214 4035 lectum
235 3960 329 4005 autem
361 3947 454 4006 facere
483 3962 614 4008 accurate
643 3960 765 4028 oportet.
806 3946 877 4005 Nam
897 3942 977 4002 haud
994 3943 1051 4002 fuit
1067 3944 1148 4007 Plato
1168 3961 1205 4000 ex
1225 3940 1341 4000 illorum

140 4161 167 4228 l)
185 4164 223 4216 De
237 4167 298 4234 Rep.
318 4165 361 4216 lll.
376 4165 440 4218 tto.
461 4166 489 4218 G.
507 4193 542 4204 -
559 4166 618 4218 tta.
636 4166 669 4218 A.

139 4247 167 4312 2)
187 4249 278 4302 Horat:
293 4252 339 4303 Od.
357 4252 400 4303 lIl.
419 4251 470 4316 24,
489 4250 531 4302 36.

141 4333 168 4400 3)
190 4335 240 4387 cu.
258 4336 297 4387 De
315 4339 375 4406 ltep.
394 4337 413 4388 l.
432 4337 458 4387 2.

141 4432 167 4497 t)
187 4434 276 4502 ltaque
290 4422 352 4489 κατ’
373 4421 484 4508 ἔξοχὴν
504 4441 628 4486 vocantur
650 4415 786 4502 φόλονες,
797 4430 892 4483 caeteri
910 4419 1065 4501 ἐπίκουρον.
1079 4428 1185 4496 Dellep.
1194 4427 1236 4482 111.
1243 4428 1341 4481 utu.
