<?xml version="1.0" encoding="UTF-8"?>
<!DOCTYPE html PUBLIC "-//W3C//DTD XHTML 1.0 Transitional//EN"
    "http://www.w3.org/TR/xhtml1/DTD/xhtml1-transitional.dtd">
<html xmlns="http://www.w3.org/1999/xhtml" xml:lang="en" lang="en">
 <head>
  <title>
</title>
<meta http-equiv="Content-Type" content="text/html;charset=utf-8" />
  <meta name='ocr-system' content='tesseract 3.04.00' />
  <meta name='ocr-capabilities' content='ocr_page ocr_carea ocr_par ocr_line ocrx_word'/>
</head>
<body>
  <div class='ocr_page' id='page_1' title='image "./initiaphilosoph00heusgoog_0036.png"; bbox 0 0 2796 5048; ppageno 0'>
   <div class='ocr_carea' id='block_1_1' title="bbox 1262 236 1298 296">
    <p class='ocr_par' dir='ltr' id='par_1_1' title="bbox 1262 236 1298 296">
     <span class='ocr_line' id='line_1_1' title="bbox 1262 236 1298 296; baseline 0.028 -1"><span class='ocrx_word' id='word_1_1' title='bbox 1262 236 1298 296; x_wconf 78' lang='lat' dir='ltr'><strong><em>ld</em></strong></span> 
     </span>
    </p>
   </div>
   <div class='ocr_carea' id='block_1_2' title="bbox 144 345 1299 484">
    <p class='ocr_par' dir='ltr' id='par_1_2' title="bbox 144 345 1299 484">
     <span class='ocr_line' id='line_1_2' title="bbox 144 345 1299 484; baseline -0.005 -23"><span class='ocrx_word' id='word_1_2' title='bbox 144 409 184 480; x_wconf 76' lang='lat' dir='ltr'><strong><em>lle</em></strong></span> <span class='ocrx_word' id='word_1_3' title='bbox 200 406 301 475; x_wconf 77' lang='lat' dir='ltr'><strong><em>Gratylo</em></strong></span> <span class='ocrx_word' id='word_1_4' title='bbox 318 407 443 472; x_wconf 86' lang='lat' dir='ltr'><strong><em>Platonis,</em></strong></span> <span class='ocrx_word' id='word_1_5' title='bbox 460 407 512 457; x_wconf 84' lang='lat' dir='ltr'><strong><em>sire</em></strong></span> <span class='ocrx_word' id='word_1_6' title='bbox 528 407 558 457; x_wconf 87' lang='lat' dir='ltr'><strong><em>ds</em></strong></span> <span class='ocrx_word' id='word_1_7' title='bbox 574 405 733 484; x_wconf 55' lang='lat' dir='ltr'><strong><em>monn,</em></strong></span> <span class='ocrx_word' id='word_1_8' title='bbox 752 420 826 473; x_wconf 57' lang='lat' dir='ltr'><strong><em>mam</em></strong></span> <span class='ocrx_word' id='word_1_9' title='bbox 844 421 889 454; x_wconf 87' lang='lat' dir='ltr'><strong><em>nos</em></strong></span> <span class='ocrx_word' id='word_1_10' title='bbox 904 419 1034 467; x_wconf 83' lang='lat' dir='ltr'><strong><em>secamus,</em></strong></span> <span class='ocrx_word' id='word_1_11' title='bbox 1050 404 1212 474; x_wconf 69' lang='lat' dir='ltr'><strong><em>philosophia.</em></strong></span> <span class='ocrx_word' id='word_1_12' title='bbox 1245 345 1299 456; x_wconf 55' lang='lat' dir='ltr'><strong><em>ilsss</em></strong></span> 
     </span>
    </p>
   </div>
   <div class='ocr_carea' id='block_1_3' title="bbox 65 523 1249 678">
    <p class='ocr_par' dir='ltr' id='par_1_3' title="bbox 65 523 1249 678">
     <span class='ocr_line' id='line_1_3' title="bbox 100 523 1249 593; baseline -0.003 -17"><span class='ocrx_word' id='word_1_13' title='bbox 100 529 218 593; x_wconf 82' lang='lat' dir='ltr'><strong><em>Quorum</em></strong></span> <span class='ocrx_word' id='word_1_14' title='bbox 236 529 386 577; x_wconf 89' lang='lat' dir='ltr'><strong><em>sententiam</em></strong></span> <span class='ocrx_word' id='word_1_15' title='bbox 403 528 430 577; x_wconf 92' lang='lat' dir='ltr'><strong><em>in</em></strong></span> <span class='ocrx_word' id='word_1_16' title='bbox 449 525 577 590; x_wconf 76' lang='lat' dir='ltr'><strong><em>Cratylo</em></strong></span> <span class='ocrx_word' id='word_1_17' title='bbox 595 524 688 591; x_wconf 87' lang='lat' dir='ltr'><strong><em>carpsit</em></strong></span> <span class='ocrx_word' id='word_1_18' title='bbox 703 523 795 574; x_wconf 76' lang='lat' dir='ltr'><strong><em>Plato?</em></strong></span> <span class='ocrx_word' id='word_1_19' title='bbox 809 524 916 573; x_wconf 85' lang='lat' dir='ltr'><strong><em>Socratis</em></strong></span> <span class='ocrx_word' id='word_1_20' title='bbox 933 524 965 574; x_wconf 89' lang='lat' dir='ltr'><strong><em>de</em></strong></span> <span class='ocrx_word' id='word_1_21' title='bbox 984 526 1135 591; x_wconf 76' lang='lat' dir='ltr'><em>etymologia</em></span> <span class='ocrx_word' id='word_1_22' title='bbox 1152 524 1249 589; x_wconf 89' lang='lat' dir='ltr'><strong><em>disqui-</em></strong></span> 
     </span>
     <span class='ocr_line' id='line_1_4' title="bbox 65 608 611 678; baseline -0.007 -14"><span class='ocrx_word' id='word_1_23' title='bbox 65 615 144 664; x_wconf 82' lang='lat' dir='ltr'>rendi</span> <span class='ocrx_word' id='word_1_24' title='bbox 164 615 227 664; x_wconf 89' lang='lat' dir='ltr'><strong><em>ratio</em></strong></span> <span class='ocrx_word' id='word_1_25' title='bbox 240 615 345 678; x_wconf 71' lang='lat' dir='ltr'><strong><em>qualis?</em></strong></span> <span class='ocrx_word' id='word_1_26' title='bbox 573 608 575 613; x_wconf 70' lang='grc'>’</span> <span class='ocrx_word' id='word_1_27' title='bbox 602 610 611 626; x_wconf 86' lang='grc'><em>“</em></span> 
     </span>
    </p>
   </div>
   <div class='ocr_carea' id='block_1_4' title="bbox 333 714 1300 819">
    <p class='ocr_par' dir='ltr' id='par_1_4' title="bbox 333 714 1300 819">
     <span class='ocr_line' id='line_1_5' title="bbox 333 714 1300 819; baseline -0.004 -16"><span class='ocrx_word' id='word_1_28' title='bbox 333 751 371 803; x_wconf 89' lang='lat' dir='ltr'><strong><em>lle</em></strong></span> <span class='ocrx_word' id='word_1_29' title='bbox 387 714 567 819; x_wconf 68' lang='lat' dir='ltr'><strong><em>metaphysica,</em></strong></span> <span class='ocrx_word' id='word_1_30' title='bbox 584 749 649 817; x_wconf 86' lang='lat' dir='ltr'><strong><em>qnod</em></strong></span> <span class='ocrx_word' id='word_1_31' title='bbox 665 749 773 811; x_wconf 83' lang='lat' dir='ltr'><strong><em>dicitur,</em></strong></span> <span class='ocrx_word' id='word_1_32' title='bbox 792 746 934 815; x_wconf 72' lang='lat' dir='ltr'><strong><em>linquaram</em></strong></span> <span class='ocrx_word' id='word_1_33' title='bbox 950 749 1038 798; x_wconf 83' lang='lat' dir='ltr'><strong><em>stadio.</em></strong></span> <span class='ocrx_word' id='word_1_34' title='bbox 1248 743 1300 799; x_wconf 69' lang='lat'><strong><em>42⁰</em></strong></span> 
     </span>
    </p>
   </div>
   <div class='ocr_carea' id='block_1_5' title="bbox 65 882 1250 1210">
    <p class='ocr_par' dir='ltr' id='par_1_5' title="bbox 65 882 1250 1210">
     <span class='ocr_line' id='line_1_6' title="bbox 101 882 1249 953; baseline -0.004 -17"><span class='ocrx_word' id='word_1_35' title='bbox 101 888 178 936; x_wconf 82' lang='lat' dir='ltr'><strong><em>Unde</em></strong></span> <span class='ocrx_word' id='word_1_36' title='bbox 206 889 357 953; x_wconf 79' lang='lat' dir='ltr'><strong><em>etymologia</em></strong></span> <span class='ocrx_word' id='word_1_37' title='bbox 385 887 549 937; x_wconf 79' lang='lat' dir='ltr'><strong><em>offensionem</em></strong></span> <span class='ocrx_word' id='word_1_38' title='bbox 576 884 710 949; x_wconf 78' lang='lat' dir='ltr'><strong><em>suscepit?</em></strong></span> <span class='ocrx_word' id='word_1_39' title='bbox 726 885 872 936; x_wconf 81' lang='lat' dir='ltr'><strong><em>al&#39;srloram</em></strong></span> <span class='ocrx_word' id='word_1_40' title='bbox 893 883 1092 934; x_wconf 80' lang='lat' dir='ltr'><strong><em>observationem</em></strong></span> <span class='ocrx_word' id='word_1_41' title='bbox 1109 898 1193 932; x_wconf 86' lang='lat' dir='ltr'><strong><em>rarum</em></strong></span> <span class='ocrx_word' id='word_1_42' title='bbox 1207 882 1249 931; x_wconf 89' lang='lat' dir='ltr'><strong><em>in-</em></strong></span> 
     </span>
     <span class='ocr_line' id='line_1_7' title="bbox 65 970 1247 1039; baseline -0.005 -16"><span class='ocrx_word' id='word_1_43' title='bbox 65 974 177 1039; x_wconf 90' lang='lat' dir='ltr'><strong><em>quisitio</em></strong></span> <span class='ocrx_word' id='word_1_44' title='bbox 196 974 347 1039; x_wconf 84' lang='lat' dir='ltr'><strong><em>praeoedere</em></strong></span> <span class='ocrx_word' id='word_1_45' title='bbox 363 971 448 1024; x_wconf 85' lang='lat' dir='ltr'><strong><em>debet.</em></strong></span> <span class='ocrx_word' id='word_1_46' title='bbox 466 973 578 1023; x_wconf 86' lang='lat' dir='ltr'><strong><em>Platonis</em></strong></span> <span class='ocrx_word' id='word_1_47' title='bbox 595 972 622 1021; x_wconf 93' lang='lat' dir='ltr'><strong><em>in</em></strong></span> <span class='ocrx_word' id='word_1_48' title='bbox 640 971 792 1035; x_wconf 67' lang='lat' dir='ltr'><strong><em>etymologia</em></strong></span> <span class='ocrx_word' id='word_1_49' title='bbox 808 987 915 1022; x_wconf 84' lang='lat' dir='ltr'><strong><em>errores.</em></strong></span> <span class='ocrx_word' id='word_1_50' title='bbox 934 971 1017 1036; x_wconf 85' lang='lat' dir='ltr'><strong><em>Ipsius</em></strong></span> <span class='ocrx_word' id='word_1_51' title='bbox 1031 970 1108 1019; x_wconf 90' lang='lat' dir='ltr'><strong><em>studii</em></strong></span> <span class='ocrx_word' id='word_1_52' title='bbox 1124 970 1247 1018; x_wconf 81' lang='lat' dir='ltr'><strong><em>sacellan-</em></strong></span> 
     </span>
     <span class='ocr_line' id='line_1_8' title="bbox 67 1055 1250 1124; baseline -0.005 -16"><span class='ocrx_word' id='word_1_53' title='bbox 67 1063 117 1108; x_wconf 52' lang='lat' dir='ltr'><strong><em>tia*</em></strong></span> <span class='ocrx_word' id='word_1_54' title='bbox 140 1065 165 1107; x_wconf 88' lang='lat' dir='ltr'><strong><em>et</em></strong></span> <span class='ocrx_word' id='word_1_55' title='bbox 182 1059 300 1120; x_wconf 83' lang='lat' dir='ltr'><strong><em>fructas.</em></strong></span> <span class='ocrx_word' id='word_1_56' title='bbox 335 1060 447 1109; x_wconf 85' lang='lat' dir='ltr'><strong><em>Platonis</em></strong></span> <span class='ocrx_word' id='word_1_57' title='bbox 470 1058 628 1124; x_wconf 68' lang='lat' dir='ltr'><strong>philosophia</strong></span> <span class='ocrx_word' id='word_1_58' title='bbox 652 1057 746 1120; x_wconf 79' lang='lat' dir='ltr'><strong><em>linguis</em></strong></span> <span class='ocrx_word' id='word_1_59' title='bbox 768 1063 965 1123; x_wconf 72' lang='lat' dir='ltr'><strong><em>rapramemata.</em></strong></span> <span class='ocrx_word' id='word_1_60' title='bbox 995 1055 1110 1121; x_wconf 81' lang='lat' dir='ltr'><strong><em>Optahile</em></strong></span> <span class='ocrx_word' id='word_1_61' title='bbox 1128 1061 1185 1117; x_wconf 89' lang='lat' dir='ltr'><strong><em>est,</em></strong></span> <span class='ocrx_word' id='word_1_62' title='bbox 1220 1059 1250 1103; x_wconf 91' lang='lat' dir='ltr'><strong><em>ut</em></strong></span> 
     </span>
     <span class='ocr_line' id='line_1_9' title="bbox 68 1145 747 1210; baseline 0.001 -18"><span class='ocrx_word' id='word_1_63' title='bbox 68 1145 218 1210; x_wconf 70' lang='lat' dir='ltr'>philosophi</span> <span class='ocrx_word' id='word_1_64' title='bbox 237 1145 381 1208; x_wconf 72' lang='lat' dir='ltr'><strong><em>linguarum</em></strong></span> <span class='ocrx_word' id='word_1_65' title='bbox 399 1146 475 1194; x_wconf 88' lang='lat' dir='ltr'><strong><em>studii</em></strong></span> <span class='ocrx_word' id='word_1_66' title='bbox 492 1146 555 1194; x_wconf 87' lang='lat' dir='ltr'><strong><em>lines</em></strong></span> <span class='ocrx_word' id='word_1_67' title='bbox 570 1149 747 1209; x_wconf 73' lang='lat' dir='ltr'><strong><em>prorogantur.</em></strong></span> 
     </span>
    </p>
   </div>
   <div class='ocr_carea' id='block_1_6' title="bbox 123 1280 1301 1436">
    <p class='ocr_par' dir='ltr' id='par_1_6' title="bbox 123 1280 1301 1436">
     <span class='ocr_line' id='line_1_10' title="bbox 123 1280 1238 1351; baseline -0.002 -16"><span class='ocrx_word' id='word_1_68' title='bbox 123 1285 181 1347; x_wconf 81' lang='lat' dir='ltr'><strong><em>Qua</em></strong></span> <span class='ocrx_word' id='word_1_69' title='bbox 196 1285 320 1351; x_wconf 70' lang='lat' dir='ltr'><strong><em>promatis</em></strong></span> <span class='ocrx_word' id='word_1_70' title='bbox 336 1285 432 1334; x_wconf 83' lang='lat' dir='ltr'><strong><em>ratione</em></strong></span> <span class='ocrx_word' id='word_1_71' title='bbox 449 1281 535 1344; x_wconf 80' lang='lat' dir='ltr'><strong><em>Plato,</em></strong></span> <span class='ocrx_word' id='word_1_72' title='bbox 554 1282 619 1350; x_wconf 88' lang='lat' dir='ltr'><strong><em>quad</em></strong></span> <span class='ocrx_word' id='word_1_73' title='bbox 634 1281 760 1349; x_wconf 73' lang='lat' dir='ltr'><strong><em>postulare</em></strong></span> <span class='ocrx_word' id='word_1_74' title='bbox 777 1298 794 1331; x_wconf 91' lang='lat' dir='ltr'><strong><em>a</em></strong></span> <span class='ocrx_word' id='word_1_75' title='bbox 809 1280 958 1350; x_wconf 85' lang='lat' dir='ltr'><strong><em>philosoplis</em></strong></span> <span class='ocrx_word' id='word_1_76' title='bbox 973 1281 1133 1350; x_wconf 73' lang='lat' dir='ltr'><strong><em>metaphysici</em></strong></span> <span class='ocrx_word' id='word_1_77' title='bbox 1148 1280 1238 1348; x_wconf 86' lang='lat' dir='ltr'><strong><em>solent,</em></strong></span> 
     </span>
     <span class='ocr_line' id='line_1_11' title="bbox 482 1366 1301 1436; baseline 0.002 -18"><span class='ocrx_word' id='word_1_78' title='bbox 482 1377 510 1418; x_wconf 83' lang='lat' dir='ltr'><strong><em>ut</em></strong></span> <span class='ocrx_word' id='word_1_79' title='bbox 527 1385 543 1419; x_wconf 93' lang='lat' dir='ltr'><strong><em>a</em></strong></span> <span class='ocrx_word' id='word_1_80' title='bbox 559 1369 641 1436; x_wconf 85' lang='lat' dir='ltr'><strong><em>priori</em></strong></span> <span class='ocrx_word' id='word_1_81' title='bbox 656 1367 888 1436; x_wconf 65' lang='lat' dir='ltr'><strong><em>philosopharetur?</em></strong></span> <span class='ocrx_word' id='word_1_82' title='bbox 1250 1366 1301 1421; x_wconf 67' lang='lat'><strong><em>423</em></strong></span> 
     </span>
    </p>
   </div>
   <div class='ocr_carea' id='block_1_7' title="bbox 105 1503 1019 1570">
    <p class='ocr_par' dir='ltr' id='par_1_7' title="bbox 105 1503 1019 1570">
     <span class='ocr_line' id='line_1_12' title="bbox 105 1503 1019 1570; baseline -0.002 -15"><span class='ocrx_word' id='word_1_83' title='bbox 105 1509 135 1556; x_wconf 83' lang='lat' dir='ltr'><em>M</em></span> <span class='ocrx_word' id='word_1_84' title='bbox 144 1507 404 1570; x_wconf 83' lang='lat' dir='ltr'><strong><em>ataphysiaorum</em></strong></span> <span class='ocrx_word' id='word_1_85' title='bbox 417 1504 608 1570; x_wconf 88' lang='lat' dir='ltr'><strong><em>philosophandi</em></strong></span> <span class='ocrx_word' id='word_1_86' title='bbox 623 1503 695 1552; x_wconf 87' lang='lat' dir='ltr'><strong><em>ratio.</em></strong></span> <span class='ocrx_word' id='word_1_87' title='bbox 714 1503 843 1551; x_wconf 77' lang='lat' dir='ltr'><strong>Contraria</strong></span> <span class='ocrx_word' id='word_1_88' title='bbox 859 1504 993 1551; x_wconf 82' lang='lat' dir='ltr'><strong><em>Platoni</em></strong></span> <span class='ocrx_word' id='word_1_89' title='bbox 998 1521 1019 1554; x_wconf 90' lang='lat' dir='ltr'><strong><em>s.</em></strong></span> 
     </span>
    </p>
   </div>
   <div class='ocr_carea' id='block_1_8' title="bbox 250 1640 1300 1795">
    <p class='ocr_par' dir='ltr' id='par_1_8' title="bbox 250 1640 1300 1795">
     <span class='ocr_line' id='line_1_13' title="bbox 250 1640 1285 1718; baseline -0.001 -24"><span class='ocrx_word' id='word_1_90' title='bbox 250 1643 287 1694; x_wconf 83' lang='lat' dir='ltr'><strong><em>De</em></strong></span> <span class='ocrx_word' id='word_1_91' title='bbox 303 1643 472 1710; x_wconf 73' lang='lat' dir='ltr'><strong><em>metaphysicis</em></strong></span> <span class='ocrx_word' id='word_1_92' title='bbox 489 1642 599 1693; x_wconf 85' lang='lat' dir='ltr'><strong><em>Platonis</em></strong></span> <span class='ocrx_word' id='word_1_93' title='bbox 617 1640 733 1707; x_wconf 77' lang='lat' dir='ltr'><strong><em>dialopis,</em></strong></span> <span class='ocrx_word' id='word_1_94' title='bbox 751 1641 803 1691; x_wconf 82' lang='lat' dir='ltr'><strong><em>sire</em></strong></span> <span class='ocrx_word' id='word_1_95' title='bbox 820 1642 849 1691; x_wconf 88' lang='lat' dir='ltr'><strong><em>de</em></strong></span> <span class='ocrx_word' id='word_1_96' title='bbox 866 1640 997 1691; x_wconf 71' lang='lat' dir='ltr'><strong><em>dialectim</em></strong></span> <span class='ocrx_word' id='word_1_97' title='bbox 1013 1643 1126 1694; x_wconf 54' lang='lat' dir='ltr'><strong><em>marum</em></strong></span> <span class='ocrx_word' id='word_1_98' title='bbox 1271 1673 1285 1718; x_wconf 54' lang='lat' dir='ltr'><strong><em>p</em></strong></span> 
     </span>
     <span class='ocr_line' id='line_1_14' title="bbox 524 1725 1300 1795; baseline 0.003 -16"><span class='ocrx_word' id='word_1_99' title='bbox 524 1727 688 1795; x_wconf 72' lang='lat' dir='ltr'><strong><em>disquisitioni</em></strong></span> <span class='ocrx_word' id='word_1_100' title='bbox 706 1725 851 1777; x_wconf 66' lang='lat' dir='ltr'><strong><em>Mlileuda.</em></strong></span> <span class='ocrx_word' id='word_1_101' title='bbox 1250 1728 1300 1781; x_wconf 69' lang='lat'><strong><em>425</em></strong></span> 
     </span>
    </p>
   </div>
   <div class='ocr_carea' id='block_1_9' title="bbox 69 1863 1252 2516">
    <p class='ocr_par' dir='ltr' id='par_1_9' title="bbox 69 1863 1252 2516">
     <span class='ocr_line' id='line_1_15' title="bbox 105 1863 1250 1928; baseline 0 -13"><span class='ocrx_word' id='word_1_102' title='bbox 105 1866 227 1915; x_wconf 80' lang='lat' dir='ltr'><strong><em>Universa</em></strong></span> <span class='ocrx_word' id='word_1_103' title='bbox 247 1865 402 1927; x_wconf 73' lang='lat' dir='ltr'><strong><em>dialogorum</em></strong></span> <span class='ocrx_word' id='word_1_104' title='bbox 423 1865 610 1914; x_wconf 76' lang='lat' dir='ltr'><strong><em>Platonicorum</em></strong></span> <span class='ocrx_word' id='word_1_105' title='bbox 624 1864 696 1912; x_wconf 88' lang='lat' dir='ltr'><strong><em>ratio.</em></strong></span> <span class='ocrx_word' id='word_1_106' title='bbox 716 1863 918 1911; x_wconf 85' lang='lat' dir='ltr'><strong><em>Dialecticorum</em></strong></span> <span class='ocrx_word' id='word_1_107' title='bbox 931 1869 958 1912; x_wconf 88' lang='lat' dir='ltr'><strong><em>et</em></strong></span> <span class='ocrx_word' id='word_1_108' title='bbox 973 1865 1201 1928; x_wconf 81' lang='lat' dir='ltr'><strong><em>metaphysicoram</em></strong></span> <span class='ocrx_word' id='word_1_109' title='bbox 1219 1868 1250 1915; x_wconf 89' lang='lat' dir='ltr'><strong><em>si·</em></strong></span> 
     </span>
     <span class='ocr_line' id='line_1_16' title="bbox 70 1930 1251 2014; baseline 0.001 -15"><span class='ocrx_word' id='word_1_110' title='bbox 70 1952 196 2000; x_wconf 89' lang='lat' dir='ltr'><strong><em>militudo.</em></strong></span> <span class='ocrx_word' id='word_1_111' title='bbox 213 1943 272 1999; x_wconf 55' lang='lat' dir='ltr'><strong><em>Pa‘r</em></strong></span> <span class='ocrx_word' id='word_1_112' title='bbox 280 1967 304 1998; x_wconf 92' lang='lat' dir='ltr'><strong><em>m</em></strong></span> <span class='ocrx_word' id='word_1_113' title='bbox 313 1967 327 1999; x_wconf 88' lang='lat' dir='ltr'><strong><em>e</em></strong></span> <span class='ocrx_word' id='word_1_114' title='bbox 335 1969 351 1999; x_wconf 97' lang='lat' dir='ltr'><strong><em>n</em></strong></span> <span class='ocrx_word' id='word_1_115' title='bbox 360 1953 367 1998; x_wconf 92' lang='lat' dir='ltr'><strong><em>i</em></strong></span> <span class='ocrx_word' id='word_1_116' title='bbox 376 1951 392 1999; x_wconf 93' lang='lat' dir='ltr'><strong><em>d</em></strong></span> <span class='ocrx_word' id='word_1_117' title='bbox 400 1953 408 1998; x_wconf 91' lang='lat' dir='ltr'><strong><em>i</em></strong></span> <span class='ocrx_word' id='word_1_118' title='bbox 417 1930 469 1999; x_wconf 45' lang='lat' dir='ltr'><strong><em>s&#39;et</em></strong></span> <span class='ocrx_word' id='word_1_119' title='bbox 484 1951 543 1999; x_wconf 86' lang='lat' dir='ltr'><strong><em>Phi</em></strong></span> <span class='ocrx_word' id='word_1_120' title='bbox 553 1950 624 1998; x_wconf 90' lang='lat' dir='ltr'><strong><em>lehi</em></strong></span> <span class='ocrx_word' id='word_1_121' title='bbox 641 1949 774 2014; x_wconf 87' lang='lat' dir='ltr'><strong><em>prooemia.</em></strong></span> <span class='ocrx_word' id='word_1_122' title='bbox 793 1949 905 2011; x_wconf 77' lang='lat' dir='ltr'>Uterque</span> <span class='ocrx_word' id='word_1_123' title='bbox 921 1949 1036 2012; x_wconf 71' lang='lat' dir='ltr'><strong><em>dialogus</em></strong></span> <span class='ocrx_word' id='word_1_124' title='bbox 1054 1951 1187 2001; x_wconf 88' lang='lat' dir='ltr'><strong><em>dialectica</em></strong></span> <span class='ocrx_word' id='word_1_125' title='bbox 1203 1954 1251 2002; x_wconf 90' lang='lat' dir='ltr'><strong><em>dis-</em></strong></span> 
     </span>
     <span class='ocr_line' id='line_1_17' title="bbox 70 2034 1252 2103; baseline 0 -17"><span class='ocrx_word' id='word_1_126' title='bbox 70 2038 216 2102; x_wconf 86' lang='lat' dir='ltr'><strong><em>ceptatione</em></strong></span> <span class='ocrx_word' id='word_1_127' title='bbox 234 2042 340 2086; x_wconf 88' lang='lat' dir='ltr'><strong><em>constat.</em></strong></span> <span class='ocrx_word' id='word_1_128' title='bbox 360 2037 551 2103; x_wconf 82' lang='lat' dir='ltr'><strong><em>Disaeplationis</em></strong></span> <span class='ocrx_word' id='word_1_129' title='bbox 567 2034 896 2084; x_wconf 71' lang='lat' dir='ltr'><strong><em>cmclusiodesideraturin</em></strong></span> <span class='ocrx_word' id='word_1_130' title='bbox 906 2036 1110 2089; x_wconf 77' lang='lat' dir='ltr'><strong><em>Parmenide;</em></strong></span> <span class='ocrx_word' id='word_1_131' title='bbox 1130 2038 1252 2101; x_wconf 89' lang='lat' dir='ltr'><strong><em>quodam-</em></strong></span> 
     </span>
     <span class='ocr_line' id='line_1_18' title="bbox 71 2121 1251 2186; baseline 0.002 -15"><span class='ocrx_word' id='word_1_132' title='bbox 71 2124 147 2171; x_wconf 88' lang='lat' dir='ltr'><strong><em>modo</em></strong></span> <span class='ocrx_word' id='word_1_133' title='bbox 159 2128 240 2171; x_wconf 84' lang='lat' dir='ltr'><strong><em>exstat</em></strong></span> <span class='ocrx_word' id='word_1_134' title='bbox 247 2123 274 2170; x_wconf 90' lang='lat' dir='ltr'><strong><em>in</em></strong></span> <span class='ocrx_word' id='word_1_135' title='bbox 286 2123 427 2173; x_wconf 82' lang='lat' dir='ltr'><strong><em>Philebo.</em></strong></span> <span class='ocrx_word' id='word_1_136' title='bbox 439 2124 493 2186; x_wconf 80' lang='lat' dir='ltr'><strong><em>Quo</em></strong></span> <span class='ocrx_word' id='word_1_137' title='bbox 503 2128 600 2186; x_wconf 87' lang='lat' dir='ltr'><strong><em>spectat</em></strong></span> <span class='ocrx_word' id='word_1_138' title='bbox 609 2122 651 2169; x_wconf 91' lang='lat' dir='ltr'><strong><em>hic</em></strong></span> <span class='ocrx_word' id='word_1_139' title='bbox 660 2121 794 2184; x_wconf 66' lang='lat' dir='ltr'><strong><em>dialogus?</em></strong></span> <span class='ocrx_word' id='word_1_140' title='bbox 811 2121 886 2184; x_wconf 86' lang='lat' dir='ltr'><strong><em>quale</em></strong></span> <span class='ocrx_word' id='word_1_141' title='bbox 895 2122 950 2185; x_wconf 90' lang='lat' dir='ltr'><strong><em>ejus</em></strong></span> <span class='ocrx_word' id='word_1_142' title='bbox 958 2122 1083 2171; x_wconf 72' lang='lat' dir='ltr'><strong><em>initiam?</em></strong></span> <span class='ocrx_word' id='word_1_143' title='bbox 1100 2123 1251 2173; x_wconf 81' lang='lat' dir='ltr'><strong><em>Philolai</em></strong></span> 
     </span>
     <span class='ocr_line' id='line_1_19' title="bbox 71 2192 1251 2274; baseline 0.002 -16"><span class='ocrx_word' id='word_1_144' title='bbox 71 2209 208 2258; x_wconf 88' lang='lat' dir='ltr'><strong><em>sententia.</em></strong></span> <span class='ocrx_word' id='word_1_145' title='bbox 228 2208 312 2272; x_wconf 79' lang='lat' dir='ltr'><strong><em>Qualis</em></strong></span> <span class='ocrx_word' id='word_1_146' title='bbox 324 2211 473 2274; x_wconf 77' lang='lat' dir='ltr'><strong><em>progressio</em></strong></span> <span class='ocrx_word' id='word_1_147' title='bbox 486 2207 681 2272; x_wconf 70' lang='lat' dir='ltr'><strong><em>disputationis?</em></strong></span> <span class='ocrx_word' id='word_1_148' title='bbox 698 2209 761 2257; x_wconf 87' lang='lat' dir='ltr'><strong><em>llum</em></strong></span> <span class='ocrx_word' id='word_1_149' title='bbox 776 2207 911 2272; x_wconf 80' lang='lat' dir='ltr'><strong><em>Philebo</em></strong></span> <span class='ocrx_word' id='word_1_150' title='bbox 925 2209 1072 2258; x_wconf 83' lang='lat' dir='ltr'><strong><em>continetur</em></strong></span> <span class='ocrx_word' id='word_1_151' title='bbox 1087 2192 1251 2260; x_wconf 81' lang='lat' dir='ltr'><strong><em>alhioaaPla-</em></strong></span> 
     </span>
     <span class='ocr_line' id='line_1_20' title="bbox 71 2293 1250 2346; baseline 0.003 -4"><span class='ocrx_word' id='word_1_152' title='bbox 71 2295 172 2342; x_wconf 87' lang='lat' dir='ltr'><strong><em>tonicae</em></strong></span> <span class='ocrx_word' id='word_1_153' title='bbox 189 2294 399 2343; x_wconf 76' lang='lat' dir='ltr'><strong><em>fundamentum?</em></strong></span> <span class='ocrx_word' id='word_1_154' title='bbox 413 2294 485 2342; x_wconf 90' lang='lat' dir='ltr'><strong><em>Varia</em></strong></span> <span class='ocrx_word' id='word_1_155' title='bbox 499 2294 595 2342; x_wconf 88' lang='lat' dir='ltr'><strong><em>ratione</em></strong></span> <span class='ocrx_word' id='word_1_156' title='bbox 610 2293 681 2341; x_wconf 89' lang='lat' dir='ltr'><strong><em>Plato</em></strong></span> <span class='ocrx_word' id='word_1_157' title='bbox 697 2295 785 2342; x_wconf 88' lang='lat' dir='ltr'><strong><em>eodem</em></strong></span> <span class='ocrx_word' id='word_1_158' title='bbox 801 2294 917 2343; x_wconf 87' lang='lat' dir='ltr'><strong><em>tetendit.</em></strong></span> <span class='ocrx_word' id='word_1_159' title='bbox 930 2295 1018 2343; x_wconf 88' lang='lat' dir='ltr'><strong><em>Variae</em></strong></span> <span class='ocrx_word' id='word_1_160' title='bbox 1035 2297 1205 2344; x_wconf 81' lang='lat' dir='ltr'><strong><em>recentiorum</em></strong></span> <span class='ocrx_word' id='word_1_161' title='bbox 1218 2297 1250 2346; x_wconf 89' lang='lat' dir='ltr'><strong><em>de</em></strong></span> 
     </span>
     <span class='ocr_line' id='line_1_21' title="bbox 69 2378 1250 2444; baseline 0.003 -17"><span class='ocrx_word' id='word_1_162' title='bbox 69 2382 163 2444; x_wconf 85' lang='lat' dir='ltr'><strong><em>pulcro</em></strong></span> <span class='ocrx_word' id='word_1_163' title='bbox 183 2380 373 2443; x_wconf 81' lang='lat' dir='ltr'><strong><em>disquisitiones</em></strong></span> <span class='ocrx_word' id='word_1_164' title='bbox 398 2395 449 2444; x_wconf 90' lang='lat' dir='ltr'><strong><em>quo</em></strong></span> <span class='ocrx_word' id='word_1_165' title='bbox 470 2380 554 2429; x_wconf 86' lang='lat' dir='ltr'><strong><em>valere</em></strong></span> <span class='ocrx_word' id='word_1_166' title='bbox 567 2379 681 2428; x_wconf 78' lang='lat' dir='ltr'><strong><em>debenti</em></strong></span> <span class='ocrx_word' id='word_1_167' title='bbox 705 2378 872 2430; x_wconf 70' lang='lat' dir='ltr'><strong><em>memorabilis</em></strong></span> <span class='ocrx_word' id='word_1_168' title='bbox 889 2381 999 2429; x_wconf 82' lang='lat' dir='ltr'><strong><em>Socratis</em></strong></span> <span class='ocrx_word' id='word_1_169' title='bbox 1017 2381 1044 2430; x_wconf 92' lang='lat' dir='ltr'><strong><em>in</em></strong></span> <span class='ocrx_word' id='word_1_170' title='bbox 1061 2381 1250 2432; x_wconf 86' lang='lat' dir='ltr'><strong><em>Parmanide</em></strong></span> 
     </span>
     <span class='ocr_line' id='line_1_22' title="bbox 72 2467 209 2516; baseline -0.007 0"><span class='ocrx_word' id='word_1_171' title='bbox 72 2467 209 2516; x_wconf 86' lang='lat' dir='ltr'><strong><em>sententia.</em></strong></span> 
     </span>
    </p>
   </div>
   <div class='ocr_carea' id='block_1_10' title="bbox 132 2594 1299 2671">
    <p class='ocr_par' dir='ltr' id='par_1_10' title="bbox 132 2594 1299 2671">
     <span class='ocr_line' id='line_1_23' title="bbox 132 2594 1299 2671; baseline -0.002 -15"><span class='ocrx_word' id='word_1_172' title='bbox 132 2607 199 2671; x_wconf 80' lang='lat' dir='ltr'><strong><em>Quid</em></strong></span> <span class='ocrx_word' id='word_1_173' title='bbox 215 2606 311 2656; x_wconf 78' lang='lat' dir='ltr'><strong><em>madan</em></strong></span> <span class='ocrx_word' id='word_1_174' title='bbox 329 2605 516 2656; x_wconf 67' lang='lat' dir='ltr'><strong><em>existimandam</em></strong></span> <span class='ocrx_word' id='word_1_175' title='bbox 532 2603 600 2654; x_wconf 82' lang='lat' dir='ltr'><strong><em>nolis</em></strong></span> <span class='ocrx_word' id='word_1_176' title='bbox 612 2602 718 2666; x_wconf 77' lang='lat' dir='ltr'><strong><em>derat,</em></strong></span> <span class='ocrx_word' id='word_1_177' title='bbox 737 2599 819 2652; x_wconf 73' lang='lat' dir='ltr'><strong><em>arisai</em></strong></span> <span class='ocrx_word' id='word_1_178' title='bbox 832 2605 882 2652; x_wconf 73' lang='lat' dir='ltr'><strong><em>rori</em></strong></span> <span class='ocrx_word' id='word_1_179' title='bbox 894 2594 984 2666; x_wconf 68' lang='lat' dir='ltr'><strong><em>draca,</em></strong></span> <span class='ocrx_word' id='word_1_180' title='bbox 999 2605 1104 2656; x_wconf 79' lang='lat' dir='ltr'><strong><em>scientia</em></strong></span> <span class='ocrx_word' id='word_1_181' title='bbox 1117 2606 1234 2657; x_wconf 83' lang='lat' dir='ltr'><strong><em>videtur?</em></strong></span> <span class='ocrx_word' id='word_1_182' title='bbox 1252 2604 1299 2658; x_wconf 80' lang='grc'><strong><em>431</em></strong></span> 
     </span>
    </p>
   </div>
   <div class='ocr_carea' id='block_1_11' title="bbox 70 2721 1250 2879">
    <p class='ocr_par' dir='ltr' id='par_1_11' title="bbox 70 2721 1250 2879">
     <span class='ocr_line' id='line_1_24' title="bbox 107 2721 1250 2799; baseline 0.001 -26"><span class='ocrx_word' id='word_1_183' title='bbox 107 2725 172 2790; x_wconf 78' lang='lat' dir='ltr'><strong><em>Quid</em></strong></span> <span class='ocrx_word' id='word_1_184' title='bbox 186 2740 236 2772; x_wconf 79' lang='lat' dir='ltr'><strong><em>nors</em></strong></span> <span class='ocrx_word' id='word_1_185' title='bbox 249 2724 400 2772; x_wconf 86' lang='lat' dir='ltr'><strong><em>sitscientia</em></strong></span> <span class='ocrx_word' id='word_1_186' title='bbox 415 2738 429 2771; x_wconf 89' lang='lat' dir='ltr'><strong><em>e</em></strong></span> <span class='ocrx_word' id='word_1_187' title='bbox 446 2724 620 2799; x_wconf 69' lang='lat' dir='ltr'><strong><em>lheaeteto</em></strong></span> <span class='ocrx_word' id='word_1_188' title='bbox 636 2725 723 2785; x_wconf 87' lang='lat' dir='ltr'><strong><em>patet,</em></strong></span> <span class='ocrx_word' id='word_1_189' title='bbox 752 2721 813 2784; x_wconf 90' lang='lat' dir='ltr'><strong><em>quid</em></strong></span> <span class='ocrx_word' id='word_1_190' title='bbox 830 2722 933 2771; x_wconf 84' lang='lat' dir='ltr'><strong><em>sitnon</em></strong></span> <span class='ocrx_word' id='word_1_191' title='bbox 949 2721 1187 2788; x_wconf 54' lang='lat' dir='ltr'><strong><em>declamandum</em></strong></span> <span class='ocrx_word' id='word_1_192' title='bbox 1201 2725 1250 2774; x_wconf 88' lang='lat' dir='ltr'><strong><em>alia</em></strong></span> 
     </span>
     <span class='ocr_line' id='line_1_25' title="bbox 70 2807 564 2879; baseline -0.012 -18"><span class='ocrx_word' id='word_1_193' title='bbox 70 2814 100 2861; x_wconf 92' lang='lat' dir='ltr'><strong><em>in</em></strong></span> <span class='ocrx_word' id='word_1_194' title='bbox 116 2828 147 2862; x_wconf 91' lang='lat' dir='ltr'><strong><em>eo</em></strong></span> <span class='ocrx_word' id='word_1_195' title='bbox 162 2810 264 2872; x_wconf 72' lang='lat' dir='ltr'><strong><em>dialogo</em></strong></span> <span class='ocrx_word' id='word_1_196' title='bbox 280 2815 390 2879; x_wconf 64' lang='lat' dir='ltr'><strong><em>mentqm</em></strong></span> <span class='ocrx_word' id='word_1_197' title='bbox 407 2807 564 2857; x_wconf 77' lang='lat' dir='ltr'><strong><em>advertunt?</em></strong></span> 
     </span>
    </p>
   </div>
   <div class='ocr_carea' id='block_1_12' title="bbox 142 2942 1282 3012">
    <p class='ocr_par' dir='ltr' id='par_1_12' title="bbox 142 2942 1282 3012">
     <span class='ocr_line' id='line_1_26' title="bbox 142 2942 1282 3012; baseline 0.001 -14"><span class='ocrx_word' id='word_1_198' title='bbox 142 2948 208 3010; x_wconf 80' lang='lat' dir='ltr'><strong><em>Quid</em></strong></span> <span class='ocrx_word' id='word_1_199' title='bbox 223 2948 317 2997; x_wconf 75' lang='lat' dir='ltr'><strong><em>sanas</em></strong></span> <span class='ocrx_word' id='word_1_200' title='bbox 334 2946 402 3012; x_wconf 89' lang='lat' dir='ltr'><strong><em>apud</em></strong></span> <span class='ocrx_word' id='word_1_201' title='bbox 421 2943 547 2995; x_wconf 81' lang='lat' dir='ltr'><strong><em>Platonem</em></strong></span> <span class='ocrx_word' id='word_1_202' title='bbox 564 2942 620 2993; x_wconf 84' lang='lat' dir='ltr'><strong><em>est?</em></strong></span> <span class='ocrx_word' id='word_1_203' title='bbox 638 2943 731 3006; x_wconf 78' lang='lat' dir='ltr'><strong><em>Quidni</em></strong></span> <span class='ocrx_word' id='word_1_204' title='bbox 746 2945 874 2994; x_wconf 85' lang='lat' dir='ltr'><strong><em>scientiam</em></strong></span> <span class='ocrx_word' id='word_1_205' title='bbox 890 2945 958 2996; x_wconf 69' lang='lat' dir='ltr'><strong><em>nala</em></strong></span> <span class='ocrx_word' id='word_1_206' title='bbox 974 2947 1087 2997; x_wconf 83' lang='lat' dir='ltr'><strong><em>veritatis</em></strong></span> <span class='ocrx_word' id='word_1_207' title='bbox 1104 2947 1223 2999; x_wconf 71' lang='lat' dir='ltr'><strong><em>madidet?</em></strong></span> <span class='ocrx_word' id='word_1_208' title='bbox 1269 2968 1282 2998; x_wconf 85' lang='lat' dir='ltr'><strong><em>s</em></strong></span> 
     </span>
    </p>
   </div>
   <div class='ocr_carea' id='block_1_13' title="bbox 72 3057 1250 3473">
    <p class='ocr_par' dir='ltr' id='par_1_13' title="bbox 72 3057 1250 3473">
     <span class='ocr_line' id='line_1_27' title="bbox 112 3057 1250 3131; baseline 0.004 -17"><span class='ocrx_word' id='word_1_209' title='bbox 112 3066 182 3115; x_wconf 87' lang='lat' dir='ltr'><strong><em>Plato</em></strong></span> <span class='ocrx_word' id='word_1_210' title='bbox 198 3081 285 3114; x_wconf 85' lang='lat' dir='ltr'><strong><em>aarum</em></strong></span> <span class='ocrx_word' id='word_1_211' title='bbox 300 3063 331 3115; x_wconf 85' lang='grc' dir='ltr'><strong><em>τὸ</em></strong></span> <span class='ocrx_word' id='word_1_212' title='bbox 347 3057 379 3114; x_wconf 64' lang='lat' dir='ltr'><strong><em>ln</em></strong></span> <span class='ocrx_word' id='word_1_213' title='bbox 389 3068 469 3112; x_wconf 82' lang='lat' dir='ltr'><strong><em>vocat.</em></strong></span> <span class='ocrx_word' id='word_1_214' title='bbox 489 3064 599 3125; x_wconf 77' lang='lat' dir='ltr'><strong><em>linguae</em></strong></span> <span class='ocrx_word' id='word_1_215' title='bbox 612 3063 717 3112; x_wconf 78' lang='lat' dir='ltr'><strong><em>Batavae</em></strong></span> <span class='ocrx_word' id='word_1_216' title='bbox 735 3063 893 3113; x_wconf 83' lang='lat' dir='ltr'><strong><em>vocabulum.</em></strong></span> <span class='ocrx_word' id='word_1_217' title='bbox 913 3066 977 3128; x_wconf 87' lang='lat' dir='ltr'><strong><em>Quid</em></strong></span> <span class='ocrx_word' id='word_1_218' title='bbox 992 3067 1128 3131; x_wconf 80' lang='lat' dir='ltr'><strong><em>speluncas</em></strong></span> <span class='ocrx_word' id='word_1_219' title='bbox 1141 3069 1250 3131; x_wconf 79' lang='lat' dir='ltr'><strong><em>imagine</em></strong></span> 
     </span>
     <span class='ocr_line' id='line_1_28' title="bbox 72 3147 1250 3217; baseline 0.004 -18"><span class='ocrx_word' id='word_1_220' title='bbox 72 3151 238 3200; x_wconf 74' lang='lat' dir='ltr'><strong><em>declaratur?</em></strong></span> <span class='ocrx_word' id='word_1_221' title='bbox 261 3152 290 3199; x_wconf 91' lang='lat' dir='ltr'><strong><em>ln</em></strong></span> <span class='ocrx_word' id='word_1_222' title='bbox 315 3150 456 3213; x_wconf 88' lang='lat' dir='ltr'><strong><em>disciplinis</em></strong></span> <span class='ocrx_word' id='word_1_223' title='bbox 475 3147 659 3197; x_wconf 80' lang='lat' dir='ltr'><strong><em>mathematicis</em></strong></span> <span class='ocrx_word' id='word_1_224' title='bbox 675 3151 774 3197; x_wconf 82' lang='lat' dir='ltr'><strong><em>veritas</em></strong></span> <span class='ocrx_word' id='word_1_225' title='bbox 795 3153 883 3199; x_wconf 85' lang='lat' dir='ltr'><strong><em>exstat.</em></strong></span> <span class='ocrx_word' id='word_1_226' title='bbox 897 3151 1004 3214; x_wconf 63' lang='lat' dir='ltr'><strong><em>Quibus</em></strong></span> <span class='ocrx_word' id='word_1_227' title='bbox 1022 3159 1151 3217; x_wconf 88' lang='lat' dir='ltr'><strong><em>praeterea</em></strong></span> <span class='ocrx_word' id='word_1_228' title='bbox 1166 3154 1198 3203; x_wconf 88' lang='lat' dir='ltr'><strong><em>de</em></strong></span> <span class='ocrx_word' id='word_1_229' title='bbox 1212 3171 1250 3204; x_wconf 87' lang='lat' dir='ltr'><strong><em>re·</em></strong></span> 
     </span>
     <span class='ocr_line' id='line_1_29' title="bbox 72 3234 1250 3304; baseline 0.003 -19"><span class='ocrx_word' id='word_1_230' title='bbox 72 3239 122 3286; x_wconf 87' lang='lat' dir='ltr'><strong><em>bus</em></strong></span> <span class='ocrx_word' id='word_1_231' title='bbox 144 3237 261 3300; x_wconf 86' lang='lat' dir='ltr'><strong><em>judicare</em></strong></span> <span class='ocrx_word' id='word_1_232' title='bbox 286 3241 312 3283; x_wconf 86' lang='lat' dir='ltr'><strong><em>et</em></strong></span> <span class='ocrx_word' id='word_1_233' title='bbox 335 3236 436 3298; x_wconf 88' lang='lat' dir='ltr'><strong><em>quando</em></strong></span> <span class='ocrx_word' id='word_1_234' title='bbox 460 3234 542 3283; x_wconf 75' lang='lat' dir='ltr'><strong><em>licet?</em></strong></span> <span class='ocrx_word' id='word_1_235' title='bbox 559 3234 677 3283; x_wconf 77' lang='lat' dir='ltr'><strong><em>Veritatis</em></strong></span> <span class='ocrx_word' id='word_1_236' title='bbox 695 3237 801 3286; x_wconf 86' lang='lat' dir='ltr'><strong><em>seientia</em></strong></span> <span class='ocrx_word' id='word_1_237' title='bbox 819 3237 960 3286; x_wconf 85' lang='lat' dir='ltr'><strong><em>soliusDei</em></strong></span> <span class='ocrx_word' id='word_1_238' title='bbox 974 3244 1021 3287; x_wconf 88' lang='lat' dir='ltr'><strong><em>est.</em></strong></span> <span class='ocrx_word' id='word_1_239' title='bbox 1040 3241 1105 3304; x_wconf 76' lang='lat' dir='ltr'><strong><em>Quid</em></strong></span> <span class='ocrx_word' id='word_1_240' title='bbox 1120 3241 1190 3289; x_wconf 87' lang='lat' dir='ltr'><strong><em>deest</em></strong></span> <span class='ocrx_word' id='word_1_241' title='bbox 1208 3243 1250 3289; x_wconf 78' lang='lat' dir='ltr'><strong><em>lto·</em></strong></span> 
     </span>
     <span class='ocr_line' id='line_1_30' title="bbox 72 3321 1248 3392; baseline 0.004 -22"><span class='ocrx_word' id='word_1_242' title='bbox 72 3325 157 3385; x_wconf 84' lang='lat' dir='ltr'><strong><em>mini,</em></strong></span> <span class='ocrx_word' id='word_1_243' title='bbox 185 3322 322 3392; x_wconf 81' lang='lat' dir='ltr'><strong><em>quominus</em></strong></span> <span class='ocrx_word' id='word_1_244' title='bbox 346 3337 399 3369; x_wconf 88' lang='lat' dir='ltr'><strong><em>eam</em></strong></span> <span class='ocrx_word' id='word_1_245' title='bbox 424 3321 571 3385; x_wconf 88' lang='lat' dir='ltr'><strong><em>sapientiam</em></strong></span> <span class='ocrx_word' id='word_1_246' title='bbox 587 3321 688 3383; x_wconf 86' lang='lat' dir='ltr'><strong><em>assequi</em></strong></span> <span class='ocrx_word' id='word_1_247' title='bbox 703 3323 798 3386; x_wconf 75' lang='lat' dir='ltr'><strong><em>possiti</em></strong></span> <span class='ocrx_word' id='word_1_248' title='bbox 813 3324 980 3387; x_wconf 83' lang='lat' dir='ltr'><strong><em>Imperfectus</em></strong></span> <span class='ocrx_word' id='word_1_249' title='bbox 994 3325 1107 3373; x_wconf 89' lang='lat' dir='ltr'><strong><em>idearum</em></strong></span> <span class='ocrx_word' id='word_1_250' title='bbox 1123 3327 1248 3391; x_wconf 86' lang='lat' dir='ltr'><strong><em>intuitus,</em></strong></span> 
     </span>
     <span class='ocr_line' id='line_1_31' title="bbox 72 3406 1067 3473; baseline 0 -13"><span class='ocrx_word' id='word_1_251' title='bbox 72 3427 104 3460; x_wconf 86' lang='lat' dir='ltr'><strong><em>aa</em></strong></span> <span class='ocrx_word' id='word_1_252' title='bbox 120 3425 281 3472; x_wconf 87' lang='lat' dir='ltr'><strong><em>caussarum,</em></strong></span> <span class='ocrx_word' id='word_1_253' title='bbox 298 3425 363 3472; x_wconf 89' lang='lat' dir='ltr'><strong><em>quae</em></strong></span> <span class='ocrx_word' id='word_1_254' title='bbox 379 3423 462 3456; x_wconf 88' lang='lat' dir='ltr'><strong><em>rerum</em></strong></span> <span class='ocrx_word' id='word_1_255' title='bbox 482 3406 613 3456; x_wconf 87' lang='lat' dir='ltr'><strong><em>moralium</em></strong></span> <span class='ocrx_word' id='word_1_256' title='bbox 629 3412 655 3456; x_wconf 86' lang='lat' dir='ltr'><strong><em>et</em></strong></span> <span class='ocrx_word' id='word_1_257' title='bbox 670 3407 811 3456; x_wconf 84' lang='lat' dir='ltr'><strong><em>divinarum</em></strong></span> <span class='ocrx_word' id='word_1_258' title='bbox 826 3415 899 3473; x_wconf 87' lang='lat' dir='ltr'><strong><em>sunt,</em></strong></span> <span class='ocrx_word' id='word_1_259' title='bbox 917 3409 1067 3472; x_wconf 66' lang='lat' dir='ltr'><strong><em>ignorantia.</em></strong></span> 
     </span>
    </p>
   </div>
   <div class='ocr_carea' id='block_1_14' title="bbox 333 3545 1301 3613">
    <p class='ocr_par' dir='ltr' id='par_1_14' title="bbox 333 3545 1301 3613">
     <span class='ocr_line' id='line_1_32' title="bbox 333 3545 1301 3613; baseline 0.003 -19"><span class='ocrx_word' id='word_1_260' title='bbox 333 3545 384 3595; x_wconf 83' lang='lat' dir='ltr'><strong><em>Car</em></strong></span> <span class='ocrx_word' id='word_1_261' title='bbox 401 3546 519 3596; x_wconf 82' lang='lat' dir='ltr'><strong><em>scientiae</em></strong></span> <span class='ocrx_word' id='word_1_262' title='bbox 537 3545 658 3595; x_wconf 86' lang='lat' dir='ltr'><strong><em>haraanae</em></strong></span> <span class='ocrx_word' id='word_1_263' title='bbox 675 3546 790 3596; x_wconf 84' lang='lat' dir='ltr'><strong><em>terasinas</em></strong></span> <span class='ocrx_word' id='word_1_264' title='bbox 806 3562 855 3596; x_wconf 89' lang='lat' dir='ltr'><strong><em>aon</em></strong></span> <span class='ocrx_word' id='word_1_265' title='bbox 870 3549 951 3613; x_wconf 88' lang='lat' dir='ltr'><strong><em>posuit</em></strong></span> <span class='ocrx_word' id='word_1_266' title='bbox 968 3546 1060 3598; x_wconf 86' lang='lat' dir='ltr'><strong><em>Plato?</em></strong></span> <span class='ocrx_word' id='word_1_267' title='bbox 1250 3548 1301 3604; x_wconf 71' lang='grc'><strong><em>433</em></strong></span> 
     </span>
    </p>
   </div>
   <div class='ocr_carea' id='block_1_15' title="bbox 73 3663 1250 4070">
    <p class='ocr_par' dir='ltr' id='par_1_15' title="bbox 73 3663 1250 4070">
     <span class='ocr_line' id='line_1_33' title="bbox 108 3663 1250 3732; baseline 0.002 -15"><span class='ocrx_word' id='word_1_268' title='bbox 108 3668 185 3718; x_wconf 77' lang='lat' dir='ltr'><strong><em>Aliud</em></strong></span> <span class='ocrx_word' id='word_1_269' title='bbox 202 3665 342 3732; x_wconf 86' lang='lat' dir='ltr'><strong><em>quaerendi</em></strong></span> <span class='ocrx_word' id='word_1_270' title='bbox 353 3664 454 3713; x_wconf 88' lang='lat' dir='ltr'><strong><em>initium</em></strong></span> <span class='ocrx_word' id='word_1_271' title='bbox 470 3665 576 3713; x_wconf 86' lang='lat' dir='ltr'><strong><em>Platoni</em></strong></span> <span class='ocrx_word' id='word_1_272' title='bbox 584 3701 591 3728; x_wconf 93' lang='lat'>,</span> <span class='ocrx_word' id='word_1_273' title='bbox 602 3663 677 3714; x_wconf 77' lang='lat' dir='ltr'><strong><em>¹alind</em></strong></span> <span class='ocrx_word' id='word_1_274' title='bbox 695 3665 878 3729; x_wconf 81' lang='lat' dir='ltr'><strong><em>metaphysicis</em></strong></span> <span class='ocrx_word' id='word_1_275' title='bbox 888 3665 945 3716; x_wconf 81' lang='lat' dir='ltr'><strong><em>luit.</em></strong></span> <span class='ocrx_word' id='word_1_276' title='bbox 965 3666 1041 3714; x_wconf 86' lang='lat' dir='ltr'><strong><em>Plato</em></strong></span> <span class='ocrx_word' id='word_1_277' title='bbox 1056 3672 1083 3715; x_wconf 91' lang='lat' dir='ltr'><strong><em>et</em></strong></span> <span class='ocrx_word' id='word_1_278' title='bbox 1096 3671 1250 3720; x_wconf 81' lang='lat' dir='ltr'><strong><em>recentiores</em></strong></span> 
     </span>
     <span class='ocr_line' id='line_1_34' title="bbox 73 3749 1249 3822; baseline -0.003 -18"><span class='ocrx_word' id='word_1_279' title='bbox 73 3754 228 3822; x_wconf 88' lang='lat' dir='ltr'><strong><em>philosophi.</em></strong></span> <span class='ocrx_word' id='word_1_280' title='bbox 252 3754 344 3801; x_wconf 89' lang='lat' dir='ltr'><strong><em>llornm</em></strong></span> <span class='ocrx_word' id='word_1_281' title='bbox 358 3751 582 3814; x_wconf 89' lang='lat' dir='ltr'><strong><em>philosophemata.</em></strong></span> <span class='ocrx_word' id='word_1_282' title='bbox 608 3750 730 3797; x_wconf 85' lang='lat' dir='ltr'><strong><em>Sensuum</em></strong></span> <span class='ocrx_word' id='word_1_283' title='bbox 746 3749 912 3798; x_wconf 90' lang='lat' dir='ltr'><strong><em>humanorum</em></strong></span> <span class='ocrx_word' id='word_1_284' title='bbox 928 3751 1106 3814; x_wconf 90' lang='lat' dir='ltr'><strong><em>impedimenta</em></strong></span> <span class='ocrx_word' id='word_1_285' title='bbox 1123 3757 1249 3818; x_wconf 84' lang='lat' dir='ltr'><strong><em>quomodo</em></strong></span> 
     </span>
     <span class='ocr_line' id='line_1_35' title="bbox 73 3836 1249 3907; baseline -0.002 -16"><span class='ocrx_word' id='word_1_286' title='bbox 73 3841 215 3907; x_wconf 88' lang='lat' dir='ltr'><strong><em>superanda</em></strong></span> <span class='ocrx_word' id='word_1_287' title='bbox 245 3837 414 3903; x_wconf 72' lang='lat' dir='ltr'><strong><em>philosopho?</em></strong></span> <span class='ocrx_word' id='word_1_288' title='bbox 441 3836 552 3884; x_wconf 86' lang='lat' dir='ltr'><strong><em>Platonis</em></strong></span> <span class='ocrx_word' id='word_1_289' title='bbox 571 3836 703 3885; x_wconf 87' lang='lat' dir='ltr'><strong><em>dialectica</em></strong></span> <span class='ocrx_word' id='word_1_290' title='bbox 729 3851 840 3897; x_wconf 74' lang='lat' dir='ltr'><strong><em>congrua</em></strong></span> <span class='ocrx_word' id='word_1_291' title='bbox 865 3842 1001 3900; x_wconf 88' lang='lat' dir='ltr'><strong><em>perpetuae</em></strong></span> <span class='ocrx_word' id='word_1_292' title='bbox 1022 3840 1132 3888; x_wconf 92' lang='lat' dir='ltr'><strong><em>hominis</em></strong></span> <span class='ocrx_word' id='word_1_293' title='bbox 1146 3843 1173 3889; x_wconf 91' lang='lat' dir='ltr'><strong><em>in</em></strong></span> <span class='ocrx_word' id='word_1_294' title='bbox 1190 3858 1249 3890; x_wconf 86' lang='lat' dir='ltr'><strong><em>vero</em></strong></span> 
     </span>
     <span class='ocr_line' id='line_1_36' title="bbox 73 3921 1248 3990; baseline -0.001 -14"><span class='ocrx_word' id='word_1_295' title='bbox 73 3926 251 3990; x_wconf 73' lang='lat' dir='ltr'><strong><em>cognoscendo</em></strong></span> <span class='ocrx_word' id='word_1_296' title='bbox 272 3922 448 3988; x_wconf 79' lang='lat' dir='ltr'><strong><em>progressioni.</em></strong></span> <span class='ocrx_word' id='word_1_297' title='bbox 475 3924 528 3972; x_wconf 78' lang='lat' dir='ltr'><strong><em>lion</em></strong></span> <span class='ocrx_word' id='word_1_298' title='bbox 543 3929 702 3987; x_wconf 83' lang='lat' dir='ltr'><strong><em>praesentem</em></strong></span> <span class='ocrx_word' id='word_1_299' title='bbox 717 3926 830 3984; x_wconf 86' lang='lat' dir='ltr'><strong><em>tantum,</em></strong></span> <span class='ocrx_word' id='word_1_300' title='bbox 861 3921 1033 3982; x_wconf 86' lang='lat' dir='ltr'><strong><em>sedsutaram</em></strong></span> <span class='ocrx_word' id='word_1_301' title='bbox 1046 3927 1120 3975; x_wconf 91' lang='lat' dir='ltr'><strong><em>etiam</em></strong></span> <span class='ocrx_word' id='word_1_302' title='bbox 1135 3927 1248 3988; x_wconf 77' lang='lat' dir='ltr'><strong><em>ingenio·</em></strong></span> 
     </span>
     <span class='ocr_line' id='line_1_37' title="bbox 74 3992 861 4070; baseline -0.01 -7"><span class='ocrx_word' id='word_1_303' title='bbox 74 4030 131 4063; x_wconf 88' lang='lat' dir='ltr'><strong><em>rum</em></strong></span> <span class='ocrx_word' id='word_1_304' title='bbox 147 4012 321 4061; x_wconf 43' lang='lat' dir='ltr'><strong><em>instationem*</em></strong></span> <span class='ocrx_word' id='word_1_305' title='bbox 332 3992 459 4070; x_wconf 71' lang='lat' dir='ltr'><strong><em>cogitavit.</em></strong></span> <span class='ocrx_word' id='word_1_306' title='bbox 478 4010 592 4057; x_wconf 79' lang='lat' dir='ltr'><strong><em>Mamor</em></strong></span> <span class='ocrx_word' id='word_1_307' title='bbox 609 4008 861 4060; x_wconf 81' lang='lat' dir='ltr'><strong><em>Harastsrlsnsii.</em></strong></span> 
     </span>
    </p>
   </div>
   <div class='ocr_carea' id='block_1_16' title="bbox 253 4145 1298 4300">
    <p class='ocr_par' dir='ltr' id='par_1_16' title="bbox 253 4145 1298 4300">
     <span class='ocr_line' id='line_1_38' title="bbox 253 4145 1123 4225; baseline 0.002 -28"><span class='ocrx_word' id='word_1_308' title='bbox 253 4147 290 4198; x_wconf 88' lang='lat' dir='ltr'><strong><em>lle</em></strong></span> <span class='ocrx_word' id='word_1_309' title='bbox 307 4147 424 4225; x_wconf 85' lang='lat' dir='ltr'><strong><em>modestia</em></strong></span> <span class='ocrx_word' id='word_1_310' title='bbox 440 4145 590 4214; x_wconf 86' lang='lat' dir='ltr'><strong><em>philosophi,</em></strong></span> <span class='ocrx_word' id='word_1_311' title='bbox 610 4163 665 4196; x_wconf 88' lang='lat' dir='ltr'><strong><em>cum</em></strong></span> <span class='ocrx_word' id='word_1_312' title='bbox 682 4164 754 4197; x_wconf 87' lang='lat' dir='ltr'><strong><em>sensu</em></strong></span> <span class='ocrx_word' id='word_1_313' title='bbox 768 4145 899 4211; x_wconf 74' lang='lat' dir='ltr'><strong><em>facultatis</em></strong></span> <span class='ocrx_word' id='word_1_314' title='bbox 915 4166 976 4200; x_wconf 84' lang='lat' dir='ltr'><strong><em>suae</em></strong></span> <span class='ocrx_word' id='word_1_315' title='bbox 992 4151 1123 4200; x_wconf 87' lang='lat' dir='ltr'><strong><em>immensae</em></strong></span> 
     </span>
     <span class='ocr_line' id='line_1_39' title="bbox 367 4233 1298 4300; baseline 0.006 -18"><span class='ocrx_word' id='word_1_316' title='bbox 367 4245 370 4251; x_wconf 89' lang='lat'>·</span> <span class='ocrx_word' id='word_1_317' title='bbox 403 4234 616 4298; x_wconf 65' lang='lat' dir='ltr'><strong><em>mammarumque</em></strong></span> <span class='ocrx_word' id='word_1_318' title='bbox 632 4248 718 4281; x_wconf 85' lang='lat' dir='ltr'><strong><em>rerum</em></strong></span> <span class='ocrx_word' id='word_1_319' title='bbox 734 4233 814 4282; x_wconf 89' lang='lat' dir='ltr'><strong><em>studio</em></strong></span> <span class='ocrx_word' id='word_1_320' title='bbox 831 4233 971 4300; x_wconf 85' lang='lat' dir='ltr'><strong><em>conjuncta.</em></strong></span> <span class='ocrx_word' id='word_1_321' title='bbox 1247 4234 1298 4288; x_wconf 68' lang='lat'><strong><em>43⁴</em></strong></span> 
     </span>
    </p>
   </div>
   <div class='ocr_carea' id='block_1_17' title="bbox 75 4348 1248 4506">
    <p class='ocr_par' dir='ltr' id='par_1_17' title="bbox 75 4348 1248 4506">
     <span class='ocr_line' id='line_1_40' title="bbox 108 4348 1248 4420; baseline 0 -15"><span class='ocrx_word' id='word_1_322' title='bbox 108 4357 173 4405; x_wconf 85' lang='lat' dir='ltr'><strong><em>llum</em></strong></span> <span class='ocrx_word' id='word_1_323' title='bbox 195 4353 227 4402; x_wconf 88' lang='lat' dir='ltr'><strong><em>ad</em></strong></span> <span class='ocrx_word' id='word_1_324' title='bbox 254 4352 414 4402; x_wconf 80' lang='lat' dir='ltr'><strong><em>retinendam</em></strong></span> <span class='ocrx_word' id='word_1_325' title='bbox 437 4351 564 4401; x_wconf 85' lang='lat' dir='ltr'><strong><em>hominem</em></strong></span> <span class='ocrx_word' id='word_1_326' title='bbox 579 4365 655 4414; x_wconf 88' lang='lat' dir='ltr'><strong><em>quam</em></strong></span> <span class='ocrx_word' id='word_1_327' title='bbox 672 4348 704 4397; x_wconf 90' lang='lat' dir='ltr'><strong><em>ad</em></strong></span> <span class='ocrx_word' id='word_1_328' title='bbox 724 4351 980 4418; x_wconf 73' lang='lat' dir='ltr'><strong><em>recitandamaptior</em></strong></span> <span class='ocrx_word' id='word_1_329' title='bbox 993 4355 1118 4405; x_wconf 84' lang='lat' dir='ltr'><strong><em>Socratica</em></strong></span> <span class='ocrx_word' id='word_1_330' title='bbox 1137 4356 1248 4420; x_wconf 71' lang='lat' dir='ltr'><strong><em>philoso⁴</em></strong></span> 
     </span>
     <span class='ocr_line' id='line_1_41' title="bbox 75 4434 829 4506; baseline -0.007 -15"><span class='ocrx_word' id='word_1_331' title='bbox 75 4441 154 4506; x_wconf 71' lang='lat' dir='ltr'><strong><em>phio?</em></strong></span> <span class='ocrx_word' id='word_1_332' title='bbox 170 4439 314 4489; x_wconf 78' lang='lat' dir='ltr'><strong><em>Platonicae</em></strong></span> <span class='ocrx_word' id='word_1_333' title='bbox 332 4438 472 4503; x_wconf 68' lang='lat' dir='ltr'><strong><em>progressio</em></strong></span> <span class='ocrx_word' id='word_1_334' title='bbox 488 4436 592 4486; x_wconf 76' lang='lat' dir='ltr'><strong><em>mansne</em></strong></span> <span class='ocrx_word' id='word_1_335' title='bbox 602 4450 648 4501; x_wconf 84' lang='lat' dir='ltr'><strong><em>par</em></strong></span> <span class='ocrx_word' id='word_1_336' title='bbox 660 4434 829 4486; x_wconf 68' lang='lat' dir='ltr'><strong><em>ammomum.</em></strong></span> 
     </span>
    </p>
   </div>
   <div class='ocr_carea' id='block_1_18' title="bbox 0 0 1417 5048">
    <p class='ocr_par' dir='ltr' id='par_1_18' title="bbox 0 0 1417 5048">
     <span class='ocr_line' id='line_1_42' title="bbox 0 0 1417 5048; baseline 0 0"><span class='ocrx_word' id='word_1_337' title='bbox 0 0 1417 5048; x_wconf 95' lang='lat' dir='ltr'><strong><em> </em></strong></span> 
     </span>
    </p>
   </div>
  </div>
 </body>
</html>
