2796 5048
1273 200 1314 258 1⁹·

290 360 327 412 lie
344 361 514 428 &iaciendo
530 362 562 413 als
577 362 644 413 iisse
661 370 746 425 reeta,
764 364 809 429 qai
825 364 894 415 neiis
910 367 985 428 inest,
1002 369 1087 431 θυμῷ.
1257 306 1310 416 liii

104 496 180 545 Eod.
204 496 349 544 Voluntatis
364 497 406 544 eis
422 497 607 546 recentioribus
624 503 770 546 memorata.
790 498 942 565 Indignatio
957 506 984 549 et
997 501 1049 549 ira.

212 631 314 687 Civitati
331 636 435 702 opdome
451 634 520 684 tomo
537 644 706 702 conparatur.
736 635 774 685 De
791 637 922 687 virtutibus
939 638 1019 688 enini
1033 638 1174 704 primariis.
1257 636 1309 689 tte

105 767 180 815 aod.
202 770 244 834 Τῷ
259 770 396 836 λογιστικῷ
411 770 557 833 sapientia,
576 773 615 835 τῷ
629 769 767 835 θυμοειδεῖ
774 770 906 832 fortitudo
925 772 1055 820 convenit.
1073 772 1107 820 ut
1122 778 1258 835 temperan-

66 853 110 899 tia
131 853 250 917 exsistat,
276 868 381 902 necesse
404 859 443 902 eat
470 861 501 903 ut
518 859 676 920 utrumque,
692 855 788 903 musici
802 861 829 904 et
849 855 1005 919 gymnastict
1024 857 1074 905 rite
1088 856 1218 905 excultam
1233 862 1260 906 et

66 953 199 1001 concors,
214 939 307 1003 praesit
320 943 358 1006 τῷ
371 938 562 1008 ἐπιθυμητικῷ.
583 941 647 989 llinc
661 940 788 1004 quomodo
796 942 912 1008 justitia
930 942 1065 990 nascituri

330 1075 396 1139 Quid
412 1078 510 1127 tandem
526 1079 624 1144 inipso
640 1078 743 1128 Ιιοιιιὲιιίι
759 1081 842 1129 anino
858 1079 984 1147 injustitia
1000 1079 1057 1130 est?
1257 1076 1310 1130 l98

106 1194 181 1273 m·
201 1195 235 1242 Ex
248 1195 339 1242 initiis
357 1194 474 1244 conditae
489 1194 598 1244 civitatis
608 1196 723 1259 justitiae
738 1203 829 1247 natura
845 1198 955 1264 petenda
970 1203 1017 1248 est.

371 1331 409 1381 De
425 1332 452 1382 oi
463 1333 578 1395 justitiae
595 1334 622 1383 io
638 1335 705 1383 citae
722 1335 845 1385 iomanes
859 1335 1011 1400 felicitatem.
1256 1332 1308 1385 t99

104 1449 223 1497 iustitiae
237 1455 263 1496 et
275 1449 412 1511 injustitiae
427 1465 486 1499 cum
503 1449 565 1497 iona
578 1452 696 1514 naaioqoe
716 1451 864 1500 valetudine
883 1454 1045 1516 comparatio.
1065 1454 1126 1501 Uter
1140 1452 1252 1516 beatior,

65 1536 156 1597 justus
175 1550 208 1582 an
225 1532 355 1596 injustus?

296 1670 441 1722 Platonicae
457 1671 533 1738 liujus
550 1672 579 1722 sle
589 1672 695 1739 jusitia
711 1674 883 1741 disputationis
899 1675 1080 1742 interpretatio.
1274 1698 1288 1725 ιι

106 1789 185 1837 ilalta
205 1789 342 1837 desiderari
358 1789 385 1837 in
412 1804 441 1837 ea
467 1790 639 1853 disputatione
655 1792 675 1839 si
693 1793 751 1855 quis
774 1794 950 1855 aegrotaret,
974 1794 1123 1841 interiorem
1139 1793 1255 1841 attendat

66 1875 182 1939 justitiae
207 1874 402 1935 indagationem.
428 1875 567 1939 Principia
589 1877 729 1939 quaesivit,
752 1877 845 1940 quibua
861 1878 936 1925 fieret
950 1886 979 1925 ut
986 1877 1056 1940 justa
1071 1883 1138 1926 esset
1154 1878 1252 1925 civitas.

69 1961 200 2008 laetitios
220 1958 289 2023 apud
315 1961 434 2023 antiquos
464 1966 492 2009 et
515 1962 623 2008 moralis
639 1962 809 2024 perfectionis
833 1962 1001 2011 necessitudo.
1031 1963 1251 2027 iurisprndentiae

69 2046 197 2094 Romanae
212 2046 253 2093 lex
269 2060 382 2108 summa,
400 2062 415 2094 a
431 2046 536 2094 Platone
556 2062 681 2111 expressa.

542 2185 580 2235 De
595 2185 701 2253 politica
717 2194 834 2235 υιιειιιιιι.
1255 2181 1304 2234 501
1359 2190 1363 2195 '

103 2303 312 2363 Protagoras.
339 2303 461 2351 Politicaa
479 2304 549 2365 origo
561 2301 659 2365 faioli
677 2303 813 2352 declarata.
840 2304 1052 2368 symposium.
1080 2304 1252 2354 Politieaset

70 2388 171 2434 ethicas
193 2387 373 2450 necessitudo,
400 2404 465 2450 quae
493 2394 578 2452 postea
601 2389 683 2452 rumpi
703 2390 806 2453 eoepit,
834 2390 976 2453 antiquitus
992 2389 1094 2452 vigebat
1109 2396 1137 2438 et
1152 2389 1251 2438 Platoni

70 2476 156 2521 sancta
168 2473 225 2521 iuit.
243 2472 325 2536 Hujus
337 2473 435 2522 discidii
449 2474 523 2522 mala.
542 2475 572 2521 M
579 2489 594 2521 a
603 2467 698 2520 elti'oo
706 2474 800 2522 elios.

476 2611 514 2660 De
529 2610 637 2678 politicis
654 2610 765 2661 Platonis
783 2609 894 2676 diaiopis.
1253 2606 1305 2661 503

106 2729 236 2792 Tripliois
254 2727 411 2790 dialogorum
437 2728 624 2776 Platonicorum
645 2729 745 2789 generis
765 2728 911 2790 successio,
938 2729 1032 2776 mentis
1054 2728 1178 2774 hantonae
1192 2743 1252 2792 pro-

71 2815 192 2878 gressioni
205 2829 326 2876 congrua.

540 2951 578 3001 De
595 2950 688 3001 Politia
704 2950 824 3001 Platonis.
1273 2972 1287 3002 o

102 3070 183 3135 Quale
197 3070 298 3133 proprie
313 3076 490 3133 argumentum
504 3070 619 3132 dialogi?
631 3072 756 3118 Mureti
769 3076 795 3118 at
811 3071 953 3118 ltossoci
957 3071 970 3117 i
986 3068 1137 3118 sententiae.
1152 3068 1253 3117 litiieo

71 3157 170 3220 proprie
190 3157 316 3218 uniceque
339 3158 366 3204 in
396 3173 427 3205 eo
449 3156 585 3220 spectetur.
605 3157 748 3221 Singulari
766 3156 875 3204 Plutonia
889 3156 1034 3203 institutam
1051 3168 1081 3203 er
1096 3155 1251 3202 Graecorum

70 3242 154 3290 indole
186 3242 325 3305 studiisque
349 3241 500 3290 illustratur.
533 3243 610 3289 Vario
628 3242 783 3305 perficiendo
806 3242 923 3290 instituto
947 3246 1079 3290 essecutus
1105 3247 1145 3287 est
1171 3239 1252 3291 Plato.

72 3328 152 3377 lithini
167 3329 251 3393 operia
268 3333 390 3392 perpetua
407 3329 512 3375 ubertas
527 3334 553 3375 et
576 3330 690 3378 utilitas.

201 3464 308 3515 Potitios
324 3464 469 3515 Platonicos
486 3480 518 3514 oc
535 3463 695 3515 ciceroniani
712 3466 741 3515 ds
757 3463 886 3531 republica
903 3465 985 3530 operis
1002 3463 1162 3529 comparatio.
1253 3458 1306 3510 505

101 3584 243 3630 Diversum
254 3584 385 3647 utriusque
394 3584 505 3633 auctoris
514 3585 675 3648 propositum.
695 3583 810 3631 Instituti
824 3583 946 3629 sanatos.
968 3579 1253 3629 Prooemiorumdiacri-

70 3682 134 3716 men.
160 3668 286 3716 Ciceronis
306 3671 382 3717 Coto
395 3669 464 3717 unde
480 3668 625 3734 petendus?
645 3670 709 3733 Quid
726 3684 859 3717 commune
876 3669 1010 3731 utriusque
1027 3666 1252 3739 Politishahet?

69 3753 224 3801 ciceroniani
236 3755 319 3816 operis
329 3754 401 3803 ratio.
417 3755 452 3802 lie
464 3770 493 3803 ea
503 3754 668 3803 Macrobii
678 3754 812 3818 judicium.
828 3754 909 3817 Quare
922 3754 1059 3801 lioosooam
1070 3753 1253 3825 rempublicam

70 3838 227 3885 adumbravit
239 3839 347 3887 Cicero?
363 3839 553 3904 Augustini
567 3840 598 3888 da
613 3840 729 3904 justitias
743 3839 810 3904 apud
828 3839 974 3887 Ciceronem
994 3839 1167 3903 disputatione
1181 3840 1256 3888 testi-

70 3924 189 3971 monium.
209 3924 263 3972 Utri
281 3925 363 3988 palma
380 3926 515 3988 convenit,
535 3926 633 3974 Platoni
652 3942 684 3974 au
703 3924 841 3974 Ciceroni?

544 4061 581 4125 Da
596 4062 698 4129 politico
716 4062 835 4112 Platonis.
1256 4058 1309 4110 510

103 4179 199 4226 Plato
215 4185 241 4227 et
259 4179 430 4242 Polybius.
458 4176 609 4230 Natarasoe
631 4188 727 4232 statum
751 4179 824 4227 finxit
842 4177 934 4225 Plato?
957 4178 990 4225 Er
1008 4176 1120 4238 antiquis
1141 4174 1257 4225 traditio·

71 4263 144 4311 nibus
167 4264 252 4311 hausit
273 4264 382 4313 civitatis
404 4264 483 4313 initia.
510 4265 594 4314 luitis
616 4267 726 4316 civitatis
749 4280 763 4312 a
785 4263 895 4310 civitatis
906 4263 1040 4327 principio
1054 4260 1256 4322 distinguuntur.

72 4349 218 4397 Promethei
235 4349 322 4398 nbula
335 4351 414 4418 juris
425 4350 530 4415 publici
545 4353 679 4415 principia
694 4351 846 4399 indicantur.
