2796 5048
671 236 730 299 tot

80 398 264 479 Lyeurgus,
292 397 546 479 Atheniensium,
576 423 652 480 quoe
673 424 816 480 metopo
834 410 1018 462 commutato
1035 410 1129 476 earet,
1150 412 1216 460 tune
1238 401 1315 462 The·

75 520 168 572 ειμι,
195 506 262 557 tun
288 497 412 573 Draco,
437 509 506 558 tum
534 500 621 575 Solo,
646 511 712 561 enm
739 502 923 576 Clisthenes,
948 501 1133 559 tum-multi
1150 502 1229 559 etit.-
1243 523 1315 579 pee-

76 605 175 657 tnme
199 604 473 678 exsanguem‘jettt
496 609 529 659 et
548 607 704 676 jacentem
726 603 829 662 doetus
857 608 908 660 νίν
924 601 1097 660 Phalereus
1117 608 1316 658 sustentasset

77 693 284 766 Dentetrt'uu
314 706 419 756 nostru
448 709 550 758 eutem
582 701 752 778 respubliua
778 722 836 759 non
868 707 961 758 unius
990 709 1066 758 esset
1093 704 1233 779 iergene'o,
1265 697 1315 756 sed

76 795 267 869 masuerum,
293 815 346 853 nec
367 802 437 880 und
464 799 595 857 hminis
623 804 707 872 vite,
736 800 787 858 nd
814 800 930 874 aliquot
954 805 1120 867 constituto
1140 796 1268 857 saeculis
1285 804 1315 855 et

73 896 242 953 mambae.
299 892 381 952 Nom
413 915 507 974 noque
541 897 640 955 ullum
666 905 825 978 ingenium
849 907 973 956 tentum
1001 903 1153 955 enetitieee
1180 897 1314 970 medat,

77 1001 137 1065 ee,
155 1011 243 1069 quem
262 1011 312 1051 ree
328 994 417 1051 nulle
427 994 575 1074 sugeret,
595 1003 756 1072 quiequam
772 998 938 1075 aliquando
949 997 1089 1071 suisset5
1101 1003 1315 1070 nequeouneta
1341 1037 1345 1048 .

71 1096 207 1170 ingonia
232 1091 342 1151 collata
369 1098 403 1149 in
428 1110 525 1151 unum
546 1103 670 1152 tontum
682 1115 768 1171 potae
787 1117 846 1155 uno
862 1105 993 1172 tempore
1006 1074 1185 1172 prouidere,
1206 1103 1242 1151 ut
1256 1115 1315 1151 om-

75 1196 137 1249 nto
157 1189 428 1265 eontplectemtur
453 1197 519 1250 eins
547 1212 651 1250 rernm
687 1215 746 1253 uere
772 1216 808 1254 oc
836 1202 996 1253 vetustate.
1039 1176 1254 1270 Qeeemotreia,
1281 1199 1316 1248 ut

71 1288 136 1347 etto
150 1287 280 1362 colebat,
308 1295 355 1347 tte
372 1311 456 1348 nunc
476 1311 544 1349 mee
563 1301 678 1368 repetet
696 1300 794 1351 oratio
818 1293 925 1372 populi
951 1297 1167 1371 origines:
1189 1291 1318 1348 libenter

71 1382 165 1447 aine
190 1392 285 1445 etiem
309 1389 396 1446 verbo
414 1398 485 1449 teter
513 1386 645 1451 Getone.
678 1388 707 1471 1)
748 1390 881 1451 Discedit
905 1389 978 1449 adeo
1004 1410 1021 1448 a
1046 1387 1167 1448 Platone
1197 1387 1297 1447 Cicero

74 1503 148 1547 narn
176 1483 219 1543 sic
247 1500 334 1564 portu
361 1484 440 1566 apud
464 1486 633 1549 cumidem
658 1487 767 1570 Scipio.
809 1488 948 1549 Facilius
964 1496 1068 1552 nutem
1085 1485 1164 1565 quod
1183 1494 1228 1544 est
1243 1505 1318 1560 pro-

71 1589 211 1661 pesitum
234 1598 418 1662 eoumquer,
451 1592 480 1645 ti
507 1597 645 1645 nostram
672 1589 890 1665 renepuble'eom
918 1590 998 1647 vobio
1023 1595 1055 1646 et
1090 1595 1262 1644 noscentem
1288 1592 1318 1642 et

71 1690 262 1743 metentem
278 1691 309 1740 et
324 1685 465 1743 adultam
485 1694 515 1742 et
527 1692 599 1761 jem
608 1687 740 1764 firmem
756 1696 848 1764 etque
865 1688 1018 1746 renuam
1037 1685 1207 1757 ostendero,
1226 1703 1317 1759 quone

70 1785 107 1851 ai
126 1779 207 1839 nite·
218 1781 378 1859 aliquam,
396 1792 432 1842 ut
448 1786 531 1860 opud
545 1784 707 1843 Platonem
726 1784 886 1857 Socrates,
899 1792 964 1860 ipae
983 1784 1112 1855 fintene.
1133 1777 1167 1860 2)

119 1877 175 1939 Est
202 1877 311 1956 igitur,
341 1891 374 1941 ut
399 1901 436 1941 ex
467 1868 547 1943 hiice
574 1883 645 1942 licet
670 1880 802 1957 efficere,
836 1884 998 1960 politiorem
1027 1879 1143 1961 proprie
1170 1876 1319 1937 Ciceronis

70 1994 172 2057 opus:
195 1988 224 2036 et
250 1977 292 2037 sie
314 1977 434 2058 quidem
456 1980 599 2040 Platonici
626 1981 721 2062 operis
746 1981 820 2041 ratio
847 1981 936 2060 magis
962 1980 1050 2040 etiam
1067 1978 1100 2036 iu
1119 1977 1218 2037 oculos
1233 1975 1319 2036 nobis

71 2074 217 2135 hourtit.
258 2076 324 2135 Non
353 2077 406 2137 ille
428 2079 587 2155 continuo,
608 2081 673 2158 quis
691 2079 818 2160 optimus
841 2081 880 2139 sit
907 2078 1087 2159 reipublicae
1106 2088 1214 2150 status,
1233 2095 1318 2155 quae·

75 2174 139 2250 εἰη
162 2171 215 2234 ted
240 2172 295 2233 hoc
322 2175 433 2236 seilicet
457 2178 531 2258 agit,
550 2192 603 2252 ut,
619 2177 694 2258 quid
709 2180 821 2256 justum
838 2178 895 2254 sit,
916 2176 989 2256 quid
1008 2177 1170 2255 injustum,
1187 2172 1320 2254 exploret

76 2293 118 2332 ac
143 2269 280 2333 deliniat:
306 2273 387 2354 quod
410 2275 523 2338 ethicae
553 2278 645 2337 multo
671 2278 778 2358 magis,
799 2299 885 2357 quam
902 2276 1039 2359 politicae
1057 2272 1258 2357 philosophiae
1275 2292 1319 2331 ar·

77 2383 253 2451 gementum
272 2385 323 2432 est.
349 2373 478 2434 Etsero
495 2374 528 2433 in
546 2375 670 2436 exordio
687 2375 770 2436 Plato
787 2398 849 2439 nou
866 2377 1055 2437 exercitatum
1074 2373 1169 2435 rebus.
1180 2370 1320 2433 civilibus

74 2488 115 2529 oc
139 2469 317 2530 militaribus
334 2473 443 2531 ⁴virum
453 2516 463 2547 ,
483 2494 543 2533 non
569 2474 734 2555 principem
757 2474 904 2549 civitatis,
926 2475 1005 2534 omni
1025 2471 1144 2535 laudum
1160 2492 1193 2530 ac
1213 2469 1321 2550 gloriae

74 2581 186 2649 genere
206 2569 403 2645 cumulatum,
431 2583 463 2630 ut
485 2570 566 2653 apud
590 2573 759 2632 Ciceronem
783 2573 817 2632 P.
844 2571 942 2653 Scipio
965 2571 1122 2638 Africanus
1138 2584 1200 2643 est,
1218 2566 1319 2627 diceu-

76 2678 140 2727 tem
167 2665 301 2742 inducit,
328 2667 381 2729 sed
404 2691 421 2729 a
446 2669 571 2731 Socratis
601 2669 680 2735 illud
709 2690 777 2729 oum
805 2669 953 2750 Cephalo,
983 2669 1095 2748 optimo
1111 2687 1197 2738 sene,
1215 2685 1320 2724 sermo·

76 2763 171 2827 nibus
187 2766 301 2846 repetit.
342 2766 391 2827 Sic
413 2781 510 2828 autem
528 2768 581 2829 hos
598 2768 634 2829 de
653 2782 800 2829 senectute
820 2767 913 2848 deque
942 2768 1049 2848 optima
1068 2764 1192 2826 vivendi
1208 2764 1323 2828 ratione

73 2863 265 2945 disputantes
283 2866 372 2942 facit,
400 2880 433 2925 ut
451 2882 553 2948 sponte
571 2888 664 2927 sermo
680 2865 719 2926 ad
734 2867 866 2945 justitiae
885 2865 1041 2944 beataeque
1064 2864 1140 2924 vitae
1159 2863 1322 2935 rationem,

63 2980 157 3043 qnae
190 2963 327 3044 primatia
355 2964 469 3025 ethicae
504 2966 636 3026 materies
665 2979 725 3040 est,
761 2964 880 3026 tendat:
907 2966 958 3024 cui
986 2963 1131 3045 prooemio
1161 2974 1257 3035 totus,
1287 2972 1321 3018 ut

80 3054 231 3136 vidimus,
258 3061 392 3144 dialogus
414 3063 579 3146 respondet.
620 3064 740 3125 Factum
768 3065 810 3124 ita
837 3077 899 3140 est,
921 3076 953 3123 ut
969 3061 1047 3123 idem
1067 3062 1122 3123 hoc
1142 3057 1320 3141 prooemium

75 3159 218 3221 ffioeroni
238 3182 304 3220 cum
320 3161 440 3221 materia
450 3204 459 3237 ,
487 3177 548 3222 tum
566 3162 653 3222 etiam
675 3162 766 3222 forma
776 3207 785 3238 ,
806 3162 1052 3245 opportunitatem
1070 3157 1185 3221 dederit
1203 3155 1241 3218 ad
1261 3155 1321 3215 Ca-

76 3265 181 3319 tonem
202 3257 413 3335 scribendum,
440 3282 498 3340 quo
517 3259 585 3320 data
605 3261 658 3323 ille
675 3261 764 3343 operi
783 3260 820 3322 de
839 3274 1003 3335 senectute,
1031 3258 1068 3318 de
1087 3256 1217 3318 moribus
1235 3254 1321 3331 atque

75 3356 192 3437 opfima
220 3355 443 3438 felicissimaque
466 3361 526 3421 vita
549 3360 618 3441 egit.
660 3361 725 3435 Quo
750 3360 838 3441 magis
863 3358 913 3420 hle
930 3358 1096 3431 cernimus,
1116 3368 1148 3414 ut
1160 3355 1322 3433 politicum

78 3453 232 3517 &tronis
249 3475 321 3536 opus
340 3470 400 3531 est,
426 3457 465 3516 ita
484 3457 538 3517 hoc
558 3458 688 3518 Platonis
704 3479 776 3538 opus
796 3459 925 3517 ethicam
945 3455 1061 3536 proprie
1079 3450 1243 3531 complecti.

118 3550 179 3615 Sed
206 3555 340 3632 quamvis
368 3554 410 3614 ita
438 3569 467 3614 et
494 3556 594 3615 Cicero
619 3568 650 3616 et
676 3555 759 3615 Plato
784 3556 816 3613 in
844 3554 983 3639 primario
1003 3549 1157 3611 scribendo
1177 3549 1253 3607 libro
1271 3545 1322 3606 di-

79 3670 199 3711 versum
224 3650 383 3712 habuerint
409 3653 604 3734 propositum,
631 3654 757 3713 multum
784 3665 881 3712 tamen
907 3652 1007 3726 abest,
1042 3662 1073 3711 ut
1101 3670 1168 3709 cum
1197 3646 1321 3706 ethicam

75 3748 156 3824 ille,
185 3763 247 3809 tum
272 3750 320 3810 hio
346 3751 496 3832 politicam
516 3752 677 3833 neglexerit
697 3772 822 3833 prorsus.
863 3752 951 3810 Recte
970 3749 1047 3813 vidit
1067 3749 1187 3820 OEceeo,
1208 3743 1321 3805 nullam

78 3850 148 3908 sinc
166 3849 296 3909 moribus
315 3870 374 3909 esse
398 3851 547 3911 civitatem
565 3872 665 3933 posse;
697 3850 778 3910 Plato
802 3863 898 3910 autem
908 3895 917 3923 ,
936 3870 994 3928 quo
1019 3848 1143 3909 ethicam
1162 3846 1322 3905 illustraret

79 3947 193 4027 magis,
210 3946 249 4008 ad
272 3949 430 4029 perfectam
454 3950 582 4011 civitatis
600 3949 721 4009 formam
736 3948 883 4008 hominem
903 3940 1322 4019 excolendumerudiendum·

79 4067 139 4127 quc
165 4048 287 4108 censuit.
329 4048 440 4129 Operae
464 4049 590 4130 pretium
615 4062 671 4124 est,
699 4047 884 4108 Ciceroniaui
908 4047 1017 4137 operis,
1046 4043 1124 4124 quod
1150 4060 1242 4100 mores
1256 4036 1322 4101 atti·

118 4357 147 4424 1)
166 4359 217 4412 (lie
238 4363 294 4413 eod.
310 4360 342 4413 ll.
363 4361 386 4414 1.
445 4384 449 4393 ·

116 4441 146 4510 2)
162 4444 201 4497 ld.
215 4448 270 4498 eet

137 4720 154 4749 ὁ
