2774 5048
89 220 105 258 .,

628 284 686 342 229

71 435 149 495 eadem
175 434 212 509 de
242 440 410 517 geometria,
441 436 515 500 certe
544 444 669 517 similia,
697 460 836 527 usurpant
854 448 1046 507 mathematici
1065 452 1170 509 nostri:
1186 442 1263 530 'quid

63 534 170 697 mila
188 534 270 593 Plato
289 536 431 607 voluerit,
451 560 508 616 quo
528 544 651 600 maxime
671 544 793 603 oonsilio
813 544 983 605 imbuendos
1002 547 1034 605 ed
1044 547 1154 607 futuros
1164 551 1264 630 reipu-

92 632 98 643 '
126 631 362 712 egohernatores
382 637 607 714 existimaverit,
629 640 660 699 id
681 640 765 701 nohis
785 642 817 700 in
834 644 935 723 primis
951 644 1168 723 exquirendum.
1200 648 1264 705 Per·

63 731 253 811 gamus-igitur
265 730 303 789 ad
322 720 554 795 detronomiom:
577 759 642 795 nam
664 738 716 797 hac
733 739 895 816 judicanda
915 741 974 800 vim
994 742 1079 801 simul
1097 745 1262 823 geometriae

60 826 92 889 »l
104 822 205 888 metitis
222 830 446 929 promovendam
464 832 674 914 philosophiam
692 834 852 896 declaravit
870 838 1000 899 mirifice.

88 932 137 993 ¹th
154 934 208 993 hae
226 933 312 995 dere
334 937 412 1016 apud
431 938 596 1014 Platonem,
617 938 748 1020 quanivis
766 935 846 994 seria·
857 949 886 994 et
903 935 1019 994 sublimi
1029 981 1038 1011 ,
1059 937 1258 998 festivissimus
1331 984 1334 991 .

59 1030 205 1119 Gltncorg'g
217 1042 284 1090 tum
301 1032 416 1093 Socrate
435 1054 534 1096 sermo.
576 1038 623 1097 Sic
642 1039 693 1097 ille
712 1035 869 1094 continuo:
894 1035 1002 1092 «tertio
1017 1034 1161 1115 jamloco
1177 1049 1266 1096 astro·

61 1130 170 1189 soniam
192 1150 348 1210 ponamus,
381 1154 447 1192 nam
466 1136 607 1193 mensium
625 1150 652 1194 et
672 1152 815 1194 annorum
831 1130 1046 1191 vicissitudines
1066 1131 1177 1191 acutius
1193 1135 1262 1192 ani-

59 1226 250 1303 lttdvemisse,
279 1250 339 1288 non
364 1242 476 1289 tantum
498 1233 689 1312 agriculturae
708 1252 740 1289 ac
759 1229 937 1308 navigationi
958 1227 1104 1308 proderit,
1134 1229 1263 1291 sednon

60 1324 196 1385 minimum
215 1327 301 1385 etiam
319 1327 360 1386 rei
382 1327 511 1389 militari.
554 1332 610 1390 Hic
630 1330 778 1404 Socrates,
799 1325 909 1388 videris
927 1325 1019 1400 mihi,
1039 1327 1152 1406 inquit,
1172 1350 1190 1386 o
1208 1328 1263 1388 bo-

60 1442 104 1498 ue,
130 1423 235 1504 vulgus
251 1425 436 1484 reformidare
445 1472 455 1502 ,
477 1448 513 1486 ne
534 1428 652 1488 inutiles
671 1441 698 1486 te
716 1424 887 1506 disciplinas
904 1421 1042 1483 inducere
1061 1425 1181 1484 dicant:
1204 1448 1263 1485 non

59 1519 123 1579 nin
139 1521 226 1580 aliam
243 1521 313 1581 inde
332 1544 502 1605 magnopere
517 1512 670 1586 utilitatem
680 1521 896 1606 percipiendam
906 1536 1018 1603 putant.
1030 1548 1044 1580 n
1070 1525 1156 1583 Orsus
1169 1538 1263 1585 autem

60 1614 151 1679 deinde
172 1617 209 1677 de
224 1623 414 1696 astronomia,
435 1625 567 1683 meminit
587 1625 682 1684 subito
701 1637 728 1682 et
747 1621 924 1682 Glauconem
942 1634 1038 1680 monet
1048 1667 1056 1696 ,
1078 1621 1261 1702 disciplinam

58 1712 90 1779 ll
105 1708 171 1797 ipsis
191 1720 417 1797 praetermissam
433 1742 492 1781 esse
502 1767 510 1797 ,
531 1744 603 1801 quae
613 1742 621 1798 ,·
643 1725 719 1781 inter
738 1720 918 1800 geometriam
937 1733 964 1778 et
982 1720 1181 1779 astronomiam
1201 1741 1262 1778 me·

58 1808 114 1889 dia,
133 1814 169 1872 ab
189 1814 242 1874 illa
260 1815 298 1875 ad
316 1817 391 1877 hanc
411 1819 508 1885 ducat.
553 1823 644 1879 «Post
662 1821 800 1899 planum,
820 1818 878 1890 ait,
910 1817 1002 1875 statim
1022 1818 1164 1894 solidum,
1185 1818 1262 1897 quod
1295 1835 1298 1839 ’

59 1908 259 1988 circumfertur,
280 1917 400 1994 aggressi
419 1937 532 1992 sumus,
554 1932 723 1997 anteaquam
733 1917 826 1996 ipsum
837 1936 888 1995 per
898 1934 926 1972 se
937 1915 1259 1994 comprehenderemus,
1277 1928 1280 1943 “

58 2002 126 2067 decet
144 2024 237 2070 antem
261 2011 363 2071 ordine
381 2028 444 2094 post
464 2015 618 2086 secundam
635 2017 796 2074 auctionem
815 2014 927 2071 tertiam
946 2013 1119 2095 suscipere:¹
1138 2015 1260 2073 refertur

60 2120 114 2165 tero
129 2108 207 2167 illud
224 2108 263 2169 ad
286 2110 425 2170 cuborum
441 2116 620 2190 auctionem,
651 2127 746 2192 estque
764 2110 972 2192 profunditatis
989 2111 1168 2192 particeps.»
1213 2112 1262 2171 si-

59 2203 205 2279 gnificatam
225 2206 271 2266 his
290 2208 391 2267 verbis
405 2232 421 2269 a
436 2211 606 2292 philosopho
622 2232 681 2270 esse
691 2215 925 2303 stereometmom
932 2254 942 2284 ,
962 2222 1040 2290 patet
1049 2210 1199 2268 manifesto
1208 2232 1216 2287 ς
1232 2208 1261 2291 1)

59 2300 99 2361 ed
112 2304 144 2361 in
161 2305 357 2384 persequenda
373 2308 478 2367 artium
496 2311 759 2369 mathematicarum
777 2308 896 2367 historia
916 2307 1200 2383 memorabilenohis
1218 2310 1260 2371 vi·

59 2388 146 2476 tlehrr,
176 2403 250 2463 hanc
278 2403 439 2464 doctrinam
464 2408 591 2468 Platonis
619 2424 744 2488 tempore
771 2405 901 2465 nondum
929 2420 1067 2487 repertam
1083 2426 1159 2465 esse:
1181 2390 1258 2487 qulrd

58 2493 152 2560 Glauco
177 2501 256 2581 apud
284 2523 348 2561 eum
367 2504 482 2565 disertis
500 2507 597 2566 verhis
616 2507 740 2567 fatetnr:
768 2499 841 2564 etta
860 2498 955 2565 ταῦτά
974 2526 1019 2584 γε,
1041 2497 1257 2588 ὦΣώκρατες,

58 2591 125 2667 δοκεῖ
142 2593 224 2660 otinas
242 2586 398 2682 eripq‘odht.
442 2602 529 2665 Unde
544 2606 672 2684 prolecto
680 2651 689 2679 ‚
710 2620 851 2685 qnatenus
868 2607 920 2667 hac
933 2621 1028 2666 aetate
1049 2608 1188 2688 progressi
1200 2609 1259 2667 sint

58 2694 144 2760 Graeci
165 2704 197 2761 in
215 2703 422 2762 mathematicis
440 2718 467 2763 et
486 2704 676 2777 astronomia,
701 2703 773 2782 quid
791 2704 828 2763 de
846 2705 993 2779 Platonis,
1015 2726 1086 2783 quae
1106 2706 1259 2779 feruntur,

55 2792 282 2859 instereometria
300 2802 428 2860 inventis
448 2799 672 2861 existimandum
692 2802 745 2876 sit,
766 2815 827 2860 tum
846 2803 950 2877 etiam,
970 2823 1041 2880 quae
1058 2804 1174 2883 propria
1194 2804 1262 2861 fue⁴

57 2892 89 2953 n't
102 2896 363 2960 Alexandrinorum
382 2900 644 2973 mathematicorum
664 2897 743 2974 laus,
764 2901 955 2977 conjecturam
969 2899 1053 2958 nobis
1071 2900 1258 2981 licetcapere.

59 2986 151 3053 terum
170 2995 247 3055 nihil
266 2996 320 3055 hoc
339 2996 376 3056 ad
394 2998 596 3076 philosophias
614 2995 741 3069 Platonis
760 2998 854 3057 initia.
895 2998 1099 3076 Persequamur
1118 3018 1182 3056 cum
1197 2999 1258 3101 ᾖ·

58 3104 121 3151 uate
139 3094 338 3153 astronomiam
348 3140 357 3169 ,
379 3116 530 3174 veramque
547 3096 608 3172 ejus
627 3094 806 3154 attendamus
823 3116 888 3155 cum
906 3095 1103 3155 instituendae
1123 3111 1185 3156 tum
1204 3112 1258 3157 tra·

59 3189 163 3255 tttndae
190 3189 345 3268 rationem,
373 3207 404 3252 ut
432 3215 504 3272 quae
532 3195 565 3251 in
591 3206 686 3251 mente
707 3207 802 3252 nostra
821 3193 953 3257 deorsum
971 3208 1118 3275 spectant,
1148 3214 1259 3277 sursum
1344 3219 1348 3225 ·

59 3285 219 3348 tltollamus:
245 3289 323 3368 quod
342 3311 491 3351 commune
509 3305 550 3349 est
569 3289 647 3376 apud
665 3290 811 3350 Platonem
830 3291 939 3369 harum,
954 3292 1175 3373 disciplinarum
1191 3280 1257 3379 ffa-

61 3383 174 3457 positum.
203 3385 252 3445 ,Id
270 3386 326 3446 sihi
346 3388 462 3464 videtur
482 3388 591 3448 Glauco
611 3389 647 3448 de
667 3390 838 3449 astronomia
857 3390 918 3470 ipso
935 3392 1094 3471 perspicere
1110 3368 1265 3452 continuos

60 3478 154 3549 ‚fllanc
173 3482 312 3563 quidem,
342 3487 456 3565 inquit,
483 3500 607 3545 mentem
624 3507 740 3566 cogere,
761 3501 793 3547 ut
811 3509 920 3547 sursum
938 3502 1045 3568 spectet
1063 3502 1091 3546 et
1109 3489 1178 3563 hinc
1197 3511 1257 3559 eam

60 3570 117 3639 illuc
135 3597 323 3659 convertere,
344 3583 478 3643 omnibus
496 3605 554 3643 esse
571 3585 754 3642 manifestum
775 3583 900 3647 videtur.
922 3587 976 3645 Cui
995 3585 1122 3648 Socrates
1132 3608 1140 3651 3
1162 3587 1256 3649 omni-

60 3666 252 3755 intonasse,
273 3682 388 3760 inquit,
408 3697 604 3762 praeterquam
622 3681 711 3740 mihi:
733 3682 805 3741 mihi
823 3684 900 3741 enim
919 3705 978 3743 non
988 3684 1056 3743 item
1071 3684 1196 3745 videtuf.
1217 3686 1268 3752 Ut

60 3788 123 3839 ¹lonc
140 3777 257 3858 quidem
272 3800 337 3841 eam
355 3794 498 3855 tractant,
520 3780 569 3859 qui
586 3779 785 3860 philosophiae
804 3781 895 3860 ipsam
907 3783 1053 3861 jungunt,
1075 3796 1107 3847 ut
1124 3782 1254 3867 deorsum

59 3882 124 3933 flens
140 3890 265 3957 spectet,
285 3876 397 3937 efficere
417 3878 580 3938 videntur.=
606 3880 652 3937 Tu
669 3877 785 3957 quidem
801 3877 919 3938 solerter
936 3879 1071 3973 informas
1088 3902 1156 3940 sane
1170 3879 1255 3939 disci-

57 3964 154 4040 plinam
174 3997 288 4052 eorum,
309 3997 380 4056 quae
402 3975 537 4035 sublimia
557 3991 639 4036 sunt:
662 3976 770 4037 videris
787 3977 882 4052 enim,
903 3977 927 4035 si
942 3979 1005 4055 quis
1016 3978 1158 4057 laquearia
1168 3979 1255 4038 variis

57 4066 186 4131 oloribus
204 4074 280 4154 picta
296 4075 473 4154 suspiciens,
503 4076 661 4155 perceperit
678 4074 852 4157 quidquam,
882 4076 1042 4135 existimare
1061 4097 1125 4135 eum
1135 4089 1254 4175 pnente,

55 4174 105 4227 rterr
120 4169 212 4229 oculis
229 4185 371 4251 spectare:
393 4193 426 4230 ac
446 4173 561 4231 fortasse
578 4187 653 4232 recte
671 4172 833 4248 existimas,
855 4193 904 4252 ego
924 4193 991 4233 vero
1007 4175 1122 4254 inepte:
1143 4194 1253 4251 nequeo

55 4274 138 4326 tutem
167 4268 239 4326 mihi
262 4268 454 4350 persuadere,
476 4269 558 4328 alind
577 4285 700 4330 mentem
718 4269 829 4330 sursum
849 4270 968 4344 tollere,
989 4270 1045 4329 nisi
1065 4270 1144 4329 illam
1163 4270 1254 4331 disci-

76 4475 100 4541 1)
119 4478 161 4528 Sic
180 4481 279 4544 accepit
298 4479 384 4536 'l'lreon
405 4481 503 4545 Smyra.
524 4479 605 4530 atrita
626 4481 644 4530 l.
664 4477 704 4528 12.
725 4497 748 4546 p.
769 4480 808 4530 ll.

1305 3790 1340 3873 Ι
