2796 5048
686 273 745 334 479

77 458 157 516 ferro
189 415 402 527 aggrediamur
422 443 495 502 tales
522 441 598 520 finge
626 422 729 500 nautas
751 440 789 499 ad
811 439 1032 520 gubernatorem
1051 436 1136 495 illum
1155 436 1321 513 confluere,

77 547 229 607 obsecrare
257 543 424 622 obnixeque
452 540 646 613 contendere,
678 553 710 597 ut
740 539 811 619 ipsis
839 531 1035 625 guberpacula
1062 535 1173 595 tradat:
1195 536 1321 597 subinde

36 642 171 823 «ο,
203 643 254 702 ubi
274 664 336 701 nou
348 641 550 721 persuaserint
570 639 646 718 ipsi,
668 636 719 696 sed
737 637 789 694 alii
800 682 808 711 ,
830 636 882 695 hos
901 634 968 693 illos
989 632 1036 693 vel
1056 633 1217 713 perimere,
1237 637 1285 695 uel
1306 657 1321 696 e

174 743 267 820 ‚egicer
328 761 360 798 ac
388 753 580 819 postremum,
602 735 679 795 bono
699 735 752 793 ilio
774 735 858 795 navis
878 734 1013 814 principe
1032 753 1085 812 per
1104 731 1322 812 mandragoram

78 841 128 904 vel
155 839 261 901 vinum
325 851 430 916 cupato
454 836 629 915 vinctoque,
650 833 887 914 gubernationem
915 830 999 892 uaris
1018 831 1163 910 arripere,
1185 852 1323 910 praesen-

76 939 163 1001 tibus
188 935 277 995 rebus
307 935 370 1009 uti,
401 932 472 993 vino
499 948 527 993 et
552 933 647 1014 epulis
675 930 828 1011 indulgere
854 945 940 1008 atque
958 929 998 987 ita
1016 929 1197 1007 gubernare,
1220 945 1251 990 ut
1269 931 1322 990 hu-

73 1035 209 1118 jusmodi
244 1032 375 1092 homines
409 1031 619 1110 gubernaturos
657 1029 821 1091 verosimile
857 1042 918 1087 est:
959 1047 1057 1111 omnes
1086 1042 1232 1106 praeterea
1258 1050 1323 1089 eum

78 1133 224 1206 laudare,
253 1151 318 1189 eum
345 1143 464 1189 nautam
491 1141 520 1187 et
549 1128 770 1207 gubernatorem
799 1147 921 1200 vocare,
951 1144 1036 1199 eum„
1056 1146 1130 1204 quae
1156 1124 1194 1184 ad
1222 1146 1325 1187 navem

77 1244 236 1314 spectant,
266 1228 391 1302 callere,
421 1227 589 1305 quicunque
617 1226 655 1286 ad
683 1226 767 1288 navis
798 1222 997 1305 usurpandum
1026 1224 1244 1305 principatum,
1276 1226 1324 1285 vel

78 1329 271 1414 persuasione
301 1325 348 1387 rel
376 1326 407 1386 vi
436 1324 574 1406 opitulari
599 1324 670 1405 ipsis
698 1324 806 1405 possit,
827 1324 968 1402 quivero
990 1319 1023 1380 id
1046 1342 1107 1380 non
1126 1323 1234 1402 possit,
1257 1336 1325 1381 tan-

74 1449 171 1510 quam
190 1424 327 1486 inutilem
347 1423 532 1504 vituperare,
556 1423 618 1484 veri
639 1436 734 1482 autem
751 1421 952 1503 gubernatoris
970 1418 1098 1479 officium
1119 1442 1157 1480 ne
1176 1423 1324 1503 suspican-

78 1541 126 1587 tes
156 1522 294 1604 quidem,
325 1542 441 1582 necesse
469 1520 516 1580 illi
546 1540 624 1596 esse,
647 1534 678 1580 ut
706 1523 846 1580 rationem
867 1518 974 1581 hebeat
992 1519 1083 1593 anni,
1105 1530 1325 1602 tempestatum,

80 1622 180 1698 coeli,
210 1634 369 1694 astrorum,
399 1632 572 1693 ventorum,
592 1619 797 1698 omniumque,
829 1639 901 1698 quae
927 1617 965 1678 ad
993 1631 1082 1676 artem
1111 1625 1281 1700 pertinent,
1302 1622 1326 1681 si

80 1721 264 1802 gubernator
289 1718 355 1796 quis
378 1717 463 1777 navis
491 1737 522 1774 re
551 1737 620 1777 vera
649 1717 765 1776 futurus
789 1731 846 1776 est:
868 1730 901 1776 ut
928 1737 997 1777 vero
1017 1717 1176 1796 gubernet,
1197 1720 1259 1777 sive
1278 1741 1328 1781 vo·

81 1818 219 1881 lentibus
241 1815 437 1896 quibusdam,
467 1816 529 1874 sive
556 1815 678 1890 invitis,
709 1815 797 1893 hujus
826 1816 918 1896 ipsius
945 1828 1035 1873 artem
1059 1815 1173 1876 nullam
1193 1831 1328 1898 putantes

81 1918 184 1998 accipi
202 1935 283 1996 posse
300 1912 387 1973 simul
413 1925 443 1971 et
471 1910 705 1992 gubernatoriam
724 1913 901 1974 facultatem.
954 1906 1107 1973 Τοιούτων
1127 1908 1168 1995 tq*
1189 1915 1257 1997 napi
1275 1910 1330 1991 uie

82 2017 164 2091 ναῦς,
189 2005 382 2096 γιγνομένων,
419 2004 470 2070 τὸν
501 1998 544 2082 οἷς
563 2004 699 2092 -οἶληθοῖς
724 2006 931 2093 κυβερνητικόν
959 2008 1020 2094 οὐχ
1044 2009 1114 2096 ἡγεῖ
1136 2012 1173 2077 o'iv
1200 2019 1245 2104 τῷ
1266 2013 1330 2080 ὄπι

82 2109 336 2200 ματεωροσκόπον
356 2135 387 2175 τε
407 2109 457 2174 καὶ
476 2105 644 2193 ἀδολέσχην
665 2112 715 2173 καὶ
732 2107 888 2195 ἄχρηστόν
909 2137 994 2196 σφισι
1014 2120 1171 2181 καλεῖσθαι
1190 2113 1252 2182 aiud
1268 2121 1332 2185 τῶν

86 2219 123 2283 ἐν
153 2221 219 2292 ταῖς
250 2209 328 2278 οὕτω
355 2208 634 2293 κατεσκευασμένοις
665 2215 751 2277 ναυσὶ
781 2210 963 2299 abortiuum·
994 2225 1066 2281 haee
1093 2231 1121 2282 ei
1137 2231 1171 2281 in
1191 2233 1330 2286 nevitta

91 2345 156 2383 me
182 2322 330 2394 babeant,
359 2341 456 2377 tienne
485 2339 590 2377 verum
613 2321 847 2399 gubernatorem
866 2324 1021 2382 eeneesob
1042 2324 1126 2398 illie,
1146 2327 1331 2401 quitatibus

90 2423 248 2481 vehuntur
274 2420 417 2491 uambae,
450 2424 573 2475 inanem
603 2428 632 2476 et
662 2426 815 2478 canorum
847 2440 952 2478 rerum
981 2424 1156 2479 sublimium
1182 2429 1332 2503 impecto-

87 2544 173 2595 rem,
194 2525 323 2596 narique
343 2517 487 2575 inutilem
506 2517 662 2575 remeari?
682 2515 711 2598 l)
762 2517 842 2577 Talis
862 2516 950 2577 hodie
969 2517 1099 2579 conditio
1119 2534 1163 2579 est
1180 2521 1332 2582 civitatum

89 2631 284 2681 namtarum.»

174 2811 282 2892 Quid
313 2833 493 2871 euersae
528 2833 617 2870 eree
648 2813 858 2886 dieamus,
882 2817 1257 2889 utpeeeimefere

471 2921 693 2989 regentur
720 2911 959 2970 civitates?

136 3108 249 3185 Quodsi
279 3112 428 3189 perversae
448 3105 535 3182 hujus
559 3105 733 3183 miseraeque
758 3105 936 3167 conditionis
954 3122 1067 3167 nostrae
1087 3129 1215 3168 caussam
1235 3111 1337 3189 exqui-

95 3211 209 3283 rimus,
239 3207 443 3286 exprimuntur
481 3201 579 3260 eadem
614 3201 701 3263 haece
729 3205 930 3284 gubernatoris
957 3219 986 3265 et
1018 3221 1173 3266 nautarum
1200 3207 1337 3286 imagine.

97 3307 285 3388 spernuntur
304 3305 327 3363 si
346 3305 397 3382 qui
416 3301 524 3362 adsunt
543 3321 639 3361 rerum
656 3301 839 3382 politicarum
858 3304 965 3384 periti,
988 3306 1038 3384 qui
1058 3326 1126 3365 vero
1145 3326 1242 3364 earum
1259 3326 1338 3385 pror-

97 3426 149 3465 sus
164 3416 233 3463 sunt
252 3403 365 3482 ignari,
385 3399 574 3461 contendunt
594 3420 690 3458 secum
717 3403 845 3463 invicem
865 3404 902 3464 de
920 3405 1060 3484 imperio,
1081 3423 1190 3483 proque
1209 3403 1318 3482 populo
1329 3448 1338 3477 ,

98 3502 153 3583 qui
182 3501 328 3581 legitimus
356 3500 479 3559 habetur
509 3499 641 3576 quamvis
661 3499 859 3580 ineptissimus
877 3502 1070 3581 gubernator,
1092 3520 1137 3558 res
1155 3497 1273 3558 student
1288 3500 1339 3560 ad·

98 3600 276 3661 ministrare.
318 3600 397 3674 Quae
424 3618 490 3657 cum
515 3597 555 3655 ita
583 3596 659 3671 sint,
689 3594 852 3657 detrectant
876 3599 1028 3678 imperium
1050 3596 1152 3678 optimi
1179 3597 1287 3676 quique
1312 3614 1340 3660 et

99 3697 307 3779 sapientissimi
331 3699 396 3761 viri.
441 3688 512 3756 «Οὐ
530 3687 588 3776 γάρ
608 3686 671 3776 ἔχει
689 3689 798 3776 φύσιν,
812 3690 994 3776 κυβερνήτην
1009 3694 1125 3756 ναυτῶν
1142 3694 1264 3757 δεῖσθαι
1283 3691 1342 3778 ἄρ-

42 3848 48 3861 ,
100 3798 218 3878 χεσθαι
240 3788 292 3876 ὑφ’
314 3789 424 3869 udam,
443 3791 514 3857 οὐδὲ
529 3791 601 3871 τούς
621 3787 734 3878 σοφοῦς
749 3794 800 3858 ἐπὶ
817 3792 872 3871 τὰς
892 3797 952 3859 τῶν
967 3794 1114 3859 πλουσίων
1136 3791 1237 3878 θύρας
1257 3795 1342 3862 ἰέναι·

100 3889 142 3961 το
164 3893 201 3957 δὲ
220 3891 338 3979 ἀληθὲς
359 3891 503 3978 πέφυκεν,
526 3893 580 3960 e'oiv
604 3922 635 3960 τε
658 3894 796 3973 πλούσιος
818 3893 870 3960 εὀίν
890 3923 921 3961 τε
944 3895 1035 3981 πένης
1050 3894 1163 3986 κάμνῃ,
1185 3893 1344 3981 decertarier

95 3994 175 4065 elem
202 3997 252 4060 ἐπὶ
278 3998 389 4080 ἰατρῶν
412 3993 513 4082 θύρας
538 3996 624 4076 ἰέναι,
652 4001 701 4063 καὶ
732 3995 829 4063 πάντα
853 3993 909 4063 τον
938 3995 1090 4084 ἄρχεσθαι
1123 3997 1266 4082 δεόμενον
1295 4003 1344 4065 ἐπὶ

36 4136 41 4143 ·
98 4099 157 4177 τοὶς
177 4102 232 4165 τοῦ
258 4095 362 4181 ἄρχειν
382 4097 558 4180 δυναμένου·
579 4099 617 4166 oui
637 4097 701 4167 τον·
710 4098 849 4187 ἄρχοντα
869 4105 991 4167 δεῖσθοιι
1012 4105 1074 4166 τοῖν
1092 4100 1271 4187 ἀρχομένων
1287 4100 1344 4190 ἄρ-

100 4209 231 4288 χεσθω,
254 4194 290 4266 οὗ
310 4197 347 4264 de
363 4206 404 4289 τῇ
420 4197 551 4290 ἅλὴθείᾳ
571 4227 601 4266 τι
619 4199 728 4287 ὄφελος
745 4199 778 4292 ᾖ·
795 4230 854 4266 non
875 4215 957 4267 enim
970 4220 1104 4267 naturae
1112 4222 1344 4269 eonamtuneum

145 4458 593 4569 nmmumnu
