2796 5048
177 181 186 209 l

650 244 708 303 339

1063 324 1084 395 ⁶,

56 409 114 483 qssi
133 406 283 484 cognoscit
301 405 495 483 cognoscendi
503 406 693 480 facultatem
707 406 853 483 praebet,
874 406 968 466 loni
995 428 1055 465 esse
1080 408 1216 467 ideam
1244 410 1294 470 di·-

54 509 136 575 cito,
158 506 266 579 quippe
286 504 537 577 praeintellecta
557 510 766 584 cognoscitur,
796 524 905 563 conseo
924 513 1026 562 uectem
1055 511 1122 581 ipso
1149 514 1294 568 scientiae

53 608 87 659 et
102 604 247 657 veritatis
262 606 316 657 est.
377 598 425 658 Sic
442 615 537 661 autem
557 622 623 660 cum
642 601 742 682 pulcra
760 601 831 661 haec
849 602 934 662 ambo
950 598 1027 678 sint,
1058 604 1185 682 cognitio
1202 620 1231 666 et
1249 627 1296 668 ve·

54 700 144 773 ritas,
174 694 258 755 aliud
277 694 310 754 id
339 716 399 757 esse
429 712 457 758 et
486 699 618 780 pulcrius
647 700 733 759 etiam
753 701 939 775 existimans,
970 712 1046 758 recte
1075 700 1295 765 existimaveris.

53 795 216 858 &ienuam
235 806 331 853 autern
350 808 378 854 et
398 797 565 871 veritatem,
587 809 618 855 ut
635 796 698 856 illic
716 799 811 858 visum
828 812 857 858 et
880 798 974 857 lucem
1014 789 1149 880 ἡλιοειδῆ
1176 821 1279 863 vocare
1289 849 1299 880 ,

54 909 155 970 recte,
174 883 259 973 ἥλιον
281 913 349 955 vero
370 915 492 969 vocare,
515 915 575 954 non
595 906 671 952 recte
698 915 727 953 se
755 896 900 972 habehat,
931 896 972 956 ita
1000 898 1049 958 htc
1080 900 1164 961 ambo
1192 901 1296 961 haecce

53 989 227 1075 ἀγαθοειδῆ
252 991 401 1078 appellare
430 1004 560 1073 oportet,
589 985 708 1072 α’γοιθόο
728 1013 797 1053 vero
828 993 975 1075 appellare
1004 1011 1141 1056 neutrum
1168 1013 1297 1079 oportet,

54 1094 111 1155 sed
128 1096 235 1174 majore
253 1093 341 1153 etiam
357 1091 468 1150 honore
488 1092 633 1152 celebrare
652 1093 723 1152 boni
748 1093 806 1152 vim
840 1091 932 1153 decet.
953 1129 987 1139 —
1025 1095 1196 1155 Immensum
1235 1098 1300 1178 pul·

54 1193 234 1253 eritudinem
245 1211 354 1264 narras,
365 1191 389 1249 si
403 1178 593 1251 scientiam'et
612 1191 761 1252 veritatem
771 1188 891 1271 praebet
899 1236 908 1265 ,
929 1191 1024 1272 ipsum
1054 1214 1123 1254 vero
1138 1193 1218 1254 hisce
1237 1195 1303 1277 pul·

55 1292 206 1353 critudine
235 1302 367 1373 praestat.
408 1289 474 1348 Non
509 1291 638 1369 profecto
668 1302 701 1347 tu
724 1287 802 1348 illud
822 1279 1007 1365 uoluptatem
1027 1289 1147 1351 dixeris.
1163 1334 1198 1345 -
1218 1292 1297 1354 Bona

54 1388 165 1464 verba,
186 1408 319 1469 quaeso.»
343 1385 373 1466 l)
483 1377 486 1381 ’

110 1486 253 1546 Sublimis
272 1486 343 1545 haec
362 1505 431 1544 sane
447 1499 515 1544 sunt
525 1531 534 1560 ,
547 1516 552 1526 ·
566 1498 598 1544 ut
615 1504 696 1564 aegre
716 1483 860 1545 Socratem
882 1501 1048 1565 assequatur
1082 1485 1203 1547 Glauco.
1243 1486 1299 1545 Ille

56 1606 129 1647 vcro
146 1585 234 1645 altius
254 1585 340 1644 etiam
358 1576 497 1642 escendit.
555 1582 628 1642 «sie
647 1596 742 1642 autem
760 1584 875 1665 potius,
901 1585 1015 1662 inquit,
1051 1585 1300 1666 loni‘imaginem

54 1683 219 1745 considera.
260 1680 355 1743 Solem
374 1678 621 1763 adspectabilibus
657 1678 761 1756 rebus,
782 1681 888 1756 credo,
907 1703 967 1741 non
986 1681 1078 1742 solum
1100 1683 1165 1743 vim·
1179 1697 1211 1742 ut
1241 1703 1302 1742 cer·

58 1795 172 1842 uantur
187 1780 326 1862 praebere
343 1777 456 1838 dixeris
466 1824 475 1854 ,
496 1779 548 1838 sed
567 1779 779 1857 generationem
800 1779 886 1838 enam
908 1792 936 1838 et
955 1780 1134 1841 incrementa
1154 1793 1183 1839 et
1200 1782 1299 1841 nutri·
1358 1795 1361 1800 ’

54 1879 184 1959 tioneitt·;
205 1898 295 1958 quum
310 1890 409 1937 tamen
436 1860 577 1958 ipsehon
597 1877 634 1935 sit
650 1863 806 1955 generatio.
825 1914 860 1925 -
880 1879 944 1952 Quo
975 1879 1053 1938 enim
1079 1893 1164 1961 pecto
1190 1881 1299 1953 sitt—

10 2016 12 2021 ·
56 1962 393 2054 Sic'iirtelligibilesres
413 1974 504 2035 dicito
523 1996 584 2035 non
604 1975 697 2034 solum
716 1975 770 2036 hoc
789 1998 805 2035 a
824 1979 894 2035 hono
931 1977 1095 2057 percipere,
1136 1992 1169 2038 ut
1187 1979 1303 2039 intelli-

54 2084 182 2154 gantur,
202 2072 378 2148 sedetiam,
402 2086 434 2131 ut
452 2081 537 2132 sint:
569 2067 671 2133 οὐσίαι
689 2073 726 2131 iis
747 2074 816 2134 inde
847 2073 1002 2134 accedere:
1037 2075 1210 2155 quamquem
1238 2098 1298 2136 non

54 2165 147 2232 οὐσία
172 2184 215 2232 est
239 2173 366 2247 donant,
388 2168 438 2231 sed
458 2172 513 2231 hoc
533 2172 580 2231 illi
600 2173 631 2233 vi
650 2188 678 2233 et
698 2172 852 2247 nobilitate
871 2171 956 2250 longe
975 2171 1117 2251 longeque
1135 2173 1297 2255 praecellit.

55 2274 118 2334 nte
137 2273 268 2347 Glauco,
293 2269 487 2330 ridiculum
479 2291 512 2328 ιιι
541 2272 660 2332 modum
693 2271 876 2346 exclamans,
907 2261 1077 2343 '‘,Anoiior
1098 2272 1210 2352 inquit,
1231 2272 1299 2333 siue·

54 2369 165 2453 μονίας
183 2364 366 2451 mendatis!
390 2368 452 2433 Cui
462 2368 609 2475 Socrates,
631 2385 664 2429 tu
684 2390 772 2442 vero,
792 2371 908 2448 inquit,
944 2370 1083 2452 inculpa
1116 2393 1146 2431 es
1156 2375 1235 2454 ‚qui
1255 2394 1300 2434 me

53 2475 198 2555 coegeris,
218 2492 291 2552 quae
310 2448 488 2533 videbantur
507 2448 581 2528 inihi
590 2514 599 2543 ,
634 2467 756 2526 dicere.»
781 2464 813 2544 2)

88 2572 156 2631 :Its
174 2569 231 2630 illi.
272 2567 362 2650 Nobis
378 2580 492 2640 autem,
515 2579 547 2625 ut
563 2564 652 2639 haec,
681 2563 813 2643 quamtis
830 2563 942 2624 excelse
962 2579 991 2623 et
1017 2565 1174 2641 sublimia,
1203 2569 1297 2645 queli-

55 2688 177 2750 eunque
195 2668 309 2728 ratione
328 2682 514 2746 assequamur
524 2710 533 2740 ,
553 2664 631 2724 idem
649 2660 687 2722 de
708 2665 778 2720 tono
797 2661 1011 2740 exquirendum
1029 2663 1196 2743 singulatim
1208 2665 1299 2732 ‚vide-

53 2783 127 2844 tur,
156 2766 235 2848 quod
264 2764 302 2824 de
341 2764 415 2824 ideis
443 2763 579 2823 universe
603 2761 816 2839 quaesivimus,
836 2781 894 2839 quo
920 2761 1045 2819 maxime
1075 2760 1136 2819 hoc'
1156 2761 1297 2841 placitum

53 2867 189 2927 Platonis
207 2865 362 2946 pertineat.
404 2860 535 2939 Intelligi
552 2859 584 2919 id
603 2856 814 2938 quodammodo
831 2879 868 2916 ex
889 2857 1010 2918 historia
1026 2857 1227 2939 philosophiae
1241 2880 1297 2942 po-

53 2967 138 3025 terit.
178 2964 250 3023 Nam
268 2960 411 3042 persecuti
438 2959 544 3039 posteri
576 2955 735 3032 videntur,
755 2956 834 3035 quod
859 2958 984 3036 primum
1011 2956 1043 3015 in
1078 2955 1125 3015 his
1152 2978 1298 3038 aggressus

54 3064 142 3125 Plato
158 3075 218 3136 est,
239 3080 329 3139 quum
346 3057 383 3117 de
392 3058 513 3136 finibus
537 3057 679 3114 bonorum
707 3064 737 3113 et
760 3055 911 3112 molarum
938 3052 1000 3115 sive
1020 3054 1057 3114 de
1086 3058 1296 3115 summobono

61 3160 263 3241 inquirebant.
292 3150 361 3215 Sed
377 3176 437 3215 rem
455 3177 471 3213 a
490 3153 656 3235 principio,
678 3152 799 3233 abipso
820 3151 935 3211 Socrate
955 3162 1125 3232 repetamus.

105 3260 173 3319 Duc
180 3257 251 3318 haec
259 3258 390 3328 bierunt,
398 3274 471 3333 quae
480 3251 712 3330 frequentissime
722 3270 827 3330 paiens
835 3249 1054 3331 philosophiae
1046 3270 1079 3307 111
1089 3248 1298 3361 philosophan-

60 3328 280 3437 dotisurparet,
302 3375 343 3414 το
367 3344 536 3439 κοιλόιιτι
558 3337 793 3429 καὶιῖγαθοιι,
812 3349 1135 3427 pulcrnmctbonum,
1144 3347 1297 3426 inprimis

57 3474 132 3516 vero
151 3457 266 3519 bonum.
288 3457 411 3538 Operam
422 3454 491 3514 dare
502 3451 663 3532 discipulos
674 3471 740 3509 suos
751 3449 836 3508 etiam
856 3459 942 3526 etque
951 3444 1037 3503 etiam
1051 3442 1192 3522 jubebat,-
1206 3450 1241 3502 ut
1258 3444 1297 3503 de

57 3552 148 3661 rebus
164 3553 276 3633 pulcris
296 3568 324 3615 et
344 3553 500 3636 turpibus,
528 3550 653 3609 maxime
680 3547 718 3607 de
746 3545 833 3606 bonis
860 3557 889 3602 et
917 3541 1001 3601 malis
1028 3553 1216 3621 quaererent:
1245 3543 1296 3620 qui

10 3842 14 3853 Ι
55 3754 271 3857 ἀληθείας,
244 3780 290 3835 (ος.
306 3755 597 3842 γιγνωσκομένης
557 3780 614 3838 μιν
636 3753 764 3818 διανοοῦ.
794 3758 860 3824 cu,
885 3765 977 3826 utpote
1000 3756 1137 3811 manifeste
1158 3768 1297 3827 corrupto,

55 3838 189 3916 medirlarn
203 3856 365 3918 adhibiturus
384 3866 546 3934 Stephanus,
564 3851 622 3934 μὲν
636 3863 798 3926 tollendum,
822 3861 911 3914 Λιιίιι
928 3864 1018 3912 tutent
1031 3862 1229 3931 expungendam
1253 3869 1298 3913 ιο-

55 3973 112 4018 tu
131 3966 292 4017 οιιιιοιιιίιιιι-
311 3950 448 4015 airlnr—
459 3949 580 4011 διανοοῦ
601 3961 709 4011 censuit.
745 3958 869 4009 Neutrum
893 3957 995 4025 placet.
1028 3970 1087 4007 num
1105 3938 1300 4025 ἀντίστροφος

54 4055 196 4106 mutis·
200 4055 243 4105 iis
259 4038 317 4117 etl,
335 4066 402 4119 quse
416 4049 449 4101 de
471 4048 530 4100 sole
548 4063 577 4099 ee
594 4048 653 4099 uisu
661 4046 811 4152 rebusque
830 4044 1014 4115 spectabilibus
1029 4043 1125 4149 paullp
1145 4048 1205 4092 unte
1229 4038 1297 4090 dicta

54 4150 138 4201 sunu
156 4129 205 4220 ἆρ’
221 4129 325 4197 odom
342 4132 424 4195 auio
419 4125 561 4213 ηλιος
540 4146 613 4208 οιιιις
630 4129 686 4210 μὲν
700 4155 752 4194 ουκ
763 4154 855 4206 εστιν
871 4127 963 4204 αἴτιος
980 4123 1043 4189 δ”“
1018 4153 1060 4189 ων
1076 4149 1180 4208 ιιοτης,
1193 4146 1299 4208 opacus

53 4233 110 4302 ein
132 4233 227 4320 αυτῆς
246 4230 370 4319 ταύτης
389 4247 607 4313 Trauepositione
624 4246 685 4297 mihi
697 4246 791 4297 videor
808 4246 889 4297 locum
906 4244 1047 4309 integritati
1067 4241 1221 4292 restituisse.

95 4340 122 4403 t)
142 4342 180 4392 De
195 4342 256 4410 Rsp.
272 4340 315 4391 Vl.
331 4339 390 4392 506.
410 4340 440 4391 l).
460 4367 494 4377 -
508 4337 566 4389 509.
585 4338 616 4388 Α.

94 4425 123 4490 2)
144 4427 207 4477 Eod-
224 4442 249 4492 p.
272 4424 331 4476 509.
345 4425 374 4475 B.
393 4424 422 4476 C.
1063 4501 1118 4560 22*
