2796 5048
92 448 160 487 vero
187 428 277 509 spirat
304 426 402 488 ubivis
430 387 537 514 pariter
560 406 738 485 honestatem
766 437 795 483 et
815 426 969 485 virtutem:
995 428 1079 487 toties
1103 379 1265 524 Plemmhgi

92 525 315 586 Demostheneae
338 524 362 583 si
387 504 486 585 minis
505 522 589 596 artis,
621 537 696 581 certe
724 523 905 601 eloquentiae
931 525 1058 587 admiror
1086 494 1275 592 similitudine

91 626 127 684 ln
147 624 262 684 Socrate
277 623 355 705 apud
373 622 539 696 Platonem,
559 623 638 683 cives
658 643 722 681 suos
742 636 876 683 monente
886 668 895 697 ,
916 638 1064 685 avertente
1082 646 1099 685 a
1116 626 1218 713 vitiis,
1235 648 1279 689 ext

90 700 173 783 tante
187 738 215 782 et
233 735 419 783 convertente
439 720 477 779 ad
496 720 615 780 virtutis
634 720 781 797 studium,
805 720 959 800 imaginem
986 722 1058 782 mihi
1082 726 1279 833 conppicereg

89 820 159 881 deor
167 866 176 895 ,
188 841 274 899 quam
293 817 417 878 dicendo
432 818 572 897 expressit
587 818 810 889 Demosthenes:
832 820 940 900 spirare
960 819 1032 879 adeo
1048 820 1145 881 dicam
1164 824 1197 883 in
1215 826 1279 920 Du

88 917 198 977 sthenis
217 917 395 978 orationibus
413 916 573 975 Socraticae
593 916 814 993 platonicaeque
832 916 1033 998 philosophiae
1052 920 1181 998 genium.

127 1016 234 1075 Verum
252 1014 378 1073 redimus
397 1012 434 1071 ad
453 1012 626 1091 singularem
654 1012 735 1069 illam
755 1026 783 1070 et
805 1016 908 1071 miram
932 1016 1077 1095 profecte,
1098 1038 1185 1095 quam
1211 1038 1279 1079 mem

86 1113 230 1188 ravimus,
251 1112 375 1172 Socratis
401 1110 559 1184 rationem,
579 1110 630 1188 qui
650 1110 727 1169 idem
749 1111 873 1169 maxime
893 1124 921 1169 et
938 1111 1119 1212 equuentiae
1138 1136 1168 1173 se
1184 1138 1279 1199 oppon

85 1209 189 1270 studiis
208 1224 236 1269 et
255 1208 351 1269 studia
368 1207 547 1287 eloquentiae
567 1209 720 1281 excitavit,
731 1208 896 1288 pariterque
914 1223 943 1268 et
959 1208 1093 1294 invectus
1112 1226 1156 1273 est
1175 1215 1209 1273 in
1226 1229 1279 1277 orat

85 1330 147 1383 res,
161 1322 190 1367 et
199 1322 322 1367 oratores
332 1325 471 1379 summos,
482 1306 576 1386 ipsum
585 1306 805 1365 Demosthenem
815 1352 823 1380 ,
835 1306 993 1387 disciplina
1006 1310 1058 1368 sua
1072 1311 1213 1373 excoluit.
1233 1312 1278 1375 Sci

14 1424 18 1437 ·
83 1421 128 1467 cet
147 1426 311 1488 perversam
339 1402 500 1483 exagitabat
516 1403 622 1463 saeculi
640 1404 684 1462 sui
704 1423 770 1461 curn
788 1404 995 1485 sophistarum,
1013 1419 1074 1489 tum
1093 1412 1278 1476 oratoxnmel

84 1504 249 1584 quantiam,
269 1502 320 1580 qui
341 1501 453 1561 nullam
468 1501 607 1560 habentes
625 1502 768 1576 veritatis,
789 1502 901 1561 nullam
912 1506 1041 1587 justitiae
1056 1507 1218 1585 rationem,
1237 1532 1278 1591 qttt

84 1603 207 1660 maxime
232 1614 303 1659 esset
326 1600 431 1659 falsum
451 1600 666 1679 injustumque,
687 1600 720 1659 id
742 1601 870 1661 oratione
894 1586 1278 1697 multitudiniprdponereg‘

84 1700 263 1759 verissimum
287 1700 534 1778 justissimumque
563 1698 782 1758 contenderent.
824 1701 952 1774 Quorum
982 1703 1136 1782 propositis
1163 1700 1278 1786 opinion

84 1798 194 1877 busque
209 1794 542 1955 confutandiqroprios
561 1796 618 1855 sibi
637 1797 794 1876 insitusque
813 1799 875 1860 veri
890 1800 1019 1879 justique
1037 1820 1138 1859 sensus
1157 1804 1278 1885 explicui

82 1918 140 1976 quo
159 1910 259 1977 sponte
277 1897 338 1973 ejus
356 1916 407 1955 ora
431 1896 580 1975 ocopiosa
603 1894 691 1953 fiebat
710 1909 738 1953 et
765 1886 959 1976 pe'rs'uasionis
976 1897 1072 1977 plena.
1114 1900 1219 1963 Pectus
1234 1904 1277 1965 eni

82 2009 142 2071 est,
161 1994 239 2075 quod
267 1993 387 2053 disertos
411 1994 490 2053 facit.
541 1994 639 2072 ltaque
670 1993 711 2050 sic
740 1992 868 2072 loquitur
896 1994 929 2055 in
956 1994 1084 2057 Platonis
1109 1996 1234 2081 Gorgia,
1258 2018 1278 2061 u

82 2091 160 2170 quod
178 2093 277 2152 Cicero
297 2090 522 2165 animadvertit,
543 2094 575 2151 in
594 2090 755 2149 oratoribus
774 2090 932 2152 irridendis
951 2094 1013 2175 ipse
1036 2078 1211 2159 esse⁴britor
1231 2122 1277 2161 sun

81 2212 144 2249 mus
162 2189 305 2253 videatur.
330 2188 359 2269 l)
380 2190 437 2248 Sed
458 2190 540 2248 utin
561 2188 674 2249 eosdem
699 2190 839 2271 sophistas
859 2206 887 2252 et
906 2176 1213 2279 or·ntorcsilthreuq'v
1230 2222 1277 2261 sua

82 2288 257 2360 adhibebat,
278 2308 335 2365 qua
350 2288 442 2347 oculis
470 2288 598 2345 omnium
626 2286 797 2377 subjiciebat
815 2293 974 2377 vanitatem.
990 2295 1093 2355 horum
1112 2298 1277 2361 hominumn

82 2385 310 2467 impudentiam,
331 2386 371 2471 ita
389 2399 479 2444 artem
497 2382 596 2444 docuit
613 2384 737 2445 oratores
755 2409 922 2467 germanos,
943 2414 999 2471 qua
1016 2397 1126 2476 populo
1145 2404 1277 2481 repraett'l

80 2499 176 2545 tarent
195 2485 311 2543 intimos
329 2504 455 2562 quosque
475 2483 692 2563 demagogorum
713 2498 741 2543 et
761 2499 952 2567 tyrannorum
973 2513 1090 2569 sensus,
1113 2494 1192 2556 unde
1208 2498 1277 2557 'min

80 2583 180 2643 biliter
196 2604 264 2642 sane
284 2583 407 2663 profecit
424 2582 645 2642 Demosthenes:
667 2604 790 2663 cumque
807 2566 889 2647 eoln'
901 2588 1003 2669 primis
1022 2590 1092 2651 haee
1112 2602 1160 2653 ars
1179 2586 1277 2657 valertl

80 2697 112 2743 ut
136 2682 263 2743 veritatis
292 2682 463 2760 virtutisque
492 2701 615 2740 amorem
638 2683 671 2741 in
700 2681 852 2743 hominum
878 2687 994 2748 animis.
1011 2693 1168 2769 excitaret,
1189 2659 1277 2753 esth

79 2782 206 2864 profecto
232 2802 290 2839 una
314 2780 443 2840 omnium
467 2781 591 2837 maxime
621 2781 747 2840 fructum
778 2804 878 2865 capere
904 2784 1070 2866 eloquentia
1090 2789 1203 2853 debuit.
1241 2790 1277 2877 Q

78 2878 135 2939 sibi
155 2900 261 2937 munus
280 2878 353 2937 dicit
372 2879 403 2937 in
423 2877 562 2959 Apologia
587 2877 734 2954 Socrates,
757 2892 788 2939 ut
812 2882 897 2943 modo
924 2885 1109 2965 audivimus,
1129 2912 1148 2951 a
1164 2871 1277 2953 Diis&

79 2976 197 3053 datum,
219 2992 250 3036 ut
268 2979 301 3036 in
320 2977 542 3035 Atheniensium
560 2978 678 3036 civitate
697 2978 838 3060 populum
854 2985 935 3061 quasi
954 2985 1078 3045 stimulis
1096 2969 1276 3049 ethalctiilri

79 3074 117 3135 ad
135 3077 304 3156 optimarum
333 3096 429 3134 rerum
455 3073 549 3134 studia
577 3077 732 3135 excitaret:
754 3078 860 3155 quibus
874 3082 977 3141 'verbis
1001 3086 1143 3165 expressit
1169 3072 1276 3167 etf‘qtttt

78 3173 252 3234 vaticinatus
269 3187 310 3232 est
329 3173 531 3253 philosophus,
553 3171 625 3251 quid
644 3195 771 3237 summus
787 3197 824 3235 ex
848 3180 909 3259 ejus
927 3181 1024 3241 schola
1042 3198 1136 3243 orator
1154 3186 1188 3245 in
1205 3184 1276 3247 mdc!

78 3270 236 3349 aliquando
265 3272 382 3331 civitate
411 3286 482 3331 esset
509 3273 645 3333 lecturus.
688 3273 871 3337 Sensit·sane
897 3278 1054 3357 aliquando
1074 3254 1276 3363 Macedo‚'qii

78 3384 149 3429 esset
167 3391 308 3449 quamque
333 3369 435 3430 ellicax
455 3370 493 3429 ad
518 3370 687 3431 excitandos
706 3372 842 3434 adversus
860 3390 1000 3455 tyrannos
1029 3380 1108 3441 cives
1134 3380 1276 3443 Demosthe

80 3490 149 3527 neae
169 3470 305 3528 orationis
324 3470 457 3528 stimulus
476 3484 504 3529 et
525 3470 627 3529 calcar.
959 3460 963 3469 ¹

119 3567 194 3625 Num
214 3568 389 3648 temporibus
409 3570 471 3627 istis
490 3571 660 3629 convenerit
678 3567 1073 3659 eloquentia,7Detttqtthenis:
1095 3580 1168 3660 quid
1185 3580 1247 3641 item
1255 3572 1276 3635 d·

78 3663 164 3742 hujus
183 3679 211 3724 et
230 3665 382 3725 Phocionis
400 3666 528 3747 politicis
555 3667 685 3727 consiliis
705 3662 930 3751 existimaiidtltir
949 3675 1004 3750 sit,
1035 3675 1084 3736 laic
1104 3700 1207 3759 nonq
1242 3674 1268 3757 .’

77 3783 149 3823 mus.
186 3765 228 3823 De
248 3764 411 3843 eloquentia
432 3767 488 3825 viri
509 3783 537 3828 et
558 3761 702 3848 δεινότητι
723 3758 866 3852 agendum
884 3788 954 3833 erat.
995 3775 1122 3837 Miretur
1140 3792 1232 3837 auten

71 3862 155 3939 quis,
165 3884 225 3922 non
241 3864 281 3921 ita
292 3863 360 3922 haec
377 3867 553 3945 perspexisse
562 3870 734 3950 Dionysium
746 3870 1092 3959 Halicarnassenserhfl)
1106 3694 1276 3959 nequeil

77 4105 103 4148 et
124 4086 178 4149 cori
198 4087 294 4150 κοινοῦ
314 4088 369 4171 τῆς
389 4082 503 4164 πόλεως
525 4117 582 4152 eum
600 4103 708 4155 Socrate
726 4106 883 4173 colloquium
901 4116 984 4159 exstat
1001 4108 1042 4159 50.
1060 4108 1092 4161 Α.
1120 4110 1197 4171 Quod
1214 4114 1275 4165 tull!

76 4192 207 4243 eandorem
232 4192 302 4244 illum
328 4194 486 4243 Socraticum
512 4196 614 4257 attinet,
638 4201 862 4264 operaepretium
883 4209 923 4251 est
942 4218 998 4252 curn
1018 4189 1118 4255 sitem
1136 4190 1275 4275 camerti

74 4293 225 4346 comparare
243 4279 451 4330 Demostheneae
467 4282 591 4332 orationis
610 4284 638 4332 de
656 4301 746 4333 corona
764 4286 933 4351 prooemium.
1112 4302 1120 4315 ·
1224 4352 1227 4359 Ι

110 4361 135 4424 1)
154 4364 190 4414 De
214 4365 282 4415 Orat.
306 4366 324 4412 l.
345 4363 385 4413 ll.
1104 4304 1238 4487 Ἣ

106 4456 132 4521 2)
154 4447 229 4529 Περὶ
249 4450 328 4529 Δημ.
352 4441 455 4514 tarnis.
480 4459 518 4511 cl.
538 4461 584 4528 Ep.
606 4463 640 4511 nd
658 4462 739 4529 Pnnp.
