2796 5048
721 224 757 286 12

120 380 320 468 vracnrgaacrc
342 385 461 467 ottqstc
478 396 656 464 precatore,
677 388 753 466 quod
767 408 861 465 paupe
888 385 1103 464 Beatlojorrum
1129 395 1180 449 eit.
1227 388 1301 448 Mox
1323 389 1349 448 ei

125 503 236 584 placuit
252 500 361 561 candor
378 514 406 560 et
424 500 565 582 elegantia
582 500 802 584 Xenophontis,
816 516 845 562 et
863 503 895 562 in
914 502 1026 562 haunit
1043 502 1232 585 scriptoribus
1248 502 1351 565 Xeno-

47 644 51 651 ,
125 617 268 699 phonteae
284 618 442 679 venustatis
460 617 605 693 aemulus,
620 617 776 694 ‚Cornelius
795 617 901 699 Nepos:
922 638 1043 698 quorum
1061 617 1178 679 formose
1196 632 1349 700 utrumque

126 731 281 807 edidisset,
302 733 359 792 uisi
374 732 593 793 antevenissent
609 733 704 813 ipsum
722 732 782 793 alii.
814 733 886 792 Nam
904 747 965 793 crat
980 733 1013 793 in
1032 730 1096 794 viru
1113 733 1272 793 acerrimus
1287 733 1349 816 pul·

128 828 360 927 criveuustiquc
377 868 494 908 sensus:
515 860 592 906 totus
611 861 672 906 erat
690 847 728 908 ad
745 846 951 908 humanitatem
970 861 998 907 et
1016 847 1187 926 exquisitam
1204 847 1348 927 quandam

127 960 298 1042 elegantiam
316 963 503 1044 compositus:
525 961 679 1023 videbatm·
696 961 783 1043 plane
801 962 875 1021 alter
891 960 1074 1051 Xenophon,
1094 974 1170 1021 certe
1187 962 1230 1021 sic
1247 962 1349 1022 naturl

130 1073 242 1135 amabat
269 1077 392 1137 Atticam
419 1076 500 1137 illam
527 1077 657 1153 Musam,
688 1090 720 1137 ut
743 1077 804 1154 ejus
830 1078 997 1138 suavitatem
1023 1077 1056 1135 in
1079 1074 1215 1134 omnihus
1238 1077 1349 1158 scriptis

130 1191 311 1272 exprimeret.
342 1192 442 1271 Itaque
468 1192 500 1252 in
527 1190 657 1273 legendis
686 1190 872 1272 scriptoribus
900 1191 1037 1271 antiquis
1053 1187 1130 1249 illud
1155 1187 1348 1252 admirabatur

131 1305 272 1381 maxime,
291 1306 371 1386 quod
397 1320 516 1367 naturae
543 1306 780 1386 incorruptaeque
809 1305 967 1365 venustatis
991 1304 1083 1366 veluti
1111 1295 1205 1377 minor
1220 1305 1346 1366 relmret.

91 1428 93 1433 '
132 1418 218 1496 Quod
234 1434 347 1481 secutus
375 1422 408 1480 in
436 1421 536 1502 primis
559 1420 694 1482 tractavit
719 1425 833 1501 poetas,
852 1419 1019 1494 historicos,
1038 1419 1197 1481 Socraticos
1221 1419 1348 1502 phileto·

132 1535 222 1617 phos,
239 1549 381 1612 oratores3
401 1547 429 1593 et
448 1535 488 1594 sic
507 1537 637 1616 regnavit
657 1535 689 1594 in
709 1535 871 1596 literarum
893 1544 924 1593 et
944 1535 1147 1613 eloquentius,
1165 1547 1200 1595 ut
1217 1528 1360 1616 Wytten.

43 1720 46 1724 Δ
132 1649 254 1711 bachim
276 1650 310 1709 iu
327 1651 531 1728 philosophiae
554 1652 693 1710 historie.
723 1649 850 1708 Accessit
871 1648 978 1709 deinde
999 1648 1038 1709 ad
1063 1649 1210 1710 Platonem
1217 1648 1347 1725 ,setin

130 1742 298 1853 philosophi
317 1766 430 1847 scriptis
451 1765 492 1826 sic
515 1778 558 1825 est
581 1772 780 1840 versatus,'ut
796 1764 887 1847 ipsius
905 1763 1018 1825 indoles
1034 1764 1161 1825 ferehatr
1183 1763 1349 1844 exquirebat

130 1850 226 1942 icelle
240 1877 438 1960 dictionesque
461 1881 587 1960 politicas
608 1870 638 1938 et
660 1878 865 1959 elegantiores,
888 1900 1010 1958 quarum
1030 1892 1110 1939 tanto
1134 1877 1232 1940 studio
1248 1879 1350 1947 damus

131 2007 193 2070 est,
214 2007 246 2054 ut
264 1993 368 2055 lubens
384 1994 472 2054 etiam
488 1994 593 2074 legeret
609 1994 747 2073 sequioris
765 1994 829 2055 aevi
848 1995 997 2074 scriptores
1014 2006 1043 2053 et
1060 2007 1155 2075 patres
1169 1993 1243 2054 adeo
1249 1982 1352 2054 'cele-

75 2105 78 2111 '
132 2109 211 2187 siae,
230 2130 300 2188 quos
322 2109 398 2190 ipsos
417 2130 477 2169 non
494 2108 677 2170 vehementer
695 2106 826 2183 amabat,
847 2094 899 2169 sed
916 2108 1020 2188 legeret
1038 2106 1190 2183 lubenter,
1210 2107 1352 2188 siquidem
1392 2150 1394 2179 ÷

126 2224 260 2299 ¹Platonis
278 2235 456 2285 venustatem
476 2223 554 2282 omni
572 2223 785 2304 opportunitate
798 2220 939 2281 imitando
958 2223 1161 2303 exprimerent.
1191 2221 1297 2283 Edidit
1314 2223 1354 2283 ita

133 2340 243 2399 Timaei
266 2336 519 2413 commentarium,
536 2338 589 2417 qui
607 2335 780 2396 ediscendus
803 2349 844 2396 est
866 2337 1016 2413 omnibus,
1036 2339 1088 2418 qui
1108 2336 1202 2418 legere
1218 2358 1287 2399 cum
1305 2338 1356 2399 in-

132 2453 211 2533 genii
230 2453 377 2532 animique
396 2453 492 2513 lructu
509 2452 657 2512 Platonem
676 2451 779 2513 velint.
805 2453 877 2512 Nam
894 2453 971 2514 viam
989 2453 1037 2512 hic
1055 2439 1147 2534 aperit
1164 2451 1204 2513 ad
1220 2454 1358 2515 criticum

134 2567 262 2627 Platonis
280 2548 428 2643 studium,
447 2589 503 2647 quo
532 2567 679 2648 neglecto,
707 2587 792 2657 nemo
817 2581 899 2648 putet
926 2588 955 2626 sc
979 2568 1017 2627 ad
1034 2569 1171 2627 interiora
1190 2556 1357 2649 Platonicae

132 2681 332 2765 philosophiae
349 2705 429 2744 sacra
442 2683 593 2765 pervenire
607 2703 695 2764 posse.
735 2681 793 2742 Sed
811 2682 892 2743 aditu
910 2682 1087 2743 recludendo
1101 2696 1254 2742 contentus
1266 2683 1358 2745 luisse

133 2797 251 2860 videtur
269 2799 472 2859 lluhnhenius.
503 2797 768 2879 philosophandum
791 2799 890 2878 paucis
909 2796 1049 2857 ducebat:
1071 2818 1138 2856 nam
1155 2798 1276 2858 ommno
1294 2819 1358 2859 uun

132 2913 275 2994 placebat.
304 2914 342 2974 Et
368 2912 446 2993 quod
463 2913 556 2994 Nepos
574 2915 615 2972 ait
633 2913 669 2972 de
688 2915 800 2989 Attico,
821 2920 930 2994 attigit
946 2935 1057 2992 quoque
1072 2921 1225 2991 poeticen,
1253 2914 1358 2973 mdi-

134 3050 202 3087 mua
210 3073 220 3105 ,
241 3051 278 3087 ne
296 3036 363 3106 ejus
380 3051 486 3107 aspera
503 3039 578 3088 saaet
594 3036 776 3104 suauitatis,
790 3028 867 3089 idem
880 3028 946 3103 illc,
965 3041 1035 3087 teste
1053 3026 1302 3108 wyttenbachio,
1317 3027 1357 3090 de

134 3142 232 3205 studio
245 3165 262 3202 a
276 3164 305 3203 se
319 3143 518 3225 philosophiae
531 3145 675 3224 impertito
690 3143 785 3203 dicere
798 3142 915 3203 solebat.
936 3142 1112 3203 suavitatem
1131 3143 1209 3201 enim
1217 3186 1226 3218 ,
1240 3142 1357 3224 elegam·

133 3259 222 3334 tiam,
243 3271 420 3319 venustatem
435 3260 468 3317 in
487 3259 565 3318 omni
583 3258 747 3348 scriptionis
761 3277 881 3338 genere,
902 3256 1073 3338 philosopho
1097 3257 1182 3316 ctiam
1191 3301 1200 3332 ,
1217 3258 1358 3337 exquire·

133 3373 185 3434 bat
199 3372 403 3433 studiosissime
429 3386 457 3432 et
476 3372 639 3447 felicissime
659 3372 892 3453 deprehendebat
917 3386 1000 3451 atque
1019 3374 1051 3431 in
1069 3373 1162 3431 lucem
1180 3372 1356 3454 proferebat.

134 3489 197 3548 Hoc
215 3487 373 3571 procedens
389 3487 492 3547 itinere
518 3486 711 3548 Ruhnkenius
738 3487 771 3547 in
794 3488 902 3548 criticis
925 3486 1080 3561 excelluit,
1116 3487 1149 3546 in
1167 3486 1258 3565 iisque
1282 3486 1358 3549 adeo

133 3604 329 3686 principatum
346 3602 490 3662 obtinuit:
512 3624 579 3662 narn
598 3602 752 3665 accedebat
767 3601 814 3661 his
831 3600 947 3661 dotibus
964 3616 992 3662 et
1011 3601 1115 3661 studiis
1137 3602 1275 3662 immensa
1298 3601 1356 3663 do-

134 3719 228 3781 ctrina
248 3731 276 3778 et
299 3739 363 3779 rara
386 3717 526 3797 quaedam
548 3717 662 3779 solertia
685 3718 784 3778 critica
793 3761 810 3791 „
825 3737 910 3796 quam
924 3716 1045 3776 acuebat
1058 3715 1179 3776 mirilico
1198 3716 1357 3776 acerrimas

134 3832 186 3892 ille
204 3832 299 3915 pulcri
316 3853 432 3892 sensus:
454 3846 482 3893 et
500 3833 584 3894 edere
602 3834 748 3893 Platonem
762 3833 803 3891 sic
818 3832 972 3912 potuisset,
991 3844 1023 3890 ut
1042 3831 1260 3911 elegantiorem,
1278 3829 1356 3891 adde

134 3960 165 4011 et
191 3945 347 4008 doctiorem
374 3949 631 4026 accusationemque
655 3948 801 4029 scriptoris
828 3947 1091 4028 interpretationem
1114 3945 1197 4005 nulla
1226 3966 1357 4026 unquam

128 4077 213 4129 actas
231 4063 329 4124 visura
352 4063 469 4140 fuisset5
500 4063 551 4124 sed
574 4062 784 4144 philosophiam
810 4060 941 4136 tradere,
973 4062 1099 4142 logicam
1122 4070 1152 4120 et
1168 4030 1356 4142 metupbyaiss

129 4198 204 4240 eum
229 4178 427 4253 conscribere,
450 4177 555 4260 placita
583 4176 729 4258 explicare
755 4176 991 4260 philosophorum
1015 4176 1114 4236 abdita
1132 4190 1160 4237 et
1187 4176 1356 4255 recondita,

132 4293 356 4375 Wyttenbachii
373 4293 427 4354 hoc
446 4314 551 4353 munus
568 4293 643 4369 fuit,
661 4292 739 4352 haud
756 4294 844 4353 luisse
863 4290 979 4354 videtur
997 4291 1176 4391 Ruhnheqij.

176 4407 566 4492 ancnbachiusjuvenili
593 4421 683 4468 aetate
704 4409 776 4488 quid
800 4407 856 4470 sibi
880 4406 986 4483 vellet,
1014 4407 1087 4488 quid
1116 4420 1281 4489 appetem,
1307 4409 1358 4469 cai
