2796 5048
659 229 712 286 134

78 394 176 454 virtuti
204 393 262 451 sint
289 414 423 472 congrua.
470 392 537 465 Sic,
567 391 628 471 ipsh
657 404 773 447 naturae
802 391 882 467 lege,
904 390 941 449 ad
970 408 1064 447 rerum
1093 390 1280 451 scientiame

76 492 262 573 sapientiam,
283 512 335 571 per
352 490 447 570 pulcri
464 487 694 570 philosophiam,
715 486 811 545 aditus
829 486 940 545 homini
957 501 1044 568 patet.
1070 488 1100 569 l)

118 588 261 649 Illustrari
280 590 333 649 hac
359 590 473 647 fortasse
496 586 629 668 populari
650 586 759 643 ratione
788 585 966 644 Platonicum
995 585 1091 660 illud,
1109 588 1226 663 pulcra
1249 606 1280 641 cc

78 691 117 747 ad
143 710 247 745 oerum
266 690 372 746 ducere
398 695 518 765 verique
543 687 701 742 incendere
727 705 844 756 canore,
874 683 1083 763 quodammodo
1112 684 1222 765 possit3
1248 678 1280 741 scd

79 787 168 868 ipsius
187 785 428 846 reminiscendum
447 785 573 843 Platonis
592 797 650 857 est,
673 782 722 840 ubi
738 781 873 855 sublimia
893 782 962 840 haec
983 781 1102 841 sublimi
1124 782 1280 841 orationect

79 906 114 942 ex
132 886 200 989 ipsa
212 885 313 944 amoris
332 886 360 943 vi
371 930 379 959 ,
400 905 455 962 qua
474 882 554 940 ardet
573 881 765 939 adolescentia
774 879 954 959 ,explicuit
981 881 1098 939 Itineris
1120 877 1280 938 recordemur

80 960 200 1061 denuo:
203 1002 259 1061 quo
273 981 311 1040 ad
324 980 419 1063 pulcri
434 980 583 1037 scientiam
597 978 760 1057 simulque
753 1001 784 1036 ιιι
796 976 919 1035 mediam
935 999 996 1036 veri
989 977 1229 1059 philosophiam
1246 994 1280 1033 ιιι

81 1080 165 1140 duxit
179 1080 328 1143 Diotime
353 1078 534 1138 Ordiendum
559 1076 644 1135 nobis
669 1078 840 1157 praecepit
833 1076 967 1134 ι·ιιίιιιιιίι
986 1076 1097 1157 pulcris
1118 1072 1272 1157 spectandis

80 1200 150 1257 quae
171 1180 201 1239 vi
221 1175 428 1259 pulcritudinis
445 1176 560 1256 capiant
578 1168 749 1259 teneantque
769 1187 892 1231 mentem
919 1188 1053 1237 nostramv
1071 1189 1180 1251 totam:
1211 1172 1276 1230 binc

79 1276 163 1335 missi
180 1276 287 1336 formae
307 1273 571 1347 commendatione,
592 1272 630 1331 ad
647 1274 763 1353 pulcros
782 1272 908 1344 aiiiimos,
924 1271 993 1330 inde
1004 1273 1186 1332 adstudiaet
1205 1268 1280 1329 offici

80 1374 180 1454 pulcra
204 1388 231 1431 ct
253 1371 399 1453 praeclara
423 1369 655 1452 prtocedeudum
676 1392 734 1428 esse
754 1371 831 1427 euim
851 1365 934 1426 nobis
951 1391 1005 1451 per
1023 1368 1075 1429 bos
1095 1358 1178 1451 quasi
1193 1364 1280 1448 'gradi

80 1472 117 1531 ad
146 1470 222 1529 illud
251 1469 446 1529 accedendum
470 1468 622 1550 pulcrum,
653 1468 731 1548 quod
759 1462 811 1525 bec
838 1468 929 1525 oculis
948 1489 1001 1526 nec
1022 1470 1142 1527 auribus
1162 1488 1216 1527 nec
1238 1464 1279 1524 ul

81 1590 165 1627 sensu
194 1569 370 1649 percipitur,
391 1589 448 1627 una
476 1568 580 1627 mentis
599 1569 648 1641 vi,
671 1590 728 1624 uuo
757 1575 822 1624 veri
850 1558 965 1649 cpydrtp
993 1568 1127 1647 cognosci
1147 1578 1245 1647 potest.

81 1665 138 1726 Sed
151 1664 274 1725 Socratis
293 1664 499 1725 rw'ecoidemur
490 1679 560 1726 item
570 1687 708 1744 ,quum
700 1667 856 1724 ornantium
869 1618 954 1725 bobis
969 1669 1093 1724 furorem
1111 1663 1280 1722 describere

7 1746 13 1755 ¹
82 1766 147 1823 nam
167 1764 259 1823 elucet
279 1764 312 1824 in
328 1764 422 1825 medio
442 1764 624 1838 illustriore,
646 1764 698 1821 vix
714 1763 783 1821 ullis
801 1765 891 1823 frenis
905 1762 1049 1844 regendo,
1066 1763 1196 1821 veritatis
1214 1778 1280 1820 amn

84 1862 237 1936 «Quodsi,
259 1860 390 1936 dicebat,
419 1862 452 1921 fit
469 1861 644 1941 aliquando,
671 1876 702 1920 ut
721 1864 803 1939 quis,
833 1863 936 1921 divino
956 1876 1107 1943 conspecto
1127 1861 1230 1936 vultu,
1248 1876 1280 1939 ‘l‘

82 1963 170 2041 ipsam
197 1950 222 2018 ei
251 1959 347 2041 pulcri
377 1962 529 2040 imaginem
557 1960 712 2040 perfectam
742 1961 904 2034 instauret,
931 1960 1098 2019 incredibili
1127 1959 1280 2017 incendat!

81 2059 199 2119 divinae
229 2058 334 2117 formae
361 2079 474 2133 amore,
495 2072 556 2115 tum
582 2078 650 2116 vero
679 2058 819 2116 naturalis
841 2060 929 2138 ipsius
948 2072 975 2116 et
1007 2057 1104 2138 pulcri
1129 2071 1157 2116 et
1175 2056 1244 2131 boni
1278 2088 1280 2095 ·

77 2158 148 2234 justi
176 2158 324 2235 omnisque
345 2157 473 2215 veritatis
497 2176 573 2213 amor
599 2157 630 2213 in
657 2158 718 2229 eius
736 2170 830 2213 mente
858 2157 953 2214 subito
980 2146 1169 2230 accenditur,
1191 2176 1280 2234 quoqt

81 2256 222 2313 amasium
233 2254 414 2335 prosequitur
433 2253 547 2326 ardore,
570 2274 626 2330 quo
646 2273 710 2310 eum
725 2253 794 2311 colit
808 2253 915 2312 honore
925 2300 933 2327 ,
955 2254 1058 2313 divino
1075 2252 1182 2333 plane,
1203 2253 1280 2313 code]

80 2351 213 2432 pulcrum
232 2352 323 2432 ipsum
352 2364 380 2408 et
406 2349 514 2408 bonum
538 2364 565 2408 ct
584 2352 711 2428 justum,
734 2352 881 2410 veritatem
899 2354 1039 2425 omnino,·
1064 2352 1247 2432 prosequitur
1269 2372 1280 2405 ι

81 2449 166 2508 colit:
189 2448 266 2531 quod
285 2462 362 2528 patet
382 2448 591 2506 esermonibus
607 2450 744 2508 contiuuo
759 2452 929 2523 amantium,
950 2472 1019 2528 quos
1038 2450 1152 2509 crebros
1172 2464 1200 2509 ct
1218 2470 1280 2509 sens

82 2548 236 2627 affectuque
264 2546 363 2627 plenos
392 2544 427 2605 de
455 2546 575 2626 pulcro,
593 2549 671 2624 justo
701 2562 728 2605 ct
753 2569 819 2606 vero
845 2550 984 2623 miscent,
1005 2563 1064 2607 tum
1087 2568 1157 2608 vero
1183 2556 1221 2607 ci
1242 2560 1280 2607 tot

81 2666 177 2705 eorum
197 2646 269 2705 vita:
292 2667 357 2704 nam
377 2646 438 2705 veri
459 2645 626 2723 assequendi
648 2646 680 2704 in
695 2646 780 2704 rebus
800 2646 933 2705 omnibus
950 2668 1072 2706 amorem
1088 2648 1185 2705 omnia
1206 2664 1280 2706 corut

81 2742 193 2818 studia,
214 2744 307 2803 omnia
328 2743 490 2824 proposita,
512 2744 640 2801 facinora
660 2746 754 2802 omnia
769 2744 897 2824 produnt
914 2766 945 2803 ac
965 2746 1107 2826 spirant.»
1133 2743 1166 2825 3)

121 2842 273 2923 Explicaie
298 2842 370 2899 haec·
393 2842 488 2900 emnia
513 2841 683 2921 diligentius
701 2842 879 2917 studuimus,
894 2864 983 2921 quum
1001 2845 1032 2901 in
1050 2842 1146 2923 pulcri
1167 2840 1280 2903 versaba

81 2962 143 2997 mur
157 2939 356 3021 philosophia:
378 2939 426 2998 hle
446 2934 656 2998 autem'corum
676 2942 839 3015 reminisci,
862 2956 893 2998 ut
907 2943 967 3000 veri
989 2961 1194 3021 persequamur
1209 2938 1280 3021 philo

81 3036 226 3117 sophiam,
258 3038 415 3097 necessario
438 3052 556 3118 oportet.
588 3039 733 3116 Namque
753 3038 822 3096 hacc
842 3041 953 3118 saepius
970 3039 1184 3117 accuratiusque
1203 3036 1280 3119 legcri

80 3156 141 3191 mus
160 3156 191 3192 ae
213 3134 469 3215 perpenderimus,
490 3157 522 3194 co
541 3139 630 3215 magis
650 3138 702 3215 ipsi
724 3158 903 3213 assequemur
917 3137 1087 3247 cogitando,
1104 3151 1131 3195 et
1151 3134 1280 3201 sentiendi

50 3282 54 3289 ,
80 3235 112 3291 ιιι
129 3234 230 3312 primis
251 3234 458 3312 percipiemus,
473 3256 557 3312 quam
576 3234 699 3292 sublime
719 3236 755 3292 sit
775 3236 805 3292 in
828 3235 942 3293 homine
961 3236 1139 3315 principium
1158 3235 1234 3296 iden
1247 3230 1280 3291 ill

81 3339 333 3403 resiteticamer.
376 3331 443 3389 Vim
463 3346 555 3391 autem
583 3332 678 3390 divini
709 3333 847 3412 principii
877 3333 913 3392 ad
937 3332 1078 3414 parienda
1103 3347 1131 3393 et
1156 3332 1190 3392 in
1208 3333 1280 3391 lucer

79 3428 249 3509 proferenda
271 3430 375 3508 optima
399 3451 526 3508 quaeque
552 3444 580 3489 ct
598 3422 747 3489 hominum
766 3433 862 3510 generi
892 3431 1095 3504 saluberrima,
1116 3430 1197 3489 baud
1214 3426 1280 3491 faed«

78 3528 182 3605 aliquis
209 3526 445 3637 philosophorum
473 3529 532 3603 sic,
554 3543 585 3589 ut
611 3529 710 3602 Plato,
731 3531 763 3586 in
784 3529 846 3586 luce
864 3529 968 3609 posuit.
1010 3530 1081 3588 Nam
1100 3528 1203 3609 pulcra
1221 3521 1280 3607 aput‘

80 3626 224 3685 Platonem
249 3627 329 3705 quasi
355 3627 545 3687 invitamenta
567 3626 691 3687 suntad
720 3628 778 3687 veri
800 3627 974 3686 eliciendum
994 3648 1135 3701 amor‚em
1157 3640 1185 3684 et
1203 3640 1274 3713 quam

80 3725 123 3780 vis
141 3726 267 3781 animum
285 3725 324 3781 sic
353 3724 552 3799 inflamment,
573 3738 605 3783 ut
629 3725 710 3784 furor
727 3725 797 3782 iude
826 3739 853 3782 et
880 3722 1280 3800 insaniaoriatur,boc1pe¹

78 3821 242 3895 fitfur,01e
242 3835 313 3896 ut,
334 3843 405 3900 quae
431 3822 541 3882 homini
570 3825 645 3882 inest
669 3822 706 3882 ad
730 3822 826 3880 omnia
846 3825 1009 3903 praeclara,
1031 3824 1068 3882 ad
1089 3845 1157 3885 vere
1180 3820 1266 3905 puter

79 3941 144 3977 vere
164 3918 240 3979 bona
257 3940 289 3980 ac
306 3922 382 3997 justa
402 3920 514 3980 indoles
528 3922 682 3996 naturalis,
699 3943 826 4001 quaeque
844 3922 897 3981 hac
917 3922 1016 3981 indole
1036 3922 1121 3981 homo
1139 3920 1280 3995 studiisqu

114 4163 136 4225 ll
155 4164 358 4217 Accommodaic
384 4165 448 4215 baec
470 4167 628 4233 temporibus
651 4169 746 4219 uostris
769 4168 853 4218 studui
876 4169 901 4218 in
923 4170 1041 4220 oratione
1056 4171 1087 4219 de
1100 4168 1186 4238 parler-i
1202 4176 1280 4217 m·

79 4264 144 4316 quae
161 4254 244 4301 exs'tat
258 4252 284 4299 in
297 4250 388 4301 dunel.
406 4251 485 4301 dead.
501 4253 643 4317 Rdmetrcj.
658 4254 689 4304 Α.
706 4252 773 4301 1817
785 4282 818 4289 -
833 4253 908 4303 1818.

112 4332 138 4396 2)
156 4337 236 4403 Spmp.
259 4333 316 4385 210.
334 4335 363 4389 D.
379 4364 414 4372 -
430 4335 488 4387 212.
502 4336 533 4389 Α.
554 4336 592 4388 Gl.
609 4354 684 4405 supra
703 4337 767 4391 10⁷,
787 4356 842 4405 sqq.

106 4416 132 4479 3)
153 4420 255 4471 l’ltcedr.
279 4419 405 4488 251‚sqq.
