2796 5048
679 238 739 299 480

91 417 154 482 eet,
175 416 211 464 ut
236 408 425 488 gubernator
448 414 562 464 notetus
581 415 665 479 oret,
687 383 864 466 utinam
882 408 1101 488 gubernationi
1122 419 1290 484 committent,
1341 438 1355 477 n:

88 507 136 563 uel
163 513 313 584 supienter
338 505 379 563 ud
406 505 537 562 diuitum
557 506 648 578 soree
677 506 831 565 accedunt.
875 504 928 564 Sic
948 526 1056 584 reapse
1073 514 1187 567 nutnrd
1204 530 1295 588 cunpe-
1349 539 1355 574 ι

88 613 194 662 rutum
222 613 280 677 eet,
312 612 365 675 ut,
396 612 458 662 eive
490 604 573 661 dives
605 610 667 662 eive
692 624 813 681 pauper
841 606 970 664 aduerat
998 607 1174 665 valetudine
1198 617 1261 666 utut

88 708 255 761 necessario
277 709 305 759 ie
319 705 409 777 fores
434 703 616 760 medicorum
644 712 748 780 petat,
771 725 944 782 cinnaeque,
967 712 1022 783 qui
1038 726 1083 784 gu
1158 628 1304 769 atione*

87 801 212 881 digent,
250 801 346 859 domos
376 802 487 858 adeant
514 801 669 858 bominum
697 802 890 881 gubernandi
917 812 1057 881 periturae
1100 848 1110 879 ,
1138 827 1197 863 non
1221 808 1305 885 gyter

88 909 225 972 notares,
246 900 394 976 etquidem
419 901 555 975 alicujus
583 905 646 956 rint
660 905 777 974 pretii,
797 903 963 975 inferiores
979 913 1090 984 rogent
1108 913 1144 961 ut
1157 905 1306 984 gubernare

87 1001 144 1057 eibi
171 1000 270 1057 liceat.
312 998 392 1072 Quin
409 997 446 1087 'si
477 1018 539 1072 eos,
570 997 620 1076 qui
649 996 695 1055 his
714 999 892 1078 temporibus
910 1000 1094 1081 respublicas
1109 1000 1310 1076 administrant,

87 1118 154 1156 cum
182 1097 218 1156 iis
245 1096 456 1177 comparaveris
483 1097 598 1170 nautis,
620 1115 691 1174 quos
710 1094 796 1154 modo
815 1098 1128 1174 commemorabamus,
1147 1113 1212 1158 tum
1230 1100 1310 1172 eham,

86 1197 110 1255 si
132 1195 199 1255 illos
210 1240 218 1269 ,
239 1195 290 1274 qui
311 1193 347 1253 ab
365 1192 411 1254 his
431 1193 618 1274 appellantur
638 1190 759 1252 inutiles
784 1214 818 1252 ae
839 1216 935 1254 rerum
957 1218 1102 1257 vanarum
1122 1196 1312 1279 speculatores,

85 1295 161 1355 veris
189 1290 431 1375 gubernatoribus
456 1292 635 1366 contuleris,
665 1312 726 1350 non
748 1292 905 1354 aberrabis.
940 1293 969 1376 1)
1010 1296 1060 1355 Fit
1085 1309 1184 1356 autem
1211 1297 1267 1371 ita,
1290 1309 1312 1354 ut

86 1414 174 1469 vera,
204 1412 334 1472 quaeque
360 1391 407 1450 his
428 1391 514 1449 unice
533 1390 616 1449 malis
638 1388 749 1449 mederi
776 1391 884 1471 possit,
915 1392 1104 1475 philosophia
1126 1394 1205 1453 male
1223 1393 1311 1454 audiat

84 1493 157 1551 Nam
186 1491 331 1572 primum,
362 1489 491 1568 germani
520 1486 687 1570 philosophi
717 1501 855 1566 tauquam
892 1476 1019 1551 inutiles
1049 1492 1248 1570 rejiciuntur,
1266 1505 1311 1551 tun

84 1609 174 1663 vcro,
196 1589 220 1648 si
247 1609 304 1666 qua
333 1586 478 1666 praeclara
508 1586 650 1645 exstiterit
670 1585 702 1645 in
715 1587 877 1665 juvenibus
898 1587 935 1648 ad
956 1589 1179 1672 philosophiam
1199 1590 1312 1664 indoles,

87 1686 284 1767 corrumpitur
311 1683 384 1759 illa,
414 1698 585 1765 anteaquam
612 1682 650 1743 ad
668 1685 863 1744 maturitatem
882 1688 1059 1767 pervenerit.
1102 1687 1153 1748 sic
1174 1690 1253 1749 enim
1270 1709 1311 1749 sese
1353 1728 1355 1733 ·

82 1809 127 1847 res
145 1787 242 1847 habet.
294 1777 416 1858 Παντός
434 1776 604 1865 σπέρματος
617 1775 719 1864 ninid*
736 1781 849 1863 φυτοῦ,
863 1779 920 1846 εἴτε
930 1783 1064 1866 ἐγγείων,
1080 1781 1141 1848 εἴτε
1153 1781 1312 1863 τῶνζῶαα,

82 1881 169 1964 ἴσμεν
181 1877 226 1946 ὅτι
243 1878 280 1946 td
297 1879 343 1967 μή
358 1876 453 1966 ruptio
469 1884 604 1968 τροφῆς,
622 1875 660 1966 ἧς
671 1878 812 1967 προσήκει
829 1879 958 1974 ἑκάστῳ,
973 1883 1048 1970 μηδ’
1066 1880 1174 1971 ὥρας,
1189 1881 1313 1972 penditi-

83 2011 141 2050 nov
145 2035 156 2063 ,
177 1980 240 2074 ὅσῳ
260 1981 297 2048 ἂν
314 1982 565 2071 ἒῤῥαμενέστερον
594 1980 632 2074 ᾗ,
654 1981 786 2074 τοσούτῳ
808 1982 953 2052 πλειόνων
975 1989 1057 2052 ἐνδεῖ
1073 1990 1139 2053 ταῖν
1150 1986 1312 2074 πρεπόντων

80 2085 197 2177 ἀγαθῷ
212 2086 269 2173 γαρ
291 2086 382 2152 nonde
394 2084 635 2172 ἐναντιώτερονῆ
648 2090 693 2176 τῷ
702 2085 747 2172 μή
760 2085 881 2177 α’γαθῷ·
897 2104 1008 2156 seimus
1026 2101 1109 2152 enim
1129 2118 1218 2156 omne
1236 2117 1313 2156 aanor

80 2217 115 2253 uc
129 2216 254 2276 gemnen
274 2203 337 2254 etue
350 2196 532 2271 plantarum
551 2201 612 2252 siue
630 2195 919 2272 animalium,quod
936 2217 994 2252 non
1003 2196 1117 2270 suerit
1136 2216 1208 2254 eum
1228 2201 1314 2253 nutri-

82 2301 214 2367 tionem,
246 2316 311 2352 cum
339 2301 564 2375 tempestatem,
586 2314 651 2352 eum
672 2300 822 2372 regionem
848 2295 1009 2372 adeptum,
1031 2312 1111 2370 quae
1130 2298 1312 2381 ipei'notert
1336 2368 1340 2377 Ι

82 2398 258 2464 conueniat,
280 2413 336 2469 quo
356 2390 490 2448 validius
510 2397 571 2465 eit,
592 2413 623 2450 eu
638 2392 783 2467 pluribus
799 2393 938 2473 indigere
954 2390 1135 2450 commodis:
1156 2393 1230 2450 bunc
1246 2415 1312 2451 nun·

81 2513 137 2569 qno
166 2491 282 2549 mulum
310 2496 502 2548 contrarium
530 2496 648 2571 mugit,
679 2513 770 2568 quum
798 2514 856 2550 non
886 2494 964 2550 bono.
993 2520 1040 2535 --
1057 2490 1204 2564 Quidni?
1225 2521 1260 2532 -
1275 2492 1312 2551 Ee
1353 2498 1355 2507 '

81 2589 188 2669 igitur,
220 2601 251 2646 ut
279 2587 421 2663 arbitror,
452 2588 558 2646 rationi
586 2602 831 2664 consentaneum,
853 2592 991 2672 optimam
1009 2601 1167 2662 naturam,
1189 2589 1312 2649 sintina

83 2687 229 2747 nutriatur
249 2686 406 2761 alimento,
428 2685 599 2745 deteriorem
618 2687 741 2747 evadere
752 2733 760 2761 ,
781 2708 867 2767 quam
885 2708 1014 2769 pravam.
1037 2718 1069 2728 -
1092 2685 1147 2746 Est
1166 2690 1273 2768 utique.
1288 2720 1313 2733 -

80 2785 142 2844 Hac
172 2787 261 2865 igitur
287 2785 399 2844 ratione
430 2784 571 2859 dicimus,
602 2783 776 2860 Adimante,
806 2787 917 2846 animos
945 2784 1197 2866 praestantissima
1225 2784 1309 2844 indole

23 2953 27 2959 θ
79 2884 244 2964 praeditos,
276 2885 299 2943 si
325 2883 399 2941 male
428 2884 539 2942 fuerint
567 2882 699 2958 educati,
731 2885 868 2964 pessimos
894 2883 966 2945 lieri.
1010 2875 1066 2942 Ἢ
1076 2877 1133 2943 οἴει
1148 2877 1190 2943 cd
1212 2877 1310 2964 peytilu

78 2975 249 3061 ἀδικήματα
274 2979 323 3042 καὶ
351 2975 407 3062 τήν
431 2973 559 3062 ἄκρατον
582 2978 726 3064 πονηρίαν
752 2979 785 3042 ἐκ
812 2975 944 3065 φαύλης,
975 2978 1040 3044 ἀλλ’
1064 2980 1119 3047 οὐκ
1142 2985 1177 3048 ἐκ
1199 2984 1311 3063 νεανικῆς

78 3071 200 3164 φύσεως
227 3083 332 3168 τροφῇ
355 3078 548 3165 διολλυμένης
577 3079 748 3164 γίγνεσθαι,
778 3078 898 3166 ἀσθενῆ
925 3082 961 3146 δὲ
985 3079 1076 3168 φύσιν
1097 3082 1240 3170 μεγάλων
1257 3082 1309 3150 οὔτε

79 3175 212 3266 α’γαθῶν
238 3177 305 3245 edre
331 3185 430 3246 κακῶν
456 3183 553 3246 αἰτίαν
576 3181 648 3246 ποτὲ
667 3180 806 3260 enaddan
829 3209 869 3246 un
889 3210 956 3247 uero
974 3199 1087 3268 putus,
1110 3201 1249 3252 mumma
1264 3213 1308 3251 ece·

79 3291 145 3348 loru
173 3298 203 3345 et
230 3297 394 3345 octrumum
414 3296 584 3365 nequitiam
604 3290 640 3346 ab
659 3296 773 3369 ignaru
789 3295 891 3380 potius
908 3289 1025 3363 indole,
1047 3311 1140 3367 qnam
1158 3295 1307 3373 generosi,

74 3410 138 3468 per
166 3389 371 3445 educationem
400 3391 546 3464 eorrnptd
557 3431 565 3461 ,
594 3387 779 3463 procedere?
809 3387 985 3445 imbecillam
1009 3408 1077 3446 uero
1106 3400 1257 3451 naturum
1273 3397 1307 3446 in·

79 3494 219 3567 genitium
246 3486 293 3543 vel
322 3470 463 3543 donnum
481 3483 696 3543 oel'mulorum
715 3486 889 3564 quandoque
910 3488 1164 3562 euueeumsore'l
1184 3484 1307 3546 -Haud

78 3606 169 3659 sane,
199 3583 249 3643 sed
278 3604 394 3663 prorsus
424 3585 521 3665 prouti
550 3583 634 3644 dicis.
655 3583 880 3664 -Philosophi
909 3583 1016 3663 igitur,
1048 3605 1138 3663 quam
1165 3585 1307 3647 adumbra-

80 3684 194 3754 vimus,
224 3696 346 3756 natura,
376 3681 519 3762 siqnidem
547 3682 734 3764 disciplinam
760 3682 815 3761 ipsi
844 3682 1069 3742 convenientem
1098 3698 1186 3745 nacta
1216 3684 1307 3764 fuerit,

80 3800 195 3840 necesse
224 3792 284 3854 est,
313 3780 455 3855 arbitror,
487 3802 548 3839 eam
578 3803 689 3862 semper
716 3778 897 3861 proficiendo
925 3779 963 3838 ad
989 3801 1103 3840 omnem
1134 3804 1164 3842 se
1186 3782 1307 3844 virtutem

19 3875 22 3880 Δ
80 3880 248 3960 explicare;
270 3879 317 3938 sin
347 3900 416 3938 vero
444 3880 476 3938 in
503 3900 668 3961 perversam
694 3877 850 3952 inciderit,
871 3890 1009 3956 tanquam
1029 3880 1062 3938 in
1081 3879 1212 3941 alienam
1228 3880 1307 3960 regio-

80 4000 161 4053 nem,
200 3976 409 4057 disciplinam,
440 3977 479 4037 ad
511 3977 656 4037 contraria
682 3977 779 4035 omnia
808 3974 971 4035 delabitur:
1004 3977 1061 4036 nisi
1090 3978 1166 4038 tone
1197 3981 1306 4040 Deorum

79 4076 185 4155 aliquis
215 4095 276 4132 eam
303 4074 460 4154 adjuverit.
510 4076 705 4136 Existimasne
736 4087 830 4133 autem
859 4086 891 4132 tu
902 4118 911 4147 ,
941 4073 1186 4153 quemadmodum
1217 4077 1306 4156 vulgus

80 4174 244 4248 hominum,
266 4193 367 4232 verum
395 4194 474 4249 esse,
496 4173 575 4250 quod
600 4173 722 4248 dicunt,
743 4170 941 4232 adolescentes
968 4172 1110 4251 quosdam
1138 4197 1157 4234 a
1184 4173 1305 4257 sophistis

114 4385 523 4484 mmmmmuo
