2796 5048
653 225 691 283 92

85 389 185 469 pulcro
213 401 240 446 et
266 386 376 445 artibus
406 385 537 445 doctrina
568 385 794 460 confundamus,
824 387 995 467 diligentius
1017 388 1070 448 hoc
1101 388 1302 469 exponendum

85 487 210 546 videtur.
367 471 370 477 Ι

124 588 165 644 De
192 583 302 669 artibus
330 597 359 641 et
387 603 494 642 summo
522 582 594 657 illo,
625 581 702 661 quod
731 583 837 641 imitari
867 581 989 642 artifices
1015 583 1117 658 decet,
1146 584 1302 665 proposito,

85 682 244 764 praeclarus
269 695 310 740 est
334 682 478 740 Ciceronis
503 681 582 739 locus
605 679 659 738 illo
683 680 716 738 in
740 679 833 754 libro,
858 702 914 759 quo
940 681 1098 761 perfectum
1125 680 1301 743 adumbrarit

84 788 212 839 oratoris
229 779 399 858 exemplum.
445 783 554 857 «Atque
572 799 621 857 ego
640 779 671 836 in
695 770 803 837 ¹summo
818 793 926 838 oratore
945 778 1082 859 fingendo
1106 780 1198 839 talem
1215 781 1301 839 infor-

85 877 165 936 mabo
174 923 182 952 ,
203 876 295 956 qualis
311 877 428 935 fortasse
444 897 527 935 nemo
542 876 607 936 fuit.
649 877 713 935 Non
733 878 810 935 enim
828 898 950 956 quaero,
965 879 1029 956 quis
1042 878 1152 952 suerit,
1173 878 1224 937 sed
1239 877 1299 959 quid
1336 942 1338 951 ¹

85 978 121 1036 sit
139 975 232 1050 illud,
252 996 308 1053 quo
328 975 406 1033 nihil
424 975 514 1055 possit
530 996 587 1032 esse
601 976 809 1055 praestantius:
833 974 910 1054 quod
931 976 962 1033 in
983 976 1173 1056 perpetuitate
1189 972 1298 1037 dicendi

85 1097 143 1135 non
161 1094 260 1154 saepe,
291 1088 375 1152 atque
396 1073 476 1131 haud
499 1074 557 1131 scio
576 1095 614 1132 an
639 1094 780 1152 unquam,
806 1075 838 1132 in
866 1073 962 1151 aliqua
988 1087 1081 1132 autem
1105 1088 1189 1155 parte
1216 1072 1297 1133 elucet

84 1171 258 1251 aliquando,
279 1170 356 1228 idem
375 1169 455 1248 aqud·
472 1169 542 1228 alios
556 1170 691 1245 densius,
704 1171 791 1250 ‘apud
811 1170 882 1229 alios
901 1170 1018 1228 fortasse
1037 1171 1138 1231 rarius.
1182 1170 1238 1231 sed
1256 1191 1296 1251 ego

84 1272 122 1329 sic
142 1284 252 1344 statuo,
274 1268 352 1327 nihil
370 1289 429 1326 esse
453 1268 486 1326 in
506 1267 566 1327 ullo
589 1289 690 1348 genere
715 1283 773 1327 tam
796 1268 950 1350 pulcrum,
971 1290 1027 1347 quo
1047 1290 1106 1328 non
1125 1269 1254 1349 pulcrius
1271 1267 1295 1326 id

7 1416 11 1429 .
81 1370 131 1440 sit,
153 1367 230 1426 unde
249 1366 346 1441 illud,
368 1381 400 1425 ut
418 1387 454 1424 ex
473 1387 520 1425 ore
534 1354 656 1446 aliquo,
677 1367 758 1447 quasi
783 1368 875 1447 imago
899 1367 1093 1446 exprimatur,
1117 1367 1197 1446 quod
1216 1385 1294 1445 neque

80 1456 169 1524 oculis
189 1486 281 1545 neque
302 1464 420 1523 auribus
439 1485 531 1543 neque
552 1464 613 1524 ullo
634 1488 719 1524 sensu
739 1464 849 1545 percipi
867 1478 976 1545 potest:
999 1466 1172 1544 cogitatione
1197 1477 1294 1524 tantum

80 1577 107 1621 et
126 1578 218 1622 mente
234 1563 462 1643 complectimur.
493 1563 592 1641 ltaque
612 1578 640 1622 et
655 1564 776 1622 Phidiae
792 1562 968 1635 simulacris,
989 1562 1095 1641 quibus
1110 1563 1189 1621 nihil
1209 1564 1240 1620 in
1252 1560 1293 1619 illo

80 1681 178 1739 genere
198 1662 352 1741 perfectius
380 1660 529 1734 videmus,
551 1701 586 1709 -
607 1663 730 1742 cogitare
755 1675 851 1719 tamen
878 1682 1026 1741 possumus
1053 1660 1209 1741 pulcriora.
1248 1660 1293 1718 Nec

81 1778 148 1817 rere
167 1758 216 1817 ille
235 1760 359 1834 artifex,
381 1780 446 1817 eum
466 1760 571 1817 faceret
588 1759 669 1819 Joris
690 1758 809 1818 formau'r
832 1772 880 1816 aut
898 1757 1067 1833 Minervae,
1091 1756 1294 1839 contemplaba-

82 1870 129 1915 tur
147 1855 288 1935 aliquem,
307 1879 321 1916 e
340 1880 396 1937 quo
415 1855 638 1926 similitudinem
659 1856 795 1939 duceret,
816 1856 866 1915 sed
886 1857 976 1936 ipsius
994 1857 1026 1913 in
1045 1870 1140 1915 mente
1163 1855 1294 1915 insidebat

84 1956 189 2035 species
209 1954 418 2036 pulcritudinis
442 1955 547 2013 eximia
567 1953 727 2033 quaedam,
748 1975 832 2033 quam
860 1956 995 2026 intuens,
1016 1954 1050 2011 in
1068 1975 1156 2032 eaque
1176 1952 1293 2025 defixus,

64 2052 118 2111 'ad
138 2052 466 2113 illius=similitudinem
490 2068 578 2112 artem
603 2055 631 2111 ¹et
656 2073 771 2110 manum
792 2052 942 2131 dirigebat.
985 2053 1025 2112 Ut
1049 2053 1138 2132 igitur
1158 2053 1192 2111 in
1212 2052 1294 2112 formis
1318 2046 1323 2057 ’

81 2165 108 2209 θῑ
128 2149 225 2230 figuris
243 2165 284 2210 est
300 2150 414 2231 aliquid
432 2151 593 2232 perfectum
612 2165 640 2209 et
661 2148 825 2223 excellens,
846 2151 927 2226 cujus
950 2149 987 2209 ad
1010 2144 1160 2230 cogitatam
1186 2152 1294 2232 speciem

81 2249 219 2308 imitando
238 2250 403 2307 referuntur
422 2271 454 2307 ea
464 2295 472 2322 ,
494 2268 566 2327 quae
588 2248 641 2306 sub
662 2246 758 2306 oculos
777 2247 838 2326 ipsa
857 2247 983 2307 cadunt:
1005 2249 1045 2306 sic
1075 2248 1221 2328 perfectae
1245 2248 1294 2306 clo-

80 2347 211 2425 queutiae
230 2347 353 2426 speciem
366 2342 621 2420 animbvidemus,
642 2343 765 2424 effigiem
781 2345 899 2404 auribus
912 2347 1103 2424 quaerimus.»
1122 2343 1151 2426 l)
1169 2344 1295 2406 Similiter

81 2444 173 2517 Plato,
194 2444 275 2520 cujus
290 2446 461 2503 sententiam
474 2445 520 2502 his
536 2444 631 2503 verbis
646 2444 782 2522 expressit
793 2444 901 2502 Cicero.
914 2442 944 2523 2)
972 2446 1080 2503 Imitari
1095 2446 1119 2502 is
1135 2445 1205 2503 item
1214 2457 1296 2504 censet

82 2544 200 2623 optimos
227 2563 351 2621 quosque
379 2543 521 2617 artifices,
543 2564 602 2601 non
620 2541 697 2620 quod
712 2542 842 2599 sensibus
857 2556 974 2621 apparet
988 2542 1140 2622 pulcrum,
1159 2542 1212 2602 sed
1231 2540 1295 2622 quod

83 2663 172 2718 neque
188 2628 291 2714 oculiS,
317 2662 410 2720 neque
429 2641 566 2714 auribus,
587 2660 679 2718 neque
698 2639 758 2698 ullo
777 2660 860 2697 sensu
877 2640 988 2719 percipi
1005 2654 1112 2720 potest:
1136 2641 1296 2721 cogitatione

81 2753 190 2800 tantum
204 2754 232 2798 et
242 2754 336 2798 mente
355 2738 580 2820 complectimur.
602 2738 638 2797 Et
656 2738 709 2795 hec
729 2758 794 2795 esse
807 2737 924 2795 videtur
943 2737 1111 2795 aestheticae
1121 2784 1129 2811 ,
1151 2760 1238 2818 quam
1255 2757 1297 2797 uos

44 2875 47 2882 ·
82 2859 230 2911 vocamus,
259 2837 381 2897 sublime
408 2837 552 2916 quoddam
577 2836 762 2916 principium.
798 2833 886 2893 Ilaud
914 2837 990 2893 onim
1015 2833 1141 2909 sufficit,
1166 2833 1296 2896 imitando

83 2937 267 3016 expressisse,
291 2937 411 3013 quaein
432 2957 524 2993 rerum
543 2949 643 3002 natura
662 2932 784 3006 adsunt,
801 2932 833 2990 id
853 2953 920 2990 vero
940 2935 1008 2991 artis
1026 2934 1176 3013 proprium
1196 2948 1253 3006 est,
1272 2945 1297 2990 ut

83 3049 194 3114 superet
213 3049 360 3092 naturam:
383 3035 414 3091 in
434 3055 490 3111 quo
510 3035 570 3111 ejus
589 3032 727 3112 perfectio
746 3044 773 3088 et
793 3032 837 3089 vis
857 3029 958 3090 divina
979 3032 1115 3090 cernitur.
1145 3031 1203 3101 sod
1222 3032 1296 3091 altius

84 3135 167 3191 ctiam
186 3132 338 3211 spectabat.
361 3130 441 3189 Plato
459 3130 582 3189 artifices
603 3129 709 3188 imitari
724 3128 845 3204 jubebat
865 3150 924 3187 nen
943 3129 1035 3187 solum
1045 3175 1053 3202 ,
1075 3129 1153 3207 quod
1172 3130 1295 3210 pulcrum

83 3245 154 3288 esset
173 3230 410 3307 vehementerque
429 3229 572 3309 placeret,
594 3228 644 3286 sed
664 3227 741 3305 quod
761 3229 865 3284 bonum
886 3240 956 3283 esset
976 3226 1079 3301 simul,
1099 3242 1232 3306 recteque
1252 3247 1295 3286 ex-

1 3335 6 3343 '
83 3349 207 3408 pressum
226 3329 341 3387 virtutis
359 3329 496 3386 excitaret
515 3347 648 3385 amorem.
691 3326 726 3383 ln
746 3325 824 3382 omni
848 3323 883 3382 de
903 3322 1005 3404 pulcro
1025 3325 1225 3405 disputatione
1240 3344 1294 3385 cum

83 3440 227 3484 venustate
247 3439 273 3483 et
293 3428 381 3504 gratia
401 3426 554 3484 utilitatem
570 3424 687 3502 jungit:
712 3416 829 3481 utilitati
845 3423 915 3480 adeo
930 3423 1033 3481 tribuit
1048 3424 1218 3503 plurimum.
1239 3422 1293 3483 Tria

81 3538 163 3597 sunt,
185 3524 241 3596 ait,
265 3524 297 3581 in
318 3523 409 3582 nullis
429 3546 488 3583 nou
506 3521 591 3580 rebus
610 3521 834 3600 distinguenda,
855 3515 956 3600 χάρις,
985 3516 1137 3602 ὀρθότης,
1160 3517 1229 3602 ω’φέ
1282 3559 1291 3585 ‚

79 3643 198 3700 quorum
221 3606 405 3702 praecipuum
430 3635 470 3679 est
501 3634 528 3679 et
557 3619 598 3677 rei
624 3621 761 3698 cujusque
786 3621 854 3683 linis
881 3608 1020 3704 ὠφέλεια,
1048 3645 1133 3702 quam
1155 3618 1291 3704 ὀρθότητι

80 3720 270 3797 assequimur:
292 3720 403 3779 accedit
420 3734 516 3778 autem
533 3719 648 3796 utrique
669 3712 764 3800 χάρις.
786 3724 913 3797 Quodsi
927 3727 1103 3804 quaerimus,
1123 3725 1290 3803 quaesitio

81 3816 191 3877 artibus
210 3806 359 3899 όρθότηςε
381 3832 448 3876 sunt
462 3817 531 3877 illae
551 3814 707 3881 θὶκαστικαὶ
726 3826 787 3885 sire
807 3822 973 3904 μιμητικαὶ,
994 3845 1065 3901 quae
1084 3824 1208 3882 musicae
1220 3824 1290 3882 etiam

80 3917 152 3974 ratio
182 3934 222 3978 est
243 3950 275 3961 —-
294 3940 360 3978 nam
388 3909 483 3977 πάντα
508 3911 546 3976 roi
573 3919 640 4002 περὶ
666 3917 759 4004 αὐτήν
785 3921 846 3984 ἐστι
871 3919 1022 4006 ποιήματα
1046 3903 1172 4001 perferbuit
1198 3942 1230 3981 τε
1253 3914 1290 3982 rol

78 4009 228 4076 ἀπεικασία
245 4059 276 4068 -
300 4020 450 4096 quocirca,
471 4031 502 4076 ut
523 4013 681 4104 ὀρθότητα
702 4026 845 4101 habeant,
869 4028 974 4086 babere
994 4026 1102 4097 debent
1121 4017 1178 4104 τήν
1199 4013 1289 4102 ὁμοιό-

77 4139 152 4195 τητα
172 4117 216 4202 τῷ
236 4118 290 4178 τοῦ
311 4115 402 4177 καλοῦ
422 4112 581 4198 μιμήματι.
624 4124 742 4183 Scilicet
767 4146 809 4183 res
834 4147 900 4186 vere
920 4125 1037 4205 pulcrae
1057 4119 1218 4205 μιμήματα
1236 4134 1288 4185 sunt

113 4328 137 4392 1)
156 4330 222 4381 Orat.
241 4329 257 4380 2
273 4339 299 4381 et
314 4328 338 4380 3.

114 4411 139 4467 2)
159 4414 197 4466 Cf.
216 4432 241 4466 v.
262 4433 284 4465 c.
304 4417 342 4466 De
357 4417 417 4483 hep.
437 4416 478 4466 Vl.
497 4415 554 4468 501.
574 4417 602 4467 B.
623 4428 649 4469 et
666 4417 724 4469 484.
746 4417 773 4468 C.
