2796 5048
705 218 744 275 69

144 379 207 437 Hae
237 392 331 437 autem
360 391 506 458 perspecta
536 379 638 436 intima
667 377 770 435 amoris
799 378 1030 452 necessitudine,
1061 379 1249 458 intelligimus
1273 381 1334 458 jam

104 477 193 558 plane
203 523 211 551 ,
233 498 305 555 quae
324 476 361 535 de
381 474 474 535 amore
493 474 570 536 dixit
587 473 747 549 Phaedrus,
766 488 826 533 tum
842 476 927 534 etiam
945 476 1050 552 hoece,
1070 477 1147 556 quod
1165 477 1252 537 dictis
1271 477 1335 538 suh-

99 576 224 653 junxit,
247 575 298 633 uni
314 595 372 633 esse
389 573 660 654 amori-proprium,
683 586 714 631 nt
733 573 806 632 alter
827 573 931 649 lubens
948 596 1000 654 pro
1018 576 1108 635 altero
1128 588 1245 635 mortem
1265 576 1336 635 sub<

101 687 158 733 cat.
196 674 312 731 «Nemo
339 673 380 731 ita
410 685 451 731 est
470 670 616 751 ignavus,
635 691 719 749 quem
747 692 825 731 amor
849 670 887 730 ad
911 672 1045 732 virtutem
1070 697 1129 733 non
1150 666 1253 734 ἔνθεον
1271 673 1336 733 effi-

102 773 181 831 ciat:
214 770 348 850 quodque
379 769 416 829 de
449 770 512 831 Diis
547 769 625 849 apud
657 769 813 829 Homerum
840 770 982 845 occurrit,
1012 772 1148 834 heroibus
1175 796 1222 834 eos
1251 769 1338 854 μένος

103 867 281 948 &praedone
694 933 699 940 ,

432 996 472 1017 ⁴-
495 967 539 1052 τῷ
559 963 587 1028 d'
608 961 747 1046 ἔμπνευσε
769 962 856 1047 μένος
881 968 1044 1048 γλαυιαῖπις
1064 966 1178 1058 Ἀθήνη
1204 974 1233 1057 l)

103 1075 160 1133 hoc
189 1074 288 1133 furore
315 1086 441 1132 amantes
470 1071 558 1150 agitat
587 1091 674 1130 amor.
716 1070 754 1131 Et
773 1092 841 1131 vero
866 1071 898 1130 hi
923 1071 976 1132 soli
995 1095 1048 1155 pro
1067 1075 1133 1135 ahie
1153 1093 1271 1139 mortem
1292 1102 1338 1140 cx·

104 1186 231 1255 petunt,
260 1192 312 1235 nec
336 1171 393 1229 viri
416 1183 549 1243 tantum,
569 1168 619 1228 sed
645 1171 731 1229 etiam
758 1170 908 1229 foeminae.
950 1172 1039 1249 Cujus
1067 1175 1108 1232 rei
1136 1176 1231 1236 Peliae
1259 1177 1340 1255 filia,

105 1271 249 1344 Alcestis,
277 1269 390 1327 illustre
420 1266 502 1326 dedit
530 1266 608 1347 apud
636 1267 759 1327 Graecos
788 1267 969 1347 exemplum,
990 1291 1061 1349 quae
1085 1272 1144 1331 sola
1171 1296 1222 1355 pro
1248 1291 1341 1337 amato

106 1369 179 1428 mori
206 1368 310 1428 voluit.
354 1366 444 1425 Erant
463 1364 583 1424 Admeto
604 1379 735 1446 parentes
755 1379 782 1424 et
801 1366 932 1445 cognati,
951 1367 1002 1426 sed
1021 1368 1072 1428 hos
1091 1370 1162 1447 illa,
1185 1375 1289 1433 amoris
1309 1376 1340 1435 vi

104 1482 134 1527 et
153 1465 303 1540 efficacia,
324 1466 364 1524 sic
392 1464 538 1544 superavit
565 1465 700 1539 caritate,
723 1477 754 1521 ut
782 1485 828 1523 eos
856 1485 915 1523 esse
941 1479 1092 1527 extraneos
1115 1470 1265 1550 probaret,
1288 1493 1339 1532 nec

106 1566 166 1625 nisi
186 1565 303 1625 nomine
322 1563 507 1643 propinquos.
515 1585 529 1616 n
555 1558 586 1640 2)

285 1754 426 1818 Homines
445 1749 569 1828 ἐνθέους
586 1757 626 1814 ad
646 1765 789 1815 virtutem
809 1759 902 1838 efficit
918 1779 1003 1818 aanor
1020 1764 1161 1822 eoelestia.

148 1958 208 2017 Diu
226 1977 279 2015 nos
291 1957 353 2034 jam
370 1956 465 2014 tenuit
484 1968 682 2036 argumentum
700 1942 788 2012 hocce
806 1953 1001 2035 praeclarum:
1024 1977 1077 2016 nec
1102 1977 1168 2016 vcro
1187 1957 1264 2018 idem
1293 1960 1342 2020 di-

105 2046 204 2115 mittet
222 2076 273 2114 nos
301 2053 397 2112 laeile.
439 2053 511 2112 Nam
537 2053 615 2133 quod
645 2050 791 2112 Phaedrus
817 2050 895 2110 dixit
924 2053 960 2112 de
989 2076 1102 2129 amore,
1127 2048 1250 2129 ἐνθέους
1277 2077 1342 2116 eum

107 2152 223 2212 efficere
246 2150 377 2211 homines
400 2143 438 2210 ad
464 2153 618 2226 virtutem,
644 2150 757 2210 reducit
780 2148 857 2208 illud
882 2172 935 2210 nos
959 2167 1059 2232 sponte
1082 2156 1120 2215 ad
1145 2155 1221 2215 Ilissi
1245 2158 1323 2237 ripas
1333 2180 1346 2232 ,·

108 2250 161 2310 ubi
179 2250 304 2310 eundem
320 2249 481 2309 Phaedrum
504 2250 673 2330 reliquimus
696 2247 794 2328 paullo
819 2261 904 2323 ante,
928 2249 1113 2312 recubantem
1139 2275 1205 2314 cum
1227 2254 1342 2315 Socrate

108 2351 142 2408 in
160 2348 242 2408 molli
263 2349 409 2428 gramine,
429 2349 624 2428 subtegmine
648 2345 764 2429 patulae
784 2344 915 2426 platani,
935 2361 964 2406 et
992 2371 1008 2407 a
1039 2349 1162 2410 Socratis
1188 2331 1268 2432 guasi
1295 2373 1342 2412 ore

107 2446 306 2529 pendentem,
324 2445 375 2504 ubi
395 2446 419 2505 is
438 2447 596 2505 orationem
618 2443 756 2503 recitabat
775 2443 912 2503 adversus
930 2466 1062 2508 amorem.
1104 2450 1164 2510 Vix
1184 2449 1271 2509 finem
1291 2450 1342 2509 ille

107 2546 178 2605 fecit
194 2544 335 2619 dicendi,
353 2566 441 2623 quum
460 2549 541 2604 ecce!
571 2544 706 2622 aufugere
725 2555 846 2599 conatur
863 2563 932 2623 prae
952 2542 1080 2622 pu'dore,
1103 2549 1210 2628 quippe
1230 2548 1343 2607 facinus

107 2664 194 2704 ausus
213 2641 350 2702 audaciae
368 2656 396 2701 et
415 2642 569 2722 impietatis
587 2640 715 2721 plenum.
742 2657 756 2689 (¹
768 2632 885 2713 Δεινδν,
909 2631 936 2699 ὦ
956 2639 1070 2724 Φαῖδρε
1075 2690 1084 2717 ,
1096 2676 1100 2691 ·
1112 2645 1208 2724 inquit
1218 2692 1226 2720 ,
1248 2638 1343 2706 (latoria

106 2741 197 2827 λόγον
219 2738 309 2818 αὐτός
329 2768 359 2805 τε
382 2739 535 2823 ἐκόμισας,
558 2738 614 2822 ἐμέ
634 2766 664 2804 τε
684 2735 849 2823 ἠνάγκασας
869 2740 964 2802 εἰπεῖν.
991 2745 1104 2806 Jussisti
1127 2769 1171 2806 me
1194 2747 1290 2806 dicere
1310 2749 1342 2806 in

107 2870 248 2923 amorem,
263 2869 323 2906 rem
338 2847 487 2923 divinam,
502 2848 558 2905 imo
574 2847 675 2905 Deum.
697 2844 734 2903 Et
749 2844 822 2919 feci,
837 2845 951 2924 Lysiam
967 2845 1094 2904 imitatus
1124 2860 1151 2905 et
1165 2845 1239 2920 tibi,
1250 2846 1343 2906 Phae-

106 2949 181 3023 dre,
201 2946 427 3026 gratificaturus:
459 2936 629 3024 quamquain
656 2941 721 3001 dixi
749 2955 824 3000 tecto
853 2942 960 3022 capite:
984 2963 1049 3001 nam
1068 2942 1206 3018 verebar,
1235 2964 1289 3019 ne,
1311 2958 1342 3003 ut

108 3046 215 3127 lbycus
229 3046 287 3120 ait,
298 3045 330 3104 in
345 3045 418 3103 Deos
427 3043 624 3122 delinquerem
633 3087 641 3116 ,
651 3040 721 3100 dum
730 3040 848 3121 gratiam
857 3040 932 3098 inire
950 3039 1029 3120 apud
1047 3041 1178 3100 mortales
1198 3044 1338 3123 gestirem.

108 3143 299 3225 Expiandum
318 3143 406 3222 igitur
421 3142 535 3201 facinus
553 3156 613 3199 est:
636 3160 703 3198 nam
717 3138 852 3217 aufugere
867 3158 910 3195 me
929 3159 989 3196 non
1009 3138 1079 3196 sinit
1098 3140 1199 3219 genius
1217 3161 1297 3199 meus
1314 3155 1342 3200 et

108 3257 205 3302 metuo
222 3261 363 3316 amorem,
379 3223 413 3298 in
432 3260 517 3318 quem
535 3238 652 3318 peccavi
672 3236 844 3317 gravissime.
874 3239 950 3315 Age,
968 3235 1148 3316 palinodiam
1170 3259 1288 3314 canam,
1308 3253 1340 3298 ut

107 3341 218 3400 cecinit
247 3338 441 3410 Stesichorus,
461 3337 530 3415 qui,
549 3335 666 3417 culpare
686 3355 769 3393 ausus
789 3334 930 3393 Helenam
940 3379 949 3408 ,
969 3334 1034 3394 visu
1051 3336 1181 3415 privatus
1199 3351 1259 3410 est,
1278 3337 1344 3412 sed,

108 3453 228 3523 peccato
248 3420 380 3517 cognito,
400 3435 540 3494 continuo
551 3427 654 3493 'dixitz
676 3434 860 3490 baudomere
878 3443 923 3491 eet
937 3454 1031 3491 sermo
1049 3440 1125 3492 iata:
1146 3448 1174 3493 et
1193 3421 1343 3494 decantata

106 3537 280 3621 palinodia,
310 3556 392 3593 usum
419 3533 600 3613 recuperavit
627 3532 783 3591 oculorum.
835 3531 881 3590 Sic
912 3552 962 3611 ego
985 3533 1064 3609 jam,
1092 3532 1203 3591 detecto
1228 3534 1321 3613 capite
1333 3579 1341 3607 ,
1383 3577 1385 3581 ·

106 3636 278 3698 solemniter
295 3633 379 3692 dico:
399 3653 458 3723 non
477 3650 556 3690 meus
571 3644 613 3689 est
628 3651 732 3704 sermo,
746 3627 777 3708 3)
797 3650 881 3708 quem
900 3627 995 3688 dicere
1014 3651 1057 3687 me
1076 3634 1228 3709 coegerunt
1244 3631 1342 3712 Lysias

108 3788 354 3802 *w

521 3850 617 3939 οὔριος
639 3847 800 3933 ἐμπνεύσας
821 3845 938 3927 ναύταις
1104 3922 1107 3927 ¹

366 3952 479 4034 Νότος,
502 3953 527 4021 ol
549 3953 724 4042 δυσέρωτες,
747 3947 838 4038 imeri
859 3978 915 4038 μευ
936 3953 1039 4035 ψυχᾶς
1058 3942 1188 4040 donanto

355 4057 564 4147 dvalodymhon

151 4167 176 4233 1)
193 4169 224 4220 α.
240 4169 269 4220 a.
290 4167 348 4219 aaa.

148 4253 176 4316 2)
192 4256 273 4323 sym
289 4251 346 4305 na.
361 4252 394 4304 r.-

148 4346 176 4412 3)
195 4332 256 4400 Οὔκ
283 4331 357 4415 inda
382 4329 401 4396 o‘
425 4333 545 4415 μῦθος,
577 4329 638 4395 a'tt‘
668 4330 743 4414 ἐμῆς
772 4325 891 4419 μητρός
915 4325 1004 4414 παρά.
1032 4339 1116 4406 Ειαίρ.
1142 4341 1286 4411 Menalippa.
1306 4341 1344 4393 Cf.

108 4441 257 4497 Stallhaum
274 4440 307 4492 ed
324 4439 395 4509 Apol.
413 4441 469 4491 Soc.
488 4455 512 4506 p.
525 4437 571 4490 2l.
588 4436 646 4489 via.
663 4437 744 4506 θυαμ.
762 4453 787 4503 p.
807 4435 863 4486 ttt.
881 4433 913 4486 Α.
