2774 5048
670 255 730 315 aar
819 230 831 241 “

77 407 369 494 ἐπιλανθανόμενος,
381 415 444 488 τοῖς
464 410 505 475 δὲ’
521 409 697 494 ἔμπροσθεν
715 408 960 496 ἐπεκτεινόμενος,
984 415 1063 482 κατὰ
1081 414 1193 480 σκοπόν·
1210 416 1314 484 διώκω

76 517 126 581 ἐπὶ
144 512 183 580 sci
202 519 343 599 βραβεῖον
361 513 419 597 τῆς
438 509 500 577 ἄνω
520 511 653 598 κλήσεως
672 518 726 579 τοῦ
746 519 835 580 θεοῦ·
860 518 889 600 1)
916 520 1016 580 eadem
1035 522 1227 583 verecundiae
1247 545 1310 602 mo-

75 610 242 700 destiaeque
272 616 464 698 significatio:
492 613 551 700 οὐχ
571 612 616 680 in
636 613 697 702 ἤδη
720 614 841 700 ἔλαβον,
863 612 964 701 ἢῆδη
985 617 1186 699 τετελιίαιμαι·
1212 617 1312 684 διώκω

75 713 127 792 δὲ,
146 716 176 778 εἰ
191 715 241 779 καὶ
259 709 434 806 καταλάβω·
455 718 487 800 2)
507 721 596 782 iidem
621 723 659 783 ad
680 736 756 782 recte
785 737 870 803 atque
895 704 928 782 in
954 735 1103 781 aeternum
1121 724 1311 804 progredien-

74 806 148 880 tlum
165 819 293 878 stimuli:
315 811 423 879 ἔσεσθε
443 809 497 878 οὖν
515 813 600 897 ὑμεῖς
620 814 738 896 τέλειοι,
759 812 859 902 οἵσπερ
879 813 897 880 οι
920 814 1019 902 πατήρ
1039 813 1139 898 ὑμῶν,
1161 814 1180 882 o‘
1199 817 1230 882 ἕν
1250 825 1312 896 τοῖς

75 911 225 1000 οὐρανοῖς,
246 912 354 994 τέλειός
374 917 461 981 ἐστιν.
485 919 516 998 3)
535 921 594 983 Sed
613 936 641 981 et
660 921 713 982 hac
735 922 772 983 de
793 944 824 982 re
844 944 913 983 suus
934 922 1018 983 nobis
1039 923 1071 981 in
1104 924 1244 1004 proximis
1262 923 1316 984 di-

75 1019 165 1083 cendi
186 1021 242 1103 erit
263 1021 353 1082 locus.

124 1910 413 1986 Philosophia
444 1910 552 1985 apud
579 1908 819 1984 Platonem,
850 1911 937 1968 eice
962 1911 1012 1967 cd
1034 1914 1260 1989 pulcrum,

81 1997 115 2034 ¹·
162 2016 249 2067 sive
282 2015 481 2066 universa
512 2008 562 2064 ad
591 2012 986 2085 oerum·resertnr,
1011 2009 1202 2089 'hominis

272 2127 421 2183 reapse
450 2115 511 2164 est
541 2105 590 2161 od
619 2113 852 2166 ceritatem
881 2114 1117 2166 concertio.

94 2299 230 2381 'Duplex
259 2314 476 2381 argumentum,
507 2301 664 2359 arctissime
696 2314 849 2381 utrumque
868 2303 1074 2379 conjunctum,
1104 2302 1137 2359 in
1158 2303 1312 2382 postremis

69 2396 118 2456 his
137 2399 243 2457 nostris
260 2398 298 2458 de
318 2399 381 2460 veri
402 2397 587 2480 philosophia
609 2397 865 2477 disquisitionibus
883 2397 922 2457 ad
942 2398 1030 2457 finem
1049 2397 1218 2457 disserendo
1237 2418 1307 2478 per-

68 2493 229 2554 duximus:
262 2496 385 2556 alterum
406 2499 441 2556 de
461 2499 569 2555 mundo
586 2495 695 2580 νοητῷ,
726 2500 761 2556 de
781 2508 866 2574 veri,
894 2493 952 2555 cori
972 2488 1074 2568 ὄντος,
1092 2503 1221 2555 scientio
1239 2496 1310 2555 alte·

67 2610 146 2652 rum.
179 2592 225 2653 Ex
244 2595 323 2677 omni
344 2593 398 2652 hac
419 2589 629 2674 disceptatione
649 2595 682 2654 ia
703 2609 804 2675 sponte
825 2595 1047 2674 consequimur,
1061 2589 1197 2652 παιδείαν
1216 2595 1310 2672 potis-

67 2690 176 2749 simum
205 2690 348 2768 hominis,
378 2691 563 2770 ejusdemque
603 2694 644 2751 nel
667 2694 829 2752 vamtatem
855 2693 1073 2753 conversionem
1092 2691 1308 2775 philosophiam

67 2786 151 2867 apud
168 2775 316 2849 Platonem
335 2795 413 2870 essse.¹
436 2790 508 2848 Nam
527 2789 674 2869 quidquid
693 2791 729 2852 de
748 2791 914 2850 escensione
933 2791 1058 2850 animis
1075 2791 1186 2852 mundo
1205 2781 1309 2872 ὁρατῷ

66 2887 101 2946 in
116 2878 240 2966 νοητδν,
261 2872 299 2948 de
318 2887 476 2969 gradihus,
505 2887 612 2966 quibus
630 2909 663 2948 eo
679 2891 869 2970 pervenitur,
893 2887 930 2947 tle
947 2888 1022 2948 ideis
1042 2892 1216 2970 praecipue,
1236 2909 1307 2968 quas

65 2987 119 3066 qui
140 3007 200 3046 non
220 2987 355 3046 intuetur
372 3007 425 3045 nee
446 2987 570 3065 cogitare
588 3001 668 3047 recte
685 3008 738 3047 nec
759 2986 900 3069 perlicere
917 2986 1078 3066 quidquam·
1094 3001 1206 3068 potest,
1234 2989 1305 3046 item

66 3081 105 3142 tle
136 3085 227 3143 animi
254 3082 291 3143 ad
320 3085 469 3171 veritatem
498 3084 671 3168 περιαγωγῇ
687 3073 886 3166 protulimus,
910 3104 970 3143 uon
999 3087 1149 3165 pertinent
1177 3086 1247 3144 haec
1267 3084 1306 3144 ad

66 3179 172 3240 inanes
198 3180 235 3241 de
264 3201 359 3240 rerum
380 3183 492 3262 origine
513 3183 714 3262 quaestiones,
745 3183 796 3243 sed
816 3182 964 3243 hominem
985 3185 1103 3263 ejusque
1125 3185 1305 3245 verissimum

66 3277 180 3337 cultum
200 3293 228 3338 ct
246 3280 454 3360 perfectionem
474 3296 614 3361 spectant.
657 3285 737 3357 Quae
755 3279 1024 3359 autem'sultjuncta
1044 3281 1091 3341 lris
1110 3295 1152 3341 est
1171 3281 1207 3341 de
1227 3282 1308 3352 veri,

65 3372 123 3436 τοῦ
143 3367 246 3450 ὄντος,
276 3377 399 3436 scientia
429 3377 606 3458 disputatio,
636 3402 696 3460 quo
719 3381 780 3439 alio
806 3380 968 3461 pertinuit,
999 3400 1085 3457 quam
1115 3392 1146 3436 ut
1177 3368 1306 3436 Platonis

67 3477 129 3539 site
154 3474 383 3558 metaphysieam
412 3476 473 3536 sive
493 3478 555 3536 veri
574 3477 738 3536 doctrinam
757 3477 988 3553 exquireremus,
1018 3496 1075 3554 qua
1096 3475 1184 3537 unice,
1203 3474 1303 3532 liceret

66 3573 179 3634 homini
206 3572 245 3632 ad
275 3574 338 3636 veri
352 3573 514 3632 'scientiam
536 3575 730 3653 summamque
751 3574 957 3653 perfectionem
977 3570 1137 3630 accedere?
1179 3571 1236 3628 Nos
1258 3572 1302 3629 in·
1333 3632 1334 3636 ,

66 3672 235 3732 choavimus
262 3672 366 3731 haecce
388 3684 416 3729 et
434 3670 617 3753 philosophis
637 3659 829 3749 relinquimus
850 3670 951 3728 aetatis
972 3681 1101 3743 nostrae,
1133 3681 1184 3742 nt,
1214 3669 1303 3728 misso

66 3766 144 3829 omni
163 3772 310 3851 partium,
342 3783 483 3828 sectarum
509 3790 541 3828 ac
563 3783 747 3851 systematum
768 3767 865 3827 studio
875 3811 884 3840 ,
915 3787 1002 3825 unam
1023 3765 1206 3826 attendentes
1226 3767 1300 3825 veri·

65 3877 172 3942 tatem,
192 3867 281 3942 hinc,
303 3869 327 3927 si
347 3866 486 3941 libuerit,
507 3867 544 3927 ad
566 3855 650 3927 recte*
663 3864 928 3949 philosophandum
948 3863 1112 3945 proficiant.
1156 3863 1306 3923 Verunta-
1372 3885 1374 3890 ·

65 3983 132 4023 men
156 3964 237 4043 quoii
256 3966 289 4025 in
307 3966 368 4041 his,
399 3964 472 4024 duce
492 3965 629 4040 Platone,
658 3965 695 4025 de
713 3971 921 4037 conversione,
949 3970 1220 4037 circumversione,
1240 3981 1305 4049 ¹ne·

97 4237 125 4305 1)
143 4241 191 4310 sp.
210 4243 246 4292 aa
261 4241 370 4311 ιιιιιρρ.
389 4217 431 4294 ιιι.
457 4241 501 4292 ιι.

96 4321 125 4388 a)
143 4326 206 4378 aaa.
223 4324 267 4378 111.
291 4325 332 4377 ιι.

95 4407 126 4474 e)
142 4411 229 4464 ιιιιι.
247 4411 278 4462 v.
301 4409 344 4462 ee.
