2796 5048
659 255 719 315 278

156 420 538 479 Oharccteritoruc
556 418 821 477 dialecticae
844 416 1120 490 Socraticae,
1139 414 1237 475 Pto·

196 524 385 591 tonicae,
405 505 748 576 Aristotelica'e:
771 520 1098 594 quiapropciuc
1117 523 1189 575 cat

426 613 685 673 Platonicae
704 613 960 715 character?

118 812 156 871 Et
173 811 243 871 haec
263 810 399 891 quidem,
427 811 519 893 ipsius
536 810 663 871 Platonis
683 812 781 871 mussi
791 856 800 887 ,
826 832 892 871 cum
912 809 950 870 de
969 809 1119 871 Socratica
1137 807 1307 887 dialectica,

78 910 126 969 cui
146 908 248 969 debuit
263 908 316 967 ille
334 908 458 969 miiitum
469 952 481 983 ,·
499 924 560 969 tum
579 909 615 969 dc
632 910 834 985 Aristotelicas,
855 910 888 968 in
908 929 994 988 quam
1011 909 1076 990 ipsc
1095 907 1162 971 tim
1181 926 1307 987 maguam

79 1007 200 1082 babuit,
221 1006 321 1088 paullo
340 1007 429 1067 latius
447 1009 580 1087 persequi
596 1008 728 1087 juvabat.
769 1008 940 1067 Suffecerint
959 1027 1010 1081 ea,
1036 1006 1146 1086 opinor
1157 1050 1168 1081 ,
1191 1018 1226 1065 ut
1249 1004 1310 1067 Plu-

78 1108 192 1167 tonicae
218 1105 391 1168 dialecticae
419 1105 527 1165 claram
545 1086 755 1185 quodimmodo
781 1119 876 1166 mente
907 1106 1054 1165 notionem
1082 1104 1308 1185 conciperemus
1344 1146 1347 1151 -

79 1204 136 1265 Sed
165 1202 312 1263 efficacem
332 1203 407 1263 banc
426 1225 485 1265 esse
510 1206 635 1264 maxime
662 1204 701 1265 ad
728 1204 892 1265 acuendum
910 1202 1082 1284 ingenium,
1101 1222 1166 1281 qua
1185 1203 1309 1273 scuti«,

77 1326 135 1385 quo
151 1295 385 1383 mercuriusque,
407 1300 438 1363 ut
456 1304 496 1364 ait
505 1303 604 1378 Plato,
620 1302 670 1363 fiat
685 1303 785 1379 bomo,
796 1322 909 1383 quoque
920 1314 1107 1365 eonvertatur
1117 1300 1310 1380 mugis'mcutt

77 1406 231 1484 animoque
249 1416 327 1463 totus
343 1401 381 1461 ad
402 1402 569 1477 veritatem,
589 1400 621 1460 id
642 1423 739 1479 nunc,
757 1402 790 1463 ni
810 1401 960 1475 fallimur,
980 1420 1018 1461 ex
1035 1398 1141 1459 barum
1162 1398 1311 1461 methodo-

77 1524 141 1565 rum
159 1501 371 1583 comparatione
398 1497 511 1559 efficere
531 1498 616 1559 nobis
635 1500 712 1560 lieet:
755 1501 868 1575 Quibus
887 1500 921 1559 in
939 1494 1163 1578 comparandis,
1186 1508 1310 1559 accuntt

78 1622 95 1661 e
113 1600 258 1661 Socratica
276 1599 388 1660 ratione
407 1598 585 1659 Platonicam
606 1597 800 1680 distinguere,
820 1597 943 1659 difficile
970 1595 1120 1676 negotium
1137 1608 1196 1657 est.
1248 1596 1311 1659 Nu

80 1698 159 1779 apud
175 1697 325 1758 Platonem
343 1697 472 1778 analysis
489 1698 621 1778 proxime
639 1711 699 1773 est,
720 1712 753 1757 ut
769 1696 971 1779 exposuimus,
991 1714 1057 1754 cum
1076 1686 1231 1780 ἐπαγωγῇ
1248 1716 1312 1757 cou-

75 1799 198 1875 juncta,
218 1816 282 1857 uec·
295 1795 356 1855 ulla
379 1809 421 1855 est
440 1799 502 1859 sive
522 1789 661 1877 ἐπαγωγή
681 1798 742 1859 site
768 1797 887 1856 omniuo
905 1794 1079 1870 dialectica,
1121 1816 1180 1859 uae
1209 1819 1227 1859 e
1253 1814 1309 1855 ccr-
1347 1860 1349 1883 Ι

78 1894 171 1955 nendi
187 1893 388 1975 jungendique
416 1895 513 1959 studio
537 1912 565 1957 et
594 1912 654 1959 arte
681 1897 768 1978 plane
794 1896 832 1954 sit
857 1896 998 1973 sejuncta.
1038 1894 1104 1968 Quo
1130 1893 1267 1969 accidit,
1284 1904 1311 1957 u

80 2014 132 2075 per
150 1992 225 2053 banc
243 1993 384 2053 rationem
404 2015 483 2055 suam
502 1996 631 2057 Socrates
651 1998 684 2057 in
704 2015 815 2055 morum
833 1991 992 2073 disciplina
1015 2005 1058 2053 tot
1076 2010 1114 2051 ac
1129 2004 1220 2053 tenta
1239 1992 1311 2053 inte

4 2166 7 2171 Ι
80 2092 166 2152 uerit.
207 2078 415 2172 Συλλογιστικῆ
437 2107 532 2155 autern
560 2086 740 2169 Aristotelis,
768 2112 898 2173 quaeque
924 2092 1040 2171 proprie
1066 2089 1224 2170 synthesis
1248 2089 1312 2151 dici·

79 2202 143 2266 tur,
164 2193 227 2274 ipsi
251 2194 419 2253 continetur
438 2192 567 2252 Platonis
585 2195 714 2268 ratione,
739 2213 811 2270 quae
837 2190 943 2273 purtim
969 2201 1081 2249 constat
1112 2191 1311 2270 συναγωγαῖς·

80 2303 109 2349 et
127 2310 195 2349 sune
216 2311 268 2351 nec
295 2289 426 2349 Socrates
456 2289 666 2370 comparando,
688 2310 741 2349 nee
759 2288 907 2349 cernendo
924 2287 1007 2347 Plato
1034 2287 1204 2350 invenisset
1235 2290 1309 2370 quid·

81 2407 184 2465 quam,
204 2389 262 2448 nisi
279 2396 440 2464 juncissot
459 2402 579 2468 uterque
590 2434 599 2464 ,
619 2388 697 2468 quod
716 2388 793 2449 idern
812 2402 854 2448 est
879 2401 964 2466 atque
984 2383 1234 2467 συλλογίζεσθαι
1261 2391 1310 2451 litt

82 2504 150 2543 vero
166 2483 268 2545 berum
278 2486 477 2547 methodorum
490 2508 570 2547 nunc
585 2488 710 2547 maxime
726 2488 933 2547 characterom
941 2488 1179 2551 animadvertere
1200 2491 1307 2557 studeo

80 2596 142 2658 tes,
163 2583 195 2642 id
215 2598 314 2644 notare
334 2586 366 2644 iu
385 2584 508 2665 singulis
527 2586 688 2666 oportebit,
708 2607 768 2645 nou
787 2583 865 2663 quod
878 2606 968 2644 unum
984 2587 1144 2666 unicuique
1163 2591 1308 2672 proprium

81 2693 146 2757 est,
160 2681 212 2742 sed
230 2702 287 2762 quo
306 2703 365 2743 uno
384 2684 553 2764 praesertim
570 2684 720 2764 singulae,
741 2684 873 2762 quamvis
899 2684 991 2743 multa
1007 2684 1137 2747 habeant
1163 2708 1237 2751 curu
1251 2686 1307 2747 atio

82 2781 262 2857 communia,
282 2802 299 2841 a
316 2783 436 2842 caeteris
458 2781 689 2864 distinguuntur.

115 2879 327 2956 'Simplicitate
347 2900 376 2937 se
394 2879 575 2941 commendat
595 2881 719 2941 Socratis
738 2880 820 2939 ratio.
861 2877 970 2960 Sponte
996 2879 1050 2945 ille
1074 2881 1127 2947 sui
1146 2882 1190 2945 ad
1209 2882 1305 2947 terim

80 2992 136 3037 tem
155 2977 301 3058 cumipse
319 2976 492 3061 procedebat
502 3023 511 3055 ,
532 2993 595 3038 tum
620 2981 692 3041 alios
715 2977 889 3039 adducebat.
932 2979 1025 3053 Quem
1044 2994 1169 3045 naturae
1189 2981 1304 3043 tacita

81 3088 139 3135 tem
158 3077 190 3136 in
207 3074 355 3135 Platonica
373 3075 440 3133 item
459 3076 612 3137 dialectica
633 3101 693 3138 non
714 3075 912 3137 desideramus
922 3102 931 3153 ;
954 3078 1005 3138 sed
1024 3079 1142 3141 accedit
1167 3100 1302 3153 uum,

83 3195 140 3253 quo
159 3173 227 3232 haec
247 3186 288 3232 est
306 3173 439 3253 insignis.
481 3179 579 3235 Artem
598 3176 688 3236 multo
708 3176 800 3255 magis
819 3176 852 3233 in
870 3176 985 3257 analysi
1009 3177 1139 3239 Platonis
1149 3222 1159 3254 ,
1178 3178 1302 3259 quantit

82 3271 206 3333 Socratis
230 3270 401 3332 inductione
430 3275 629 3351 agnoscimus,
657 3270 801 3354 refertque
819 3273 872 3333 illa
891 3295 953 3333 eam
980 3278 1086 3337 mentis
1112 3278 1300 3357 sagacitate,

83 3370 270 3445 felicitatem,
298 3363 468 3450 εὐστοχίαν,
495 3393 582 3450 quam
608 3369 731 3447 vocabt,
760 3394 833 3451 quae
857 3375 974 3433 invenit
1003 3386 1031 3432 et
1060 3395 1140 3437 nota
1164 3376 1202 3439 iu
1222 3376 1302 3439 luce!

82 3470 200 3550 profert.
240 3473 402 3532 Aristotelis
420 3492 488 3534 vero
502 3468 594 3546 ratio,
615 3470 786 3550 quamquam
807 3492 860 3531 nec
879 3473 941 3553 ipsa
966 3494 983 3531 a
1009 3485 1112 3535 natura
1132 3474 1234 3537 aliena
1259 3494 1302 3539 aa·

84 3588 139 3645 que
159 3571 290 3629 acumine
321 3571 479 3645 destituta,
506 3572 700 3650 diligentiam
725 3584 823 3631 tamen
840 3571 933 3650 magis
948 3556 1095 3649 studiique
1113 3572 1300 3637 assiduitate!

23 3683 27 3690 '
85 3667 215 3745 requirit.
266 3670 330 3744 Quo
357 3668 467 3729 accidit
495 3669 528 3729 in
555 3668 676 3729 historia
702 3668 960 3750 pbilosophorum,
992 3682 1040 3745 ut,
1070 3671 1123 3750 qui
1150 3670 1302 3733 Aristotelii

84 3765 224 3824 rationem
242 3780 446 3847 sequerentur,
468 3788 587 3827 numero
607 3768 665 3826 fere
685 3768 797 3827 infiniti
822 3781 934 3855 essent:
956 3769 1126 3848 pauciores,
1146 3773 1200 3849 qui
1217 3771 1302 3833 Pleto-

86 3863 131 3921 nis
149 3863 260 3944 analysi
282 3874 450 3941 uterentur}
481 3866 531 3944 qui
551 3887 618 3926 vero
646 3865 790 3925 Socratem
818 3866 986 3941 referrent,
1010 3867 1090 3926 omni
1119 3889 1193 3929 aevo
1222 3878 1301 3929 esseut

81 3962 149 4021 rari.
191 3964 319 4021 Acumen
338 3963 416 4023 enim
434 3986 495 4023 non
513 3964 554 4022 ita
574 3965 744 4043 infrequens
763 3977 804 4022 est
823 3965 856 4023 in
876 3985 980 4044 genere
999 3965 1143 4041 humano,
1159 3967 1302 4048 pluresque

84 4059 189 4119 iccirco
216 4061 388 4119 exstiterunt
418 4061 613 4143 philosophi,
643 4063 693 4140 qui
720 4076 801 4121 acute
831 4061 979 4122 cernendo
1001 4063 1212 4145 jungendaque
1238 4082 1302 4127 nors

84 4159 263 4236 proferrent,
283 4179 368 4237 quarn
389 4161 459 4238 qui,
480 4173 512 4217 ut
531 4159 676 4234 Socrates,
705 4160 750 4220 nil
770 4161 824 4221 risi
845 4161 1000 4240 perficere,
1029 4160 1204 4242 perficerent
1229 4180 1303 4242 quau

85 4255 208 4336 plurima
234 4271 261 4314 et
289 4259 404 4337 optima.
447 4258 598 4317 Rationem
625 4272 719 4316 autem
744 4262 842 4339 sequi,
872 4280 957 4338 quam
979 4260 1148 4339 Aristoteles
1176 4261 1303 4333 induxit,

86 4355 346 4435 nec‘singularium
365 4357 452 4437 plane
481 4369 596 4415 estnec
623 4378 781 4437 paucorum
810 4357 972 4417 bominum.
1014 4359 1105 4433 Nem,
1133 4361 1223 4421 utin
1249 4380 1305 4443 pto·
1347 4394 1349 4405 ·

85 4453 284 4531 bando,quod
305 4454 458 4515 inventum
479 4467 688 4533 est,atque.ex
708 4457 830 4515 aliorum
849 4450 979 4517 intentis
998 4455 1306 4540 conficienda·sliquid
