2796 5048
645 215 683 274 93

61 383 126 439 sive
151 372 374 458 ἅφσμσιώμστα
396 372 505 436 αὐτοῦ
530 376 595 435 τοῦ
616 373 739 437 calori:
768 377 812 437 bis
840 375 944 435 similia
973 398 1031 436 esse
1054 391 1163 458 oportet
1189 376 1291 432 artium

64 500 164 560 opera
199 481 269 539 Nisi
298 481 357 538 sint
384 480 509 551 similia,
536 454 736 561 praesffltn
729 500 760 535 m
790 475 910 547 musica,
930 476 1126 554 gravissimum
1146 473 1209 551 quis
1224 471 1291 530 inde

65 576 275 651 detrimentum
304 578 412 658 capiat,
440 577 511 635 falsa
541 577 647 656 quippe
675 576 798 655 imagine
829 588 929 654 captus
953 587 1037 651 atque
1061 575 1100 632 ita
1127 563 1193 652 ἢθη
1220 591 1291 630 κακα

66 669 346 757 φιλοφρονούμενος.
389 675 474 751 Quod
498 672 656 732 tenendum
679 675 802 731 maxime
831 685 873 729 est
893 672 926 728 in
942 671 1112 747 judicandis
1132 670 1292 743 artificum,
1347 673 1351 681 '

65 798 137 855 quae
158 777 245 836 nubis
263 790 447 858 proponunt,
469 771 636 831 simulacris.
679 769 897 851 Explorandum
924 783 982 841 est,
1004 773 1077 848 quid
1105 770 1235 828 artifex
1227 768 1294 829 rr't

65 886 143 934 tatus
163 877 220 948 sit,
240 875 368 950 deinde,
392 897 461 934 num
489 865 606 951 ὀρθῶς,
630 881 714 927 rectu
731 876 867 939 ratione,
889 865 921 925 id
941 867 1086 942 lecerit,'
1079 891 1098 927 1.
1118 888 1142 926 e.
1163 887 1232 926 num
1251 855 1295 924 res

66 987 135 1031 v'ere
165 921 283 1052 pulcras
312 974 418 1032 imitari
448 971 608 1030 studuerit:
638 968 774 1040 tandem,
804 987 874 1024 num
896 967 965 1022 bene
992 964 1024 1024 id
1046 968 1204 1046 peregerit,
1225 966 1244 1024 i.
1268 984 1293 1021 e

68 1091 140 1128 num
149 1070 259 1148 ‚quod
279 1070 389 1128 studuit
408 1069 562 1150 perficere,
583 1067 614 1126 id
630 1067 734 1186 optime
753 1064 914 1145 perfecerit.
934 1061 962 1141 l)
982 1065 1024 1122 lta
1038 1065 1114 1123 enim
1129 1061 1295 1142 accipienda

69 1168 189 1227 videtur
216 1167 344 1226 Platonis
368 1168 524 1226 sententia:
550 1159 598 1243 ἆρ
618 1158 669 1224 οὖν
692 1157 729 1222 ori
749 1160 815 1240 napi
842 1155 966 1277 irrichr
987 1154 1082 1221 εἰκόνα
1102 1158 1149 1220 καὶ
1171 1157 1202 1218 ἐν
1221 1182 1294 1241 ypo-

68 1263 147 1349 φικῆ
173 1263 222 1324 ml
249 1261 281 1324 ἐν
304 1265 435 1388 prorupturi
459 1264 508 1325 καὶ
532 1260 626 1346 πάντη
652 1287 705 1325 τον
730 1258 911 1342 μέλλοντα’
894 1284 1030 1343 εμφρονα
1050 1285 1152 1344 κριτην
1172 1256 1294 1323 ἔσεσθαι

68 1367 118 1428 δεῖ
140 1367 238 1427 raico
264 1364 333 1448 τρία
360 1362 450 1446 ἔχειν,
480 1361 500 1428 ‹i'
524 1365 556 1428 τί
576 1366 637 1428 ἐστι
657 1366 778 1448 πρῶτον
798 1359 974 1446 γιγνώσκειν,
996 1361 1094 1426 ἔπειτα
1115 1358 1155 1437 ὥς
1176 1357 1295 1444 σ’ρθῶς,

69 1464 167 1530 braid
200 1463 240 1543 ώς
270 1463 303 1529 εὖ
334 1462 371 1528 ari
396 1491 494 1550 τριτον
521 1465 669 1549 εἴργασται
695 1468 757 1529 τῶν
782 1461 900 1529 εἰκόνων
926 1462 1045 1549 ητισσῖν
1065 1459 1178 1548 ῥήμασι
1196 1487 1226 1525 τε
1248 1463 1296 1525 καὶ

68 1567 172 1651 μέλεσι
192 1571 241 1632 καὶ
261 1574 323 1645 τοῖς
343 1568 489 1653 (inducie,-

111 1673 150 1732 Et
169 1675 209 1731 sic
231 1673 347 1754 quidem
368 1673 552 1733 escendimus
567 1695 618 1748 eo,
639 1694 695 1752 quo
706 1675 767 1750 jam
781 1672 892 1732 dudum
907 1671 1098 1745 tetendimus,
1119 1684 1150 1728 ut
1164 1670 1295 1749 pulcrum
1324 1714 1328 1727 .

70 1771 270 1846 declaremus,
296 1771 373 1850 quod
397 1771 488 1830 solum
509 1771 666 1831 celebravit
696 1771 784 1831 Plato.
827 1771 877 1829 Est
905 1770 981 1845 illud
1008 1768 1164 1846 ejusmodi,
1185 1783 1216 1826 ut
1234 1771 1295 1847 eius

70 1872 246 1951 praestantia
277 1871 391 1928 interna
421 1871 614 1949 perfectione,
640 1875 699 1928 non
727 1869 845 1926 externa
871 1870 963 1948 specie
983 1881 1133 1926 cernatur:
1164 1866 1294 1948 pulcrum

70 1983 132 2042 est,
153 1968 232 2047 quod
261 1990 312 2027 nos
335 1967 460 2044 dicimus
478 1970 606 2043 morale,
627 1966 760 2047 quodque
779 1967 891 2045 antiqui
916 1965 1060 2047 appellare
1080 1958 1117 2024 ari
1138 1967 1296 2048 καλσκργσ-

70 2061 134 2128 θον
155 2066 296 2128 solebant.

1218 2124 1228 2160 Ι

110 2168 162 2228 Nil
196 2167 328 2247 pulcrum
359 2189 430 2242 esse,
459 2167 673 2227 contendebant
693 2167 849 2242 Socratici,
877 2168 934 2225 nisi
963 2168 1041 2247 quod
1059 2169 1137 2229 idem
1164 2184 1235 2229 esset
1253 2171 1295 2229 bo·

68 2289 164 2326 num:
191 2263 222 2345 2)
254 2265 285 2324 id
300 2262 398 2324 auitum
421 2288 511 2325 unum
529 2256 652 2325 amabile
679 2281 738 2339 est,
760 2267 816 2325 imo
834 2285 902 2324 vero
922 2265 1109 2327 incredibiles
1128 2268 1171 2328 sui
1190 2286 1296 2327 amores

70 2367 192 2425 excitat.
234 2365 331 2443 ltaque
360 2365 499 2435 informa
529 2364 702 2424 celebranda
732 2364 967 2445 pulcerrimorum
989 2367 1130 2443 juvenum
1154 2367 1296 2425 internam

68 2446 323 2545 pulcritudinem,
350 2463 414 2521 i.·e.
444 2464 579 2521 virtutem
604 2463 749 2539 animique
777 2461 933 2520 bonitatem
953 2462 1137 2522 celebrabant
1164 2466 1294 2523 maxime.

68 2563 175 2622 Exstat
189 2561 222 2617 in
242 2559 408 2639 Symposio,
429 2575 541 2640 praeter
568 2569 678 2618 caetera
705 2580 776 2638 quae
802 2562 993 2639 percurrimus
1016 2562 1047 2619 in
1072 2583 1194 2621 amorem
1214 2583 1295 2621 enco·

67 2661 148 2732 mia,
169 2657 378 2736 elegantissima
393 2658 549 2737 Agathonis
564 2659 667 2731 oratio,
689 2678 743 2735 qua
763 2678 859 2715 omnes
879 2659 919 2715 sic
938 2657 1064 2716 celebrat
1084 2661 1185 2717 amoris
1199 2659 1295 2734 dotes,

69 2771 102 2816 ut
123 2754 334 2814 adolescentiae
353 2756 437 2814 nobis
456 2776 574 2813 cernere
593 2755 742 2834 videamur
765 2757 882 2834 gratiam
902 2776 1012 2815 omnem
1031 2770 1062 2819 et
1078 2757 1296 2844 amabilitatem

67 2852 222 2933 exemplar
249 2851 322 2911 adeo
351 2855 513 2912 intueamur
535 2854 649 2912 formosi
679 2798 885 2912 adolescentis:
924 2875 1008 2932 quam
1034 2869 1152 2914 aetatem
1177 2856 1296 2939 mirifice

66 2951 210 3013 amabant
225 2949 346 3009 Graeci‘

600 3070 638 3078 -
653 3030 760 3117 νεηνίῃ
782 3026 906 3110 drdpl'
890 3028 1019 3107 aomrrig'

281 3156 399 3215 πρωτσν
419 3127 569 3225 ὐπνρνήτῃ,
590 3135 697 3213 τοῦπερ
719 3123 898 3215 χαριεστάτη
921 3128 994 3217 ἥβη·
1015 3136 1046 3215 3)

68 3237 134 3298 Sed
153 3235 230 3294 idem
249 3237 287 3295 ita
313 3237 405 3316 pergit
424 3237 457 3293 in
485 3234 633 3296 laudando
652 3258 762 3311 amore,
784 3251 816 3296 ut
836 3239 896 3316 ejus
914 3237 1049 3319 deinceps
1067 3241 1188 3320 viitqtes
1201 3239 1295 3299 dilau-

69 3338 142 3409 det,
181 3336 325 3406 ustitiam,
347 3333 566 3408 fortitudinem,
589 3336 777 3416 sapientiam,
798 3337 1031 3416 temperantiam,
1053 3337 1147 3410 belle,
1176 3339 1295 3413 festive,

70 3433 203 3495 subinde
228 3433 354 3507 ironice,
376 3431 427 3490 sed
446 3433 485 3490 ita
505 3447 618 3506 tamen,
642 3448 672 3492 ut
689 3455 746 3492 esse
765 3433 870 3493 efficiat
888 3455 1008 3492 amorem
1029 3437 1151 3494 Deorum
1169 3438 1296 3495 omnium

69 3528 228 3593 καλλίστσν
242 3522 305 3608 ἅμα
323 3528 370 3589 aul
389 3524 515 3607 ἄριστον.
535 3530 591 3589 Sed
611 3529 662 3588 ille
681 3532 797 3610 quidem
807 3533 876 3591 haec
887 3532 1012 3606 leviter,
1023 3546 1054 3590 ut
1064 3539 1197 3612 poeta,ct
1206 3535 1296 3594 multo

72 3654 143 3694 cum
158 3635 234 3711 joco.
275 3631 355 3690 Serio
373 3652 440 3689 vero
458 3629 609 3689 contendit
634 3627 778 3701 Socrates,
807 3630 838 3688 id
866 3629 957 3688 solum
981 3651 1039 3688 esse
1058 3631 1199 3706 amabile,
1219 3635 1296 3712 quod

74 3732 218 3814 optimum
238 3731 274 3788 sit
292 3745 320 3788 et
343 3751 408 3787 cum
431 3730 547 3790 virtute·
561 3727 764 3802 conjunctum:
787 3748 839 3784 nec
859 3729 977 3786 formam
1001 3749 1198 3810 compensare,
1219 3733 1296 3810 quod

74 3830 175 3889 animo
201 3827 292 3902 desit,
329 3841 524 3912 contravero
551 3824 684 3906 pulcrum
713 3825 843 3882 animum'
869 3825 918 3883 sud
941 3827 1032 3906 ipsum
1062 3829 1168 3888 virtute
1195 3850 1296 3908 corpus

77 3925 193 3985 efficere
217 3946 301 4003 quam
325 3925 539 4005 pulcerrimum.
580 3916 661 3999 Ἐμοὶ
684 3917 740 3999 μὲν
764 3916 820 4003 γάρ
843 3918 878 3982 mi
900 3920 1044 4003 φαίνεται,
1067 3922 1086 3985 ii
1107 3920 1143 3984 ἄν
1162 3920 1296 4007 χρηστόν

74 4017 98 4109 ᾗ
125 4022 232 4100 σῶμα,
260 4021 346 4082 τοῦτο
374 4022 415 4107 τῇ
440 4015 532 4082 αὐτοῦ
556 4017 649 4108 σῖρετῇ
673 4018 778 4105 ψυχήν
805 4019 924 4106 ἀγαθήν
945 4030 1052 4100 ποιεῖν,
1079 4021 1151 4086 dato*
1177 4023 1297 4087 τούναν-

111 4251 137 4316 1)
160 4254 282 4321 Debeqp.
301 4254 330 4305 ll.
350 4253 407 4304 667.
429 4254 458 4304 Β
477 4252 581 4304 -669,
599 4254 627 4303 Β.

111 4337 137 4401 2)
155 4340 273 4406 Xenoph
291 4341 362 4391 Mem.
380 4339 420 4390 lll.
437 4339 462 4390 8.
482 4339 505 4389 5

112 4422 138 4488 3)
158 4425 231 4476 llum.
255 4427 339 4491 odyss
358 4425 387 4475 ll
400 4419 473 4475 279.
493 4424 585 4504 quod
578 4441 635 4491 ipse
651 4427 785 4491 usurpavit
804 4393 875 4476 Plato
890 4426 988 4493 Ρνσισρ
1005 4425 1063 4477 909.
1082 4427 1111 4477 Β
