2796 5048
665 209 687 268 9

61 383 158 432 orator
185 368 239 431 ille
267 368 396 431 ditium
424 369 559 444 Mamm,
579 369 694 448 iuquit,
723 368 895 450 negotium!
920 389 992 429 nom
1008 375 1142 428 mnium
1156 374 1216 428 iate
1241 369 1289 428 do·

62 492 217 547 enaim
237 486 410 561 diuidua,
429 493 489 544 ima
513 493 681 544 murtrum
699 484 891 545 Monte.
927 481 1013 560 Quod
1031 481 1157 543 hominia
1174 481 1287 545 &turn

59 620 114 662 noe
126 620 227 661 amnes
242 601 383 661 continuo
399 599 585 675 advertebat,
605 599 678 659 mihi
694 613 790 660 autem
803 618 887 683 raepe
904 599 938 658 in
951 612 1074 659 mentem
1092 597 1185 674 redit,
1197 619 1287 678 quam

59 715 111 778 vel
124 704 166 777 de
184 688 432 796 wyttenbachio,
447 715 496 779 vel
514 715 552 776 de
571 736 639 776 vera
656 728 686 775 et
699 713 862 776 eruditione
879 727 910 774 et
928 713 992 793 eloq
1108 733 1200 775 termo
1215 727 1267 774 eat.

99 829 161 891 Sed
189 844 222 890 nt
247 831 337 891 oratio
356 831 414 892 viri
440 830 583 891 resuehat
600 829 686 911 plane
708 831 877 891 Latinouum
903 702 1091 937 melaz
1100 829 1287 910 scriptorum,

56 958 158 1007 tamen
174 964 235 1005 non
252 958 311 1007 tota
324 965 361 1005 ex
378 945 457 1006 hisce
474 959 535 1007 erat
550 944 639 1005 ducta
657 957 687 1006 et
700 965 842 1027 expressa.
873 944 909 1005 ld
927 964 987 1003 non
1002 940 1112 1003 ferebat
1126 942 1288 1003 studiorum

57 1059 155 1136 ratio,
169 1080 259 1147 quam
281 1059 321 1119 ab
347 1060 433 1120 initio
457 1060 632 1120 instituerat.
670 1059 742 1120 Nam
769 1073 938 1139 anteaquam
963 1056 1002 1117 ad
1027 1058 1178 1139 scriptore·
1203 1057 1289 1117 hoece

57 1174 199 1248 accesit,
217 1173 328 1234 adierat
350 1173 605 1255 deguaueeratque
623 1175 734 1251 lontm,
754 1174 893 1254 equibus
911 1172 943 1232 hi
962 1173 1019 1255 ipai
1035 1190 1085 1231 ora
1103 1172 1291 1252 rigaverant,

57 1288 170 1349 Atticos
196 1288 319 1347 maxime
346 1301 374 1347 et
401 1286 572 1365 Socraucoa,
732 1309 814 1348 enen
823 1333 833 1364 ,
858 1285 1099 1368 Xenophontem,
1127 1286 1287 1346 Platonem.

18 1465 22 1472 ,
55 1401 136 1463 Sunt
150 1403 205 1482 qui
227 1403 331 1462 latine
351 1404 392 1462 sic
407 1401 537 1464 scribent
555 1417 586 1464 et
596 1289 780 1484 mur,
801 1418 834 1464 ut
854 1414 1037 1464 oecurrente
1128 1472 1131 1479 Ι
1166 1401 1286 1482 uestigia

55 1492 121 1578 uvi
146 1516 282 1598 rapu,
302 1519 365 1580 ave
390 1498 555 1595 maman,
574 1520 643 1582 ava.
661 1520 739 1582 uva
761 1530 813 1580 aa
840 1517 952 1593 rare,
972 1399 1169 1617 qaam
1195 1515 1286 1577 uiam

55 1632 184 1693 maine
197 1633 286 1693 acenti
300 1633 370 1693 tint
399 1632 459 1693 Sed
472 1632 523 1692 ille
538 1604 646 1695 Graece
659 1635 818 1716 cogitabat:
840 1647 941 1716 sponte
954 1633 996 1692 sic
1010 1632 1072 1711 ejus
1084 1652 1178 1692 termo
1189 1629 1286 1692 Xeno·

54 1745 333 1828 plantantem,
359 1761 392 1807 ut
417 1748 474 1809 tuit
498 1749 634 1830 Nepotia,
656 1763 688 1811 et
714 1749 897 1825 Platonicus,
925 1761 959 1808 nt
990 1767 1201 1826 nonuunquam
1227 1747 1287 1808 tuit

52 1862 215 1924 Ciceronis.
254 1862 333 1921 Hinc
351 1861 430 1922 color
446 1860 516 1938 ille,
538 1877 570 1922 ut
587 1864 628 1923 ita
648 1863 761 1938 dicam,
781 1863 925 1938 Graecus,
944 1863 996 1942 qni
1015 1876 1048 1922 ut
1067 1862 1240 1922 dominatae·
1251 1863 1286 1921 in

54 1972 169 2049 Latffl'a
186 1975 372 2057 scriptoribus
386 1977 536 2056 antiquis,
557 1979 597 2037 ita
605 1969 708 2060 placet,
718 1979 751 2038 in
768 1977 989 2058 wyttenbachii
1006 1978 1143 2037 oratione.
1174 1976 1209 2038 Id
1226 1998 1285 2037 on-

55 2112 108 2152 nee
126 2090 358 2153 animadvertere
370 2105 489 2172 poscunt
501 2092 535 2152 in
552 2093 611 2154 viri
625 2093 757 2174 scriptia,
777 2112 829 2174 ego
847 2106 942 2154 auten
960 2110 1043 2173 caepe
1061 2092 1181 2150 miratur
1202 2109 1285 2167 urna,

52 2186 150 2286 quani
164 2206 199 2265 in
213 2204 321 2267 echolia
338 2221 493 2289 exponeret
509 2206 623 2287 aliquid
639 2206 688 2269 vel
703 2221 850 2285 narraret,
876 2204 1066 2268 confabulans
1094 2206 1154 2266 iere
1183 2205 1288 2266 nobie-

54 2341 123 2381 eam
140 2321 315 2382 suauisnme.
344 2322 455 2382 Atticus
468 2322 556 2404 plane
575 2343 665 2383 sermo
681 2337 743 2383 erat
752 2368 761 2398 ,
781 2344 841 2384 non
865 2323 969 2383 ductus
986 2341 1024 2381 ex
1040 2321 1144 2383 launo
1156 2320 1287 2402 'quodim

53 2447 190 2510 auctore,
214 2434 266 2495 aed
277 2435 390 2517 spirans
404 2435 577 2497 Socraticam
589 2437 758 2498 suavitatem
767 2483 776 2513 ,
785 2438 925 2520 leporem,
939 2438 1070 2512 facetiae,
1090 2438 1169 2496 utin
1187 2436 1287 2498 lieno·-

55 2548 176 2630 phontir
190 2550 315 2609 occurrit
331 2550 578 2613 Memorabilibuo.
612 2551 721 2613 Graece
738 2552 882 2612 scribebat
899 2551 1016 2627 eldam,
1035 2552 1060 2611 ti
1079 2572 1140 2613 non
1157 2551 1290 2611 facilita—

55 2677 104 2738 te,
121 2677 199 2723 certe
219 2663 359 2744 elegantil
378 2679 405 2725 et
423 2667 566 2747 puritate,
586 2686 643 2745 qua
661 2666 772 2726 Latine.
810 2665 896 2741 Quod
915 2665 979 2726 vidi
998 2666 1031 2724 in
1049 2666 1177 2747 epistolis
1198 2665 1284 2726 Grae·

55 2778 117 2854 cia,
133 2796 207 2858 quas
226 2778 315 2839 animi
332 2800 432 2840 cauata
458 2779 582 2840 subinde
600 2779 639 2841 ad
657 2781 763 2841 amicat
787 2781 918 2863 scripsit:
938 2764 1112 2861 dolebatque
1129 2780 1293 2842 vehemen·

56 2904 120 2969 ter,
140 2913 158 2952 a
182 2893 291 2953 renatis
313 2893 382 2954 inde
411 2893 503 2955 literis
528 2874 669 2956 hadriam*
683 2895 829 2976 linguam,
853 2916 913 2956 non
936 2894 1092 2972 Graecam,
1118 2897 1151 2956 in
1173 2895 1293 2956 literata

57 3007 178 3069 eivitate
191 3021 333 3089 receptam
351 3008 449 3070 inisse.
474 3008 685 3071 Difficillimum
702 3012 780 3071 enim
799 3032 857 3070 rem
875 3031 934 3070 esce
943 3056 952 3086 ,
971 3011 1012 3070 cic
1029 3010 1152 3070 snubere
1169 3011 1285 3088 Latine,

57 3135 89 3181 ut
107 3121 278 3203 tibimetipsi
296 3136 325 3182 et
341 3123 408 3183 aliie
426 3100 590 3185 crucicolas.
633 3125 719 3186 Haud
736 3125 853 3206 quidem
869 3125 966 3187 deesse
984 3125 1054 3185 huic
1070 3125 1187 3207 linguae
1203 3126 1285 3188 dotes

57 3235 144 3316 plane
165 3236 342 3316 singulm,
362 3241 497 3318 gratiam,
516 3241 756 3317 concinnitatem,
773 3243 950 3322 gravitatem.
979 3240 1059 3316 Quid
1077 3242 1154 3301 enim
1172 3243 1292 3302 Cicero·-

56 3350 102 3411 nie
120 3351 251 3432 epiatolia
267 3323 451 3432 elegaintiuel
478 3355 556 3430 Quid
576 3357 638 3434 ejus
655 3357 831 3417 orationibus
849 3357 964 3438 parius
982 3369 1012 3415 et
1028 3356 1281 3438 magnificentius?

56 3464 194 3546 Epistolia
212 3465 335 3527 illienil
352 3468 445 3529 simile
463 3470 645 3552 protulerunt
664 3492 790 3551 uuquam
808 3472 906 3532 literae
928 3471 1061 3532 Graecae.
1091 3470 1149 3530 Sed
1166 3469 1283 3547 deesse,

55 3581 89 3641 in
116 3581 224 3655 iotanae
244 3583 510 3661 commendatione,
531 3587 591 3648 uim
620 3587 802 3661 interiorem,
830 3587 959 3668 copiam,
987 3585 1153 3646 ubertatem.
1195 3585 1287 3647 Haud

56 3694 132 3756 ineat
162 3694 297 3776 linguae,
324 3696 459 3775 dicebat,
482 3699 682 3781 philosophia:
712 3714 742 3760 et
773 3721 871 3761 omnes
895 3715 965 3772 ¹sunt
987 3701 1116 3782 experti,
1145 3703 1196 3782 qui
1224 3702 1283 3761 laa-

55 3810 116 3870 tine
134 3809 308 3880 atuduerunt
325 3811 536 3895 philosophari,
554 3828 583 3874 et
606 3834 702 3896 reapse
724 3815 828 3897 probat
847 3817 910 3898 ipsa
931 3816 1045 3896 lingua,
1069 3837 1172 3877 nomen
1195 3818 1281 3898 quip-

55 3945 92 4006 pe
103 3924 307 4021 philosophiae
324 3927 445 3989 aliunde
464 3943 565 4006 nacta,
585 3932 702 4013 proprio
715 3951 824 3991 carena.
853 3932 895 3992 Eo
912 3951 981 3993 tero
995 3933 1082 4012 magis
1101 3930 1133 3991 id
1146 3929 1287 3990 omnibus..

52 4039 214 4120 agendum,
233 4041 335 4119 quiin
355 4043 447 4105 literis
465 4046 560 4124 velint
575 4044 716 4105 excellere
726 4091 735 4121 ,
755 4058 787 4106 ut
805 4046 960 4107 aGraecis
974 4046 1139 4121 ordiantur,
1159 4047 1192 4105 in
1210 4046 1289 4127 qui-›-

54 4154 109 4218 hue
124 4151 287 4237 φιλοσοφία
303 4169 333 4219 et
355 4161 470 4221 nomine
485 4174 515 4220 et
529 4182 560 4220 re
578 4175 687 4236 exstat,
711 4174 739 4221 et
762 4175 910 4244 praeparat
929 4162 1039 4222 animoa
1056 4161 1094 4221 ad
1112 4163 1277 4223 Latinarum

54 4273 182 4335 ttudintn
199 4272 364 4351 literarum,
384 4275 440 4336 imo
463 4275 502 4338 ad
521 4275 617 4337 uullao
639 4296 699 4336 non
721 4289 796 4336 artes
813 4298 847 4337 ac
864 4278 1010 4339 doctrinas
1029 4290 1057 4337 et
1075 4276 1160 4336 facile
1175 4265 1287 4360 perci?

55 4388 174 4481 piendp
191 4404 220 4450 et
239 4404 353 4451 attenua
374 4391 583 4472 provehendae.
599 4426 633 4441 -·
646 4393 724 4453 llaec
742 4391 1003 4473 Wyttenbachiua:
1023 4392 1074 4470 qui
1093 4412 1179 4468 saue,
1196 4393 1279 4474 quod
