2774 5048
672 269 730 327 232
799 302 802 315 ·

94 432 225 507 lestium,
245 451 301 510 qua
327 432 359 489 in
382 450 466 488 cursu
484 429 522 488 ad
543 429 612 487 haec
633 430 775 488 accedunt
794 426 978 486 identidem?
1009 423 1102 481 Mirer
1121 420 1293 505 equidem

93 536 288 603 astronomus,
317 528 363 586 his
389 527 471 585 lectis
501 525 629 585 Platonis
656 528 827 600 sententiis,
859 546 919 584 non
948 522 1123 600 descriptam
1146 510 1178 577 ¹sc
1206 516 1295 589 vidiae

93 640 174 708 putet
200 625 369 690 studiorum,
382 644 497 683 sucrum
516 624 676 699 rationem,
696 645 749 682 nee
769 622 944 681 desiderasse
963 618 1141 698 quidquam,
1160 606 1220 677 nisi
1234 614 1296 695 alge·

94 724 161 783 brae
189 736 290 797 notas,
320 721 425 800 quibus
448 741 500 779 nos
528 742 610 781 veros
638 743 788 795 numeros,
815 741 897 780 veras
925 717 1048 797 figuras,
1070 736 1169 777 veram
1186 718 1296 773 momen

93 822 249 894 rationem,
278 820 506 896 celeritatemque
533 830 561 876 ct
587 818 770 889 tarditatem,
801 818 875 890 alia,
906 815 1037 875 nondum
1065 813 1151 873 nobis
1181 811 1296 891 cognite,

96 917 145 977 sed
171 917 368 999 exploranda,
399 916 597 995 exprimimus.
645 915 704 977 Sed
731 917 806 997 legat
832 917 857 973 is
886 914 982 973 locum
1009 911 1158 985 Platonis,
1186 910 1232 969 bis
1250 909 1297 987 jen

97 1015 271 1094 descriptum
289 1012 401 1095 nobis,
421 1011 473 1070 sed
490 1013 608 1071 tertium
624 1014 859 1086 memorandum,
880 1033 936 1091 quo
953 1024 1147 1071 astronomum
1166 1005 1297 1085 exquirere

94 1114 187 1191 jussit¹
204 1105 238 1171 ed
265 1104 300 1171 riv
325 1103 433 1189 τάχος,
459 1104 514 1189 τήν
539 1101 629 1170 οὖσαν
652 1112 826 1191 βραδυτῆτα
848 1109 880 1171 e'v
900 1110 943 1195 τῷ
963 1104 1101 1193 ἀληθινῷ
1120 1100 1245 1188 ἀριθμῷ
1260 1098 1301 1163 aad

97 1212 167 1272 πᾶσι
187 1216 248 1286 τοῖς
268 1205 396 1292 ἀληθέσι
418 1204 560 1291 σχήμασι.
603 1216 760 1288 iteramus,
789 1212 868 1293 quod
894 1199 1040 1272 diximus:
1064 1231 1135 1269 ,non
1152 1207 1223 1267 fecit
1264 1204 1279 1291 'f

98 1314 167 1375 adeo
193 1314 342 1373 inchoavit
368 1312 469 1388 Plato,
489 1334 561 1391 quae
578 1313 737 1371 recentiore
754 1324 845 1371 aetate
865 1310 1019 1369 astronomi
1038 1310 1240 1389 perfecerunt3
1257 1298 1295 1361 sbi

98 1413 227 1492 quamvis
252 1411 304 1470 ille
330 1410 368 1469 ad
395 1408 557 1470 acuendum
580 1412 613 1469 in
631 1411 731 1490 primis
749 1410 898 1488 ingenium
913 1423 972 1468 tam
990 1408 1192 1467 astronomiam
1201 1449 1211 1479 ,
1228 1416 1294 1481 qum

99 1511 290 1590 geometriam,
303 1507 482 1567 tractandam
501 1521 647 1580 censeret,
666 1507 739 1566 illuc
760 1526 843 1581 eum,
863 1528 920 1585 quo
937 1505 1075 1580 ardebat,
1095 1506 1216 1586 perfecti
1234 1492 1294 1565 veri·¹

99 1628 154 1686 qne
182 1626 259 1665 amor
281 1604 433 1688 piovexit,
463 1619 494 1664 ut
522 1627 618 1666 veram
644 1605 831 1664 astronomiae
850 1605 1028 1678 doctrinam,
1049 1603 1192 1662 siminus
1205 1600 1293 1683 perepi-

100 1718 175 1764 ceret
201 1703 426 1783 quodammodo,
456 1717 531 1762 certe
546 1703 713 1779 ,conjiceret
742 1715 770 1761 et
790 1703 1006 1762 vaticinaretur.
1031 1700 1060 1781 1)
1101 1702 1210 1762 Verum
1226 1700 1293 1777 hujet

101 1801 142 1859 rei
170 1800 381 1882 diligentiorem
408 1800 637 1880 disquisitionem
666 1822 726 1859 non
744 1801 821 1880 capit
839 1801 886 1859 hic
906 1800 996 1861 locus.
1036 1799 1118 1860 Illud
1134 1784 1293 1860 animad'rer

101 1866 234 2057 ten*
265 1899 426 1959 discessisse
452 1901 485 1958 in
509 1900 555 1957 his
574 1897 707 1957 omnibus
726 1898 873 1957 Platonem
892 1921 908 1958 a
927 1900 995 1959 trita
1015 1899 1081 1973 via,
1102 1920 1157 1978 qua
1177 1893 1293 1978 procede·

101 1995 184 2056 bant'
212 2003 258 2057 ere
285 1998 376 2078 ipsius
403 2011 493 2055 aetate
521 2009 696 2076 geometrae,
724 1997 897 2070 astronomi,
918 1996 965 2055 illi
985 1998 1087 2071 etiam,
1107 2000 1159 2076 qui
1179 2000 1293 2059 musicen

101 2095 162 2155 eive
190 2096 367 2154 harmoniam
394 2095 427 2153 in
455 2094 656 2153 astronomiam
685 2107 712 2152 ct
739 2095 886 2174 physicam
914 2095 1114 2154 traducebant.
1155 2096 1239 2157 Suum
1255 2095 1297 2155 ille¹

103 2190 110 2205 '
154 2186 174 2271 ’ζ
191 2192 432 2273 persequebatur,
460 2213 565 2250 aarum
596 2205 727 2271 spectans
760 2192 870 2267 solum,
901 2192 979 2271 quod
1005 2194 1117 2271 assequi
1144 2190 1293 2253 incredibili

180 2308 197 2346 o
224 2288 385 2396 nitebatur,
415 2287 639 2396 despiciensque
659 2308 695 2346 ex
722 2287 794 2362 illa,
824 2311 908 2367 quam
934 2291 1083 2370 attigerat,
1104 2312 1170 2349 arce
1186 2291 1294 2352 homines

3 2448 14 2463 ι,
100 2385 217 2460 inanes,
236 2385 335 2444 inania
353 2398 569 2460 consectantes,
590 2385 640 2464 qui
660 2385 693 2443 in
712 2386 857 2461 numeris,
877 2388 910 2445 in
929 2386 1027 2466 liguris
1046 2386 1213 2463 haererent
1231 2386 1313 2447 dne*

3 2542 7 2549 ,
101 2502 218 2560 sumque
240 2502 406 2544 conversam
425 2498 548 2544 mentem
566 2482 724 2557 haberent,
745 2497 806 2542 tum
825 2485 929 2559 etiam,
950 2484 1001 2542 ubi
1018 2484 1055 2543 de
1074 2486 1158 2545 astris
1175 2434 1300 2564 rebusque·

101 2579 272 2640 sublimibus
291 2593 428 2660 ageretur.

549 2777 604 2835 De
635 2779 864 2836 horreariis.

141 2950 225 3031 Tales
253 2985 334 3030 erant
361 2970 530 3033 harmonici.
547 2972 688 3047 maxime,
710 2974 742 3031 in
761 2972 944 3052 Pythagoreis
963 2974 1134 3051 frequentes.
1176 2970 1296 3035 colena

100 3068 146 3127 illi
175 3068 377 3155 disciplinam,
408 3068 525 3126 minime
554 3068 667 3128 Platoni
695 3069 902 3150 improbatam,
925 3069 1039 3129 dicebat
1066 3071 1116 3129 hic
1138 3071 1296 3132 harmcmel

100 3184 158 3225 esse
184 3167 370 3226 astronomiae
391 3158 597 3247 ἀντίστροφον·
621 3166 689 3228 huic
718 3170 795 3227 enim
824 3168 864 3226 sic
889 3188 971 3226 aures
992 3188 1051 3226 esse
1075 3168 1296 3239 accommodam,

100 3276 131 3321 ut
150 3263 225 3322 oculi
256 3276 323 3322 sunt
349 3269 544 3327 astronomiae.
585 3266 643 3327 Sed
671 3265 785 3325 ridebat
814 3286 889 3325 vana
918 3265 1036 3324 istorum
1061 3265 1177 3341 studia,
1208 3266 1297 3347 quippt

98 3361 148 3439 qui
160 3361 245 3441 ipsos
258 3361 439 3422 attenderent
457 3365 490 3426 in
508 3365 616 3425 fidibus
634 3386 716 3424 sonos
726 3409 735 3438 ,
757 3383 858 3442 eosque
876 3363 1024 3422 metientes
1038 3362 1158 3423 auribus
1176 3364 1296 3437 admotis,

98 3460 179 3536 quasi
204 3480 221 3520 a
248 3459 353 3521 vicinis
383 3482 466 3523 voces
493 3464 676 3547 percepturi:
700 3462 864 3521 dicentibus
891 3461 975 3535 aliis,
996 3481 1025 3519 se
1051 3462 1084 3521 in
1103 3461 1198 3523 medio
1215 3460 1296 3523 auda

98 3577 199 3616 sonum
226 3556 387 3636 quendam,
417 3575 446 3620 ct
472 3582 530 3620 esse
558 3563 636 3621 hunc
675 3561 847 3634 minimum,
877 3581 935 3638 quo
961 3561 998 3618 sit
1024 3557 1218 3621 metiendumt
1244 3554 1298 3615 aliis

98 3653 318 3731 dubitantibus,
338 3658 444 3738 quippe
466 3660 559 3719 simile
580 3679 698 3718 sonare:
721 3658 865 3736 utrisque,
888 3659 928 3715 ait
946 3657 1075 3731 Glauco,
1099 3648 1164 3719 cim
1186 3656 1239 3731 enai
1257 3648 1296 3715 eti
1329 3690 1334 3701 ·

97 3749 381 3833 προστησαμένοις,.
390 3766 486 3817 merati
512 3758 764 3836 praeponentibus
789 3778 889 3815 curer.
911 3755 942 3836 2)
983 3757 1067 3819 Vidit
1094 3774 1172 3819 actas
1199 3771 1294 3825 nome

131 4007 155 4072 l)
175 4008 250 4069 cuod
270 4009 302 4061 de
316 4010 427 4067 Arabum
445 4013 556 4063 inventis
576 4011 616 4061 hle
632 4011 699 4073 dixi
718 4028 770 4061 nen
796 4012 830 4061 ita
852 4011 1048 4077 accipiendum,
1068 4014 1140 4081 quasi
1156 4015 1291 4081 ipsumam·

98 4095 200 4160 lytieam
218 4095 417 4161 arithmeticam,
448 4114 521 4165 quam
539 4098 618 4166 vulgo
638 4096 767 4166 algebram
791 4112 930 4158 vocamus,
956 4098 989 4146 iis
1007 4096 1131 4149 tribuam:
1161 4098 1289 4148 invectat¹

100 4180 202 4233 vident
221 4195 237 4231 a
254 4179 400 4247 Diophanto
416 4182 607 4245 Alexandriam
627 4183 674 4235 scd
689 4192 759 4233 cotes
777 4181 920 4248 significavi
936 4182 1111 4250 algcbralcas,
1130 4197 1231 4251 querum
1245 4168 1288 4240 llil

98 4264 330 4335 cuqlfflmthmetica
348 4274 373 4317 et
391 4270 532 4335 geometria
552 4268 733 4332 conjunctione
752 4268 858 4317 maxime
874 4266 937 4318 haec
956 4268 1093 4335 disciplina
1108 4269 1139 4322 ud
1156 4264 1286 4320 torrettmt·

83 4338 252 4403 invenienda
268 4361 326 4417 apta
343 4352 470 4402 estfacta.
491 4353 546 4403 Vid.
566 4353 665 4403 Rulrnk.
685 4356 773 4422 opusc.
793 4353 811 4400 1.
831 4349 888 4400 103

130 4432 156 4498 2)
175 4435 287 4509 Deliep7
307 4436 356 4486 Vll.
376 4435 432 4487 530.
452 4437 481 4487 l).
501 4437 530 4488 E.
549 4437 605 4488 531.
625 4438 655 4488 h.
