2774 5048
624 230 788 336 ποτ’

76 438 132 498 ιιι
154 437 357 515 facillimoque
384 435 505 517 syrianis
525 444 601 496 reae
621 434 751 514 ωηο,
772 435 804 492 an
823 412 889 493 llas
907 432 1001 493 artem
1021 434 1143 516 syrnia
1158 435 1269 497 ειιιιιι

75 558 112 596 nee
131 537 234 615 assequi
262 544 291 596 'et
319 534 484 594 dubitando
513 533 738 613 haesitandoque
769 532 844 593 falli.
892 534 971 607 Quae
998 534 1086 613 igitur
1112 533 1271 610 facillima,

74 654 126 713 pre
144 635 316 717 pulcerrima
345 634 418 693 ratio
439 647 497 708 est,
518 655 573 713 qua
593 654 639 692 eos
656 632 694 692 ad
711 632 797 705 illas,
817 653 887 711 quas
907 632 1036 692 nondum
1056 647 1276 713 cognoverunt,

74 732 246 794 diseamus?
272 734 375 791 Nonne
404 732 474 791 haee
505 735 569 792 est?
601 724 768 812 Ἀναγαγεῖν
792 728 911 810 πρῶτον
937 725 982 789 ἐπ’
1007 728 1100 793 ἐκεῖνα
1126 734 1271 811 στοιχεῖα,

74 822 144 906 hoie
161 823 256 892 audrei
276 830 370 891 ταῦτα
392 824 499 913 ὀρθῶς
521 824 677 906 ἐδόξαζον·
701 825 899 913 ἀναγαγόντας
920 828 969 908 δὲ,
994 827 1111 894 τιθέναι
1132 828 1214 914 nopai
1232 828 1270 895 τά

73 925 137 1015 pinu
160 925 395 1015 γιγνωσκόμενα·
422 931 470 994 καί
500 929 758 1013 παραβάλλοντας,
781 929 954 996 ἐνδεικνύναι
974 929 1031 1016 τήν
1051 930 1144 1017 αὐτήν
1166 929 1269 1016 ὁμοιό-

72 1054 123 1117 tpu
148 1035 197 1096 καὶ
228 1028 316 1116 φύσιν
347 1033 379 1095 ἐν
409 1029 592 1115 ἀμφοτέρως
618 1031 709 1099 οὖσαν
737 1036 930 1116 σιίμπλοκιιΐς·
960 1031 1106 1119 μέχριπερ
1136 1032 1173 1098 ἀν
1199 1039 1272 1099 πᾶσι

75 1138 113 1213 τίς
130 1132 332 1220 ἀγνοουμένοις
354 1131 392 1199 τά
416 1131 603 1216 δοξαζόμενα
628 1135 755 1221 ἀληθῶς
782 1134 1007 1218 παρατιθέμενα
1032 1140 1164 1226 δειχθῇ·
1189 1143 1272 1222 δειχ-

75 1232 205 1315 theate,
230 1235 455 1321 παραδείγμαθ’
474 1234 568 1315 οὕτως
589 1237 756 1324 γιγνόμενα,
777 1237 888 1328 ποιήσῃ
907 1243 968 1304 τοῖν
987 1241 1139 1323 στοιχείων
1153 1234 1307 1365 ἕκαστον.

63 1334 160 1415 ,οὖσαν
178 1338 211 1405 iv
234 1336 341 1417 πάσαις
367 1345 432 1417 ταῖς
453 1344 622 1423 συλλαβαῖς,
649 1340 685 1406 rei
711 1340 767 1425 μὲν
789 1341 899 1424 ἕτερον,
924 1339 965 1419 ὠς
982 1347 1042 1406 τῶν
1063 1338 1159 1406 ἀλλων
1175 1343 1273 1425 ἕτερον

72 1434 104 1503 εἰ·
122 1441 155 1506 τιν’
182 1442 219 1507 δὲ
237 1439 360 1519 ταοτάν,
388 1439 428 1519 οἷς
452 1441 562 1507 ταοτδν
587 1442 632 1507 ἀεὶ
654 1442 728 1509 κατά
751 1443 845 1508 suvrei
870 1442 967 1530 ἕαοτῷ
987 1443 1272 1530 προσαγορεύεσθαι·

71 1548 166 1608 duero
194 1573 240 1609 eos
262 1556 400 1626 patmum
420 1551 460 1607 od
476 1551 550 1609 illua
568 1552 694 1627 literas,
715 1559 750 1608 iu
773 1554 879 1630 quibua
899 1553 970 1609 hoec
991 1554 1090 1611 eodem
1109 1563 1189 1610 recte
1208 1560 1272 1630 opi-

70 1655 119 1705 uit
135 1652 281 1724 ficerunt:
314 1650 526 1726 educeutospue
559 1670 706 1727 opponere
738 1651 786 1708 hia
815 1651 916 1709 litoris
941 1672 1010 1723 oua,
1041 1673 1121 1729 quoa¹
1142 1654 1272 1710 nondum

68 1764 90 1803 ιι
121 1754 251 1821 crerint,
282 1758 334 1821 ut,
367 1749 583 1824 comparando,
614 1756 647 1806 in
677 1756 815 1827 utrisque
835 1750 1023 1807 ostendamus
1043 1751 1165 1808 eundem
1185 1758 1273 1809 aimi-

110 1846 202 1911 ds'uom
231 1860 276 1904 oc¹
297 1856 461 1918 naturum,
490 1847 578 1904 donoc
611 1850 764 1921 omnibus,
797 1869 872 1926 ροισι
900 1850 1029 1906 ιιοιιδααι
1054 1859 1270 1930 coguoverunt,

66 1940 134 2018 ίίίιι,
162 1966 238 2024 quae
258 1951 330 2022 jum
356 1950 491 2022 opinione
521 1954 653 2004 assecuti
672 1957 761 2020 aunt,
783 1955 954 2025 oppositae,
975 1956 1107 2005 ostensae
1124 1949 1271 2024 illiesue·

65 2048 131 2103 aar:
160 2054 292 2103 ostensae
311 2044 427 2100 scilicet
445 2043 514 2117 ίιοι,
536 2051 644 2122 quippo
665 2067 740 2123 quoe
772 2047 956 2123 exemplu
986 2058 1078 2103 eruut
1097 2048 1136 2104 od
1152 2053 1271 2126 ignotos

65 2144 276 2221 θοροοιοιιιιίιιι,
298 2142 448 2220 efficient,
470 2151 506 2199 ut
526 2150 659 2200 omnium
679 2145 842 2202 literarum
864 2154 1157 2223 unamquamquam
1175 2153 1272 2203 omui-

64 2232 105 2296 ltu
129 2242 268 2319 ayllobis,
299 2248 326 2298 si
356 2242 475 2299 diverso
503 2252 565 2316 eat,
588 2253 734 2321 tauquam
755 2266 773 2300 u
791 2251 920 2302 coetero
941 2245 1108 2318 diuersam,
1129 2251 1156 2303 αι’
1172 2245 1272 2302 eudem

64 2344 112 2411 ut,
131 2351 274 2419 tanquam
288 2340 418 2406 ,eandem
440 2341 552 2418 sibique
576 2352 761 2401 constantem
779 2326 992 2420 priuuucient.
1034 2341 1080 2402 Sic
1101 2343 1184 2423 pueri
1205 2341 1273 2400 lite-

64 2448 98 2493 τοι
112 2437 240 2510 discunt,
263 2439 348 2496 etsie
368 2438 480 2497 exsistit
499 2440 682 2521 exemplum,
703 2463 811 2521 quum,
832 2440 911 2520 quod
932 2441 1007 2500 idem
1029 2455 1071 2500 est
1088 2441 1120 2500 in
1135 2441 1272 2500 alterutro

61 2524 173 2607 sejuncto
184 2583 191 2609 ,
224 2522 299 2594 recta
320 2536 458 2616 opinione
480 2552 670 2619 conceptum,
691 2539 745 2598 hoe
767 2542 881 2620 utrique
901 2540 1163 2613 accommodatum,
1186 2559 1272 2597 unam

62 2632 192 2693 amborum
220 2635 410 2693 communiter
439 2648 545 2693 rectam
574 2637 740 2717 opinionem
761 2639 848 2718 parit.
895 2640 974 2712 Quae
993 2659 1057 2696 cnm
1078 2637 1117 2695 ita
1138 2637 1214 2710 sint,
1236 2635 1272 2695 ad

60 2733 215 2813 resignatas
236 2731 447 2812 cognoscendas
467 2733 607 2814 exemplis
626 2735 753 2809 utimur,
775 2749 802 2794 et
824 2735 893 2817 ipsis
914 2735 1072 2817 exemplis,
1092 2755 1149 2813 quo
1168 2735 1273 2794 rectius

59 2818 267 2911 intelligantur,
299 2830 429 2911 exempla
458 2831 629 2890 adhibemus
657 2853 692 2890 ex
722 2833 885 2894 minoribus
915 2833 1000 2893 etiam
1029 2831 1133 2905 rebus,
1160 2846 1210 2906 ut,
1231 2833 1272 2891 sic

57 2930 195 2999 patefactis
223 2928 327 3004 rebus,
357 2921 437 3010 ὕπαρ
476 2923 538 2990 ἀντ’
568 2923 735 3012 ὀνείρατος,
776 2952 828 3013 pro
856 2932 966 2992 somnio
996 2931 1146 2992 veritatem
1171 2952 1273 2991 eonse-

55 3034 197 3103 quamam)
227 3027 255 3110 l)

88 3124 160 3188 Haec
182 3149 249 3186 sane
269 3127 424 3210 diligenter
444 3129 618 3206 attendisse,
647 3132 669 3190 si
690 3132 813 3191 interius
831 3131 954 3190 velimus
974 3127 1146 3189 Socraticam
1166 3128 1272 3187 metho-

55 3209 121 3282 dum
140 3227 318 3306 perspicere,
350 3250 409 3287 non
438 3228 558 3309 pigebit.
601 3229 659 3290 Sed
686 3244 765 3311 patet
791 3231 830 3290 ita
851 3227 1052 3307 nobis,„quod
1070 3227 1185 3309 proprie
1203 3226 1272 3287 hine

56 3316 231 3384 efficiendum
267 3327 322 3384 rati
360 3348 476 3403 sumus,
506 3350 571 3387 cum
599 3328 735 3388 methodo
765 3328 817 3388 illa
846 3328 926 3409 apud
955 3328 1101 3386 Platonem
1129 3327 1272 3405 unolyu'n

55 3422 229 3499 cttrjunctam
254 3445 331 3498 esse,
360 3423 436 3483 hane
466 3441 559 3487 autem
591 3427 726 3485 similiter
754 3447 806 3507 per
834 3426 967 3506 exempla
995 3423 1157 3505 procedere.
1198 3424 1273 3483 Sunt

55 3525 114 3578 Vero
141 3521 225 3581 nobis
252 3521 308 3580 alia
337 3523 422 3580 etiam
453 3539 480 3583 et
503 3547 587 3604 quam
616 3524 741 3605 plurima
761 3546 797 3582 ex
817 3523 919 3583 iisdem
940 3522 1063 3602 hospitis
1081 3523 1112 3581 in
1131 3523 1272 3600 Sophiste

55 3619 239 3693 moenibus,
276 3619 313 3678 ad
349 3619 508 3682 Socraticae
542 3622 624 3681 illins
659 3623 839 3682 inductionis
869 3622 1008 3680 rationem
1038 3621 1271 3707 percipiendam,

55 3713 311 3778 animadvertenda.
336 3719 372 3777 Et
391 3720 515 3799 primum
537 3720 654 3798 quidem
679 3720 855 3779 hilaritatem
876 3717 1075 3792 attendamus,
1097 3741 1168 3799 quae
1188 3721 1271 3780 nulla

55 3798 104 3872 fere
130 3830 170 3876 est
198 3817 230 3875 in
259 3819 449 3876 recentiorum
485 3819 731 3900 disputationibus
759 3817 938 3890 dialecticis,
971 3815 1022 3876 sed
1048 3839 1099 3898 per
1129 3840 1271 3877 sermones

55 3894 127 3973 l'osee
155 3914 345 3993 aequabiliter
374 3915 477 3975 diffusa
501 3930 553 3977 est.
596 3919 666 3976 Nam
686 3915 765 3996 quod
782 3917 814 3975 in
833 3914 985 3974 Socraticis
1003 3914 1131 3975 Platonis
1149 3915 1271 3994 dialogis

55 4016 243 4093 ltepenumero
272 4016 434 4089 cernimus,
457 4015 489 4074 in
509 4015 593 4074 rebus
615 4038 679 4074 eum
700 4015 781 4075 seriis
797 4016 863 4091 joco
884 4013 1009 4072 subinde
1028 4028 1063 4082 et¹
1075 4013 1187 4072 facetiis
1207 4013 1269 4087 uti,

55 4116 113 4175 [uae
140 4111 306 4171 exhilarant
337 4114 413 4172 inter
439 4112 593 4192 legendum
622 4114 768 4187 animum,
799 4132 852 4171 nec
880 4126 976 4171 tamen
1003 4124 1150 4169 accuratae
1175 4132 1269 4195 rernm

55 4190 237 4289 lisqujsitioni
265 4224 293 4268 et
318 4210 506 4290 explicationi
535 4210 680 4288 officiunt,
711 4210 742 4271 id
770 4212 802 4271 in
831 4210 931 4295 primis
959 4211 992 4268 in
1023 4208 1077 4267 hac
1096 4222 1154 4268 tota
1172 4207 1208 4269 de
1227 4231 1268 4269 so·

55 4296 134 4367 *histo
161 4307 371 4389 disceptatione
391 4308 619 4370 animadvertere
635 4311 712 4371 licet.
754 4308 927 4391 Exemplum
946 4302 1113 4388 piscatoris,
1134 4304 1269 4385 quod‘ad

1136 4394 1151 4421 ³

55 4417 296 4440 Q

78 4479 101 4547 ll
120 4484 216 4536 Polr'ts’e.
232 4483 292 4535 att.
313 4484 344 4536 E.
362 4484 421 4537 278
437 4485 469 4538 Α.
482 4484 511 4536 Β.
529 4484 560 4536 Ε.
