2774 5048
389 1212 462 1277 DE
515 1212 968 1293 VIRTUTIBU&

260 1437 399 1495 QUIBUS
423 1438 512 1485 tlrt
534 1438 736 1487 CONSTARE
758 1438 885 1487 utrm
908 1440 1087 1489 VIDETUR.

97 2133 210 2212 Peregit
253 2133 291 2190 ite
324 2131 425 2205 Plato,
464 2130 544 2210 quud
580 2131 679 2191 auimo
716 2145 899 2210 susceperat,
931 2144 963 2191 ut
991 2133 1148 2212 perfectam
1176 2133 1298 2214 fingeret

55 2231 222 2304 civitatem,
244 2250 301 2307 quo
319 2224 436 2288 facilius
456 2229 603 2308 explicare
625 2229 822 2306 quaestionem
837 2230 1044 2309 ¹gravissimum
1074 2230 1112 2289 de
1127 2231 1243 2309 justitia
1269 2246 1299 2291 et

55 2326 197 2386 felicitate
225 2327 335 2387 liceret.
376 2325 462 2400 Quod
491 2348 557 2387 curu
586 2327 707 2406 agebat,
738 2326 927 2407 praevidebat
955 2327 1060 2403 facile,
1082 2329 1195 2389 futuros
1221 2350 1298 2404 esso,

55 2426 107 2505 qui
137 2426 254 2484 inanem
281 2446 339 2484 esse
372 2425 504 2484 dicerent
523 2425 670 2485 fictionem
686 2425 783 2484 illam:
807 2447 873 2485 nam
895 2425 958 2485 steri
978 2448 1039 2486 non
1058 2448 1159 2508 posse,
1181 2441 1212 2485 ut
1232 2428 1298 2487 talis

55 2525 207 2583 exsisteret
223 2525 255 2582 in
279 2523 326 2582 his
354 2525 439 2582 terris
469 2521 643 2602 respublica.
686 2524 786 2601 Itaque
818 2523 1005 2584 Adimantum
1029 2525 1063 2583 in
1082 2525 1144 2585 iilis
1161 2527 1296 2593 sermoni·

55 2621 112 2680 bus
141 2621 195 2680 hoc
224 2623 318 2702 ipsum
347 2621 457 2681 Socrati
487 2619 673 2696 objicientem
701 2621 779 2681 fecit.
826 2642 840 2674 u
852 2622 895 2681 De
915 2621 1054 2693 caeteris,
1076 2623 1189 2700 inquit,
1213 2623 1298 2682 nobis

55 2718 144 2777 facile
174 2720 365 2799 persuaseris,
405 2721 542 2799 optimam
569 2717 646 2777 hauc
675 2738 735 2781 esse
762 2717 954 2796 omnibusque
982 2720 1110 2777 numeris
1138 2719 1298 2779 absolutam

55 2816 224 2893 civitatem
256 2817 307 2876 sed
332 2816 425 2875 illud·
438 2816 494 2875 tibi
522 2813 782 2875 demonstrandum
802 2829 907 2889 restat,
928 2834 1010 2895 posse
1030 2834 1093 2877 eam
1114 2837 1212 2896 reapse
1227 2837 1297 2877 esse.

55 2913 113 2972 Hic
143 2913 293 2988 Socrates,
323 2928 394 2973 tune
426 2934 513 2986 vem,
533 2914 666 2992 reponit,
687 2913 851 2989 existimes,
874 2900 964 2993 ἧττόν
983 2936 1013 2975 τι
1034 2906 1155 2993 dyo-‘triv
1174 2907 1297 2992 ζωγρά·

54 3032 115 3092 poe
134 3004 220 3090 eleae,
242 3007 275 3084 ὃς
295 3006 333 3071 de
352 3005 475 3094 γράψας
490 3004 679 3092 παράδειγμα
699 3003 761 3084 οἶος
780 3005 817 3072 dv
836 3008 882 3095 εἴη
905 3007 924 3075 o‘
942 3007 1097 3088 κάλλιστος
1116 3005 1296 3096 ἅνθρωπος,

54 3110 104 3172 καὶ
129 3106 226 3174 πάντα
254 3114 295 3188 εἰς
318 3105 355 3174 ed
383 3107 511 3195 γράμμα
539 3109 645 3187 ἱκανῶς
674 3107 828 3191 ἅποδοϋς,
857 3112 902 3199 μή
932 3111 997 3198 ἔχοι
1022 3116 1164 3189 ἒπιδεῖξαι
1182 3111 1222 3191 ὠς
1246 3117 1297 3179 καὶ

54 3209 187 3278 duraedr
205 3213 347 3296 γενέσθαι
366 3216 500 3277 τοιοῦτον
525 3209 636 3298 ἄνδρας
664 3228 767 3278 minue
790 3222 896 3278 benum
922 3228 1067 3298 pictorem
1086 3224 1180 3296 fore,
1201 3223 1294 3298 quod,

54 3330 212 3398 postquem
240 3321 395 3397 exemptor
416 3328 543 3396 pinsit,
573 3321 675 3396 quotie
698 3320 908 3394 pularerm'mm
936 3330 1013 3379 erret
1033 3322 1134 3394 homo,
1156 3319 1293 3395 nihilque

54 3419 90 3474 de
121 3425 215 3493 speeie
238 3425 469 3496 praetermisit,
498 3426 627 3495 nequeat
655 3418 883 3491 demonstrare,
913 3419 1061 3476 hominem
1091 3419 1182 3474 tutem
1212 3439 1297 3492 repe·

54 3522 121 3571 riri
133 3516 238 3593 poree?
259 3551 294 3559 —
314 3515 499 3593 Nequaquam
519 3514 662 3592 equidem.
685 3512 819 3586 -Quid
842 3515 954 3594 igitur?
978 3536 1075 3574 nonne
1096 3528 1124 3573 et
1145 3535 1196 3572 nos
1216 3535 1295 3592 prae·

54 3613 246 3672 stantissimae
274 3613 401 3672 civitatis
432 3612 582 3692 exemplar
611 3611 740 3670 oratione
768 3609 961 3671 effinximus?
982 3651 1017 3661 -
1037 3612 1173 3670 Omnino.
1196 3635 1228 3644 -
1251 3617 1296 3671 An

54 3710 146 3791 igitur
165 3711 262 3769 minus
280 3723 356 3769 recte
374 3730 426 3769 nos
445 3710 522 3788 loqui
544 3710 707 3782 existimas,
729 3709 753 3768 si
773 3709 924 3768 ostendere
945 3730 1004 3768 non
1024 3728 1190 3789 possumus,
1209 3711 1296 3769 talem

54 3821 170 3866 exstare
198 3828 279 3887 posse
308 3808 476 3882 civitatem,
510 3807 625 3885 qualem
655 3807 718 3887 ipso
744 3826 873 3864 sermone
900 3806 1114 3886 depinximus?
1142 3837 1178 3853 v-
1208 3808 1296 3866 Haud

55 3926 154 3964 sane.»
180 3905 209 3985 l)
251 3904 309 3963 Sed
326 3905 425 3977 Plato,
454 3904 532 3982 quod
551 3904 587 3963 ab
606 3905 691 3963 initio
706 3902 904 3977 attendimuS,
926 3925 984 3962 non
1004 3903 1058 3963 hoc
1080 3907 1194 3984 proprie
1213 3926 1296 3985 spec-

55 4003 132 4061 tavit
152 4003 271 4060 civitate
291 4002 447 4082 fingendt,
471 4017 500 4060 ut
520 4003 676 4082 perfectam
699 4001 781 4059 nobis
800 4001 953 4080 imaginem
973 4001 1137 4078 quandam,
1160 4015 1296 4080 tanquam

61 4193 320 4203 ..p-.-Q

92 4296 119 4362 1)
138 4298 176 4349 De
185 4299 246 4366 step.
258 4297 288 4348 V.
296 4296 355 4349 472.
365 4296 396 4349 Ι).
414 4295 483 4357 Quid
501 4297 640 4363 profecerit
655 4313 687 4347 err
707 4296 754 4349 hoc
771 4296 827 4347 locu
847 4292 939 4347 Cicero
954 4293 986 4347 ed
1002 4296 1083 4362 peri
1089 4305 1204 4347 ectum
1222 4294 1297 4346 eilin-

57 4383 173 4453 gendum
191 4391 362 4435 oratorem
372 4420 380 4445 ,
399 4397 478 4448 eupru
495 4380 732 4465 animadvertimus.
768 4380 846 4433 latria
864 4395 889 4445 p.
908 4376 967 4431 3³0.
