2796 5048
672 252 732 313 5⁶8

85 412 214 503 sh'ptmur
242 413 275 477 ht
303 413 364 477 sois
390 405 465 477 susti
492 408 582 496 φύσιν
608 407 726 532 ὁρατῶν
752 408 886 475 addis
865 407 1005 495 ανόητον,
1028 411 1083 473 soei
1105 411 1177 473 νοῦν
1199 406 1313 530 ἕχρντος

86 514 156 584 ὅλον
185 510 259 581 ὅλον
284 511 398 579 κάλλιον
418 510 547 579 ἔσεσθαί
563 509 627 577 ποτ’
620 510 750 637 ἔργον·
773 514 843 577 νοῖν
863 507 930 577 i'ue
950 512 1047 596 χωρὶς
1072 511 1184 597 ψυχῆς
1204 536 1242 575 ου
1234 508 1313 576 'hii-

85 646 173 689 νατον
193 615 467 705 παραγενέοθοί
437 642 493 681 sto
516 613 566 681 dra
589 596 643 701 ὃν)
649 612 701 681 τὸν
720 612 862 735 λογισμόν
882 611 983 693 stiria,
1002 618 1072 679 νοῦν
1085 613 1143 697 μὲν
1159 614 1194 677 ἐν
1212 618 1313 702 ψυχῇ,

84 715 193 807 ψυχήν
220 718 297 785 δέ
281 745 313 783 εν
340 717 456 802 σώματι
482 715 632 799 ξυνιοτας,
661 715 696 783 sd
721 720 781 781 πᾶν
805 719 1045 800 ξινετεκταίνετο,
1070 713 1156 795 ὅπως
1179 711 1228 781 ὅτι
1247 714 1313 780 κάλ-

83 833 182 891 λιστον
207 822 251 909 aiq
278 819 353 887 nasei
384 819 472 906 qeiosr
497 817 617 907 ἄριστόν
645 846 675 884 τε
703 819 789 905 ἔργον
816 819 1058 904 ἀπειργασμένος·
1082 818 1182 896 οὕτως
1204 817 1257 883 οὖν
1277 819 1313 905 ὃν)

47 992 52 1007 ,
83 927 158 994 mei
179 924 266 1012 λόγον
286 923 340 991 τόν
361 922 460 991 sintita
480 927 530 987 iet
546 920 648 1006 λέγειν,
670 920 757 987 atinde
780 920 830 989 τδν
850 920 977 1006 κόσμον,
1000 924 1079 1000 ζῶον
1101 921 1249 1007 ἔμψυχον
1271 921 1313 987 ἕν-

82 1056 151 1095 νουν
175 1056 206 1095 τε
231 1032 272 1118 τῇ
296 1026 426 1116 ἀληθείᾳ
454 1024 504 1090 oti
532 1022 586 1110 τήν
611 1030 664 1089 τοῦ
690 1030 766 1090 θεοῦ
791 1024 929 1110 γενέσθαι
958 1023 1112 1111 πρόνοιαν·
1145 1053 1222 1088 nam
1250 1053 1312 1089 eum

81 1132 402 1197 mnstituisaetDous
430 1135 512 1192 honis
545 1135 679 1191 omnihus
701 1134 819 1209 replere
846 1135 1009 1208 mundum,
1037 1134 1115 1191 mali
1148 1135 1235 1192 nihil
1262 1135 1312 1192 ad-

81 1243 224 1311 miscere,
256 1234 353 1314 quoad
380 1243 497 1291 natura
522 1241 701 1307 pateretur:
731 1232 877 1309 quidquid
902 1241 986 1306 erat,
1017 1233 1094 1311 quod
1120 1239 1156 1289 in
1186 1255 1313 1292 aemen-

82 1334 116 1393 di
143 1354 262 1393 sensum
290 1333 429 1405 caderet,
449 1331 482 1388 id
511 1330 567 1387 sihi
583 1336 835 1405 ·asaumsit„non
865 1332 1069 1408 tranquillum
1100 1340 1130 1389 et
1161 1341 1312 1417 quietum,

82 1433 134 1493 ssd
158 1425 350 1491 immoderate
379 1436 530 1511 agitatam
559 1429 789 1505 et·stuetuans,
810 1428 899 1507 idque
926 1451 960 1487 en
980 1430 1158 1489 inordinato
1180 1439 1216 1490 in
1235 1434 1313 1491 ordi-

82 1552 149 1589 nem
167 1530 314 1588 adduait:
335 1530 387 1586 hae
414 1533 494 1585 enim
507 1526 672 1601 judiaahat
698 1548 757 1586 esse
780 1535 1003 1605 praestantius.
1046 1529 1108 1588 Fas
1128 1538 1240 1591 autem
1265 1554 1313 1590 nea

81 1638 128 1689 sst
143 1649 196 1687 nea
224 1649 357 1707 unquam
376 1628 469 1703 suit,
499 1625 661 1703 quidquam
688 1631 750 1685 nisi
769 1620 993 1704 pulcerrimum
1010 1630 1124 1703 faeere
1155 1651 1246 1705 eune,
1266 1639 1313 1709 qui

81 1736 157 1789 esset
175 1732 312 1805 optimus.
355 1724 431 1785 Cum
446 1728 594 1781 rationem
621 1731 722 1805 igitur
747 1725 916 1800 habuisset,
937 1728 1126 1803 reperiebat,
1150 1730 1238 1787 nihil
1255 1751 1311 1789 esse

80 1848 200 1903 sorum,
222 1846 297 1905 quae
315 1829 430 1883 naturai
450 1824 667 1898 cernerentur,
684 1846 741 1882 nen
758 1825 949 1903 intelligens,
969 1826 1185 1906 intelligente,
1207 1834 1241 1886 in
1258 1837 1311 1888 toto

71 1946 190 2007 Ιγονιονο
214 1930 425 2003 praestantius
435 1942 449 1991 ;
469 1921 706 2001 intelligentiam
735 1932 836 1981 autem
865 1923 925 1981 ulli
952 1930 1000 1980 rei
1026 1924 1219 1999 adjunctam
1239 1949 1310 2002 esse,

82 2030 149 2084 sine
178 2030 297 2097 aninta,
318 2024 406 2098 nasas
428 2038 498 2077 esse.
542 2016 688 2099 Quocirca
715 2020 952 2099 intelligentiam
978 2026 1012 2078 in
1030 2029 1156 2098 animo,
1180 2033 1306 2084 animum

82 2122 230 2221 eonelusit
248 2129 281 2179 in
299 2140 429 2199 torpore.
469 2112 523 2180 Sia
545 2126 634 2177 ratae
654 2128 699 2178 eet
725 2140 797 2196 opus
815 2120 895 2176 illud
918 2118 1057 2195 effaetum
1075 2143 1140 2180 osse
1160 2126 1302 2202 palearii-

85 2212 177 2281 mum.
201 2218 298 2301 Quam
317 2223 349 2278 ab
369 2238 507 2279 causeam
527 2238 584 2277 non
602 2227 647 2277 est
662 2219 864 2279 cunctandum
883 2219 1040 2296 profiteri,
1061 2226 1091 2278 si
1110 2225 1228 2282 modo
1217 2244 1304 2281 inoes-

81 2327 181 2401 ts'gari
205 2319 325 2396 aliquid
347 2323 521 2393 eonjeeturd
546 2324 660 2394 potest,
688 2317 767 2375 husie
796 2316 943 2375 mundum
969 2319 1088 2377 animal
1116 2341 1206 2397 esse,
1226 2323 1306 2400 idque

78 2418 258 2496 intelligens
276 2424 305 2473 et
325 2414 429 2473 divina
442 2418 633 2495 prouidentia
651 2423 857 2479 eoisstitutum.
870 2440 884 2507 ο
913 2412 942 2494 l)
1107 2422 1110 2429 “

121 2512 262 2573 Sublimis
282 2512 351 2571 haee
370 2534 438 2572 sane
458 2512 537 2596 apud
556 2514 704 2573 Platonem
732 2527 773 2573 est
802 2535 867 2573 cnm
882 2508 968 2589 Dei,
988 2525 1049 2572 tum
1077 2515 1212 2594 mnndi,
1244 2532 1275 2578 ut
1300 2539 1315 2577 a

78 2612 139 2672 Deo
158 2611 330 2671 infamatus
347 2611 487 2691 fingitur,
508 2613 609 2691 imago.
648 2612 708 2671 Nee
720 2611 873 2679 audiendi
900 2558 986 2671 nohis
1013 2614 1187 2692 poster'ioais
1218 2618 1316 2676 aetatis

77 2708 261 2792 philosophi
264 2722 333 2768 sunt
343 2754 352 2784 ,
379 2711 428 2787 qui
449 2710 648 2785 haecomnia,
667 2724 698 2770 ut
715 2710 794 2792 apud
812 2711 980 2771 Ciceronem
997 2709 1150 2790 Vellejus,
1171 2724 1315 2792 portenta

80 2818 110 2869 st
137 2808 289 2866 miraeula
318 2830 376 2867 non
414 2811 627 2869 disserentium
653 2810 912 2889 philosophorum,
943 2810 993 2868 sed
1027 2819 1256 2874 somniantium
1286 2811 1315 2894 2)

79 2906 229 2969 dixerunt.
272 2903 316 2965 Sit
336 2905 420 2965 nobis
441 2906 501 2986 ipse
517 2907 617 2966 Cicero
636 2907 732 2975 denno
751 2907 951 2989 philosophiae
968 2907 1134 2968 Plotonieae
1155 2910 1313 2994 interpres.

79 3003 258 3064 Sententiam
286 3004 347 3080 ejus
375 3002 411 3062 de
436 3002 540 3063 Phidia
567 3007 683 3085 ejusque
710 3004 844 3086 operibns
863 3004 939 3089 hana
964 3007 1190 3068 memoravimus
1219 3032 1313 3093 supra.

80 3100 143 3162 Nee
164 3122 231 3160 aera
250 3102 303 3177 ille
319 3105 454 3178 artifex,
469 3125 561 3181 quum
573 3106 698 3180 suamet
715 3104 800 3165 loeis
811 3107 951 3180 formam
968 3113 1024 3163 aut
1042 3104 1207 3166 Minervae
1217 3155 1228 3184 ,
1244 3133 1313 3170 ean·

78 3201 283 3280 templabatur
301 3201 446 3278 aliquem,
462 3223 477 3259 a
496 3224 551 3279 quo
566 3204 799 3262 similitudinem
818 3204 954 3281 duraret,
975 3205 1025 3263 sad
1039 3211 1138 3281 ipsius
1157 3214 1197 3265 in
1217 3192 1314 3269 menie

80 3301 230 3361 insidebat
248 3305 357 3377 speeies
370 3299 595 3375 pulcritudinis
612 3308 724 3359 euinu'a
740 3300 904 3380 quasdam,
915 3324 1005 3381 quam
1020 3309 1144 3363 intuens
1162 3313 1200 3365 in
1222 3330 1315 3389 eaque

81 3401 215 3479 defluus,
236 3397 277 3457 ad
294 3396 382 3456 illius
400 3398 632 3457 similitudinem
654 3409 752 3458 artem
781 3408 811 3457 et
828 3420 960 3460 'massam
979 3400 1140 3481 dirigebat·
1163 3403 1199 3485 3)
1233 3407 1315 3467 Talis

78 3501 171 3560 instar
191 3495 309 3557 artificis
328 3496 404 3555 Deus
432 3495 516 3555 nobis
545 3496 577 3555 in
605 3497 722 3556 Timaeo
750 3486 931 3579 proponiffi
971 3496 1048 3575 Sed,
1073 3504 1107 3561 iat
1126 3500 1254 3564 Phidias
1283 3507 1314 3566 in

80 3594 488 3679 ope1·ihussuisperiieiendis
507 3593 686 3676 pulcrum,
708 3597 746 3656 ita
766 3598 856 3671 Deus,
878 3598 985 3678 quippe
1002 3598 1103 3658 naturh
1124 3601 1178 3658 suh
1198 3601 1298 3663 honus
1304 3649 1313 3680 ,

78 3695 231 3769 honum,
252 3686 287 3753 sd
306 3687 466 3773 dyadis,
489 3695 521 3752 in
541 3693 650 3752 mundo
672 3693 855 3754 informando
871 3695 1104 3777 perficiendoque
1125 3702 1313 3784 contempla-

77 3809 124 3855 tus
142 3792 271 3874 fingitur.
298 3796 360 3868 Quo
380 3797 495 3877 propria
513 3792 567 3853 τοῦ
587 3791 701 3855 καλοῦ
721 3815 751 3854 τε
773 3790 822 3854 καὶ
843 3786 991 3875 οἷγαθοῦ
1012 3796 1198 3857 necessitudo
1219 3800 1311 3860 intel-

78 3893 187 3974 ligitur.
228 3894 300 3953 Nam
320 3893 446 3953 mundus
465 3893 512 3953 hic
532 3909 699 3976 propterea,
720 3896 757 3955 de
775 3897 903 3956 Platonis
922 3898 1078 3973 sententia,
1094 3898 1311 3974 pulcerrimus

13 4054 17 4063 ,
79 4005 140 4067 est,
167 3991 246 4071 quod
266 3995 371 4068 honus,
393 3993 468 4069 imo,
489 3996 697 4074 optimusejus
717 4008 884 4055 auctorest.
924 3988 955 4057 ‘O
982 3991 1039 4074 μὲν
1065 3989 1124 4079 γοὶρ
1152 3989 1311 4074 κάλλιστος

81 4167 331 4179 tun—m-

95 4316 97 4320 Α
112 4271 136 4334 1)
159 4275 253 4326 Timaeo
273 4263 307 4326 29
321 4276 351 4328 Ι).
368 4301 402 4312 -
419 4271 452 4325 30
468 4271 497 4324 G.
516 4271 562 4325 cu.
578 4274 656 4327 letitia
669 4293 695 4344 p.
715 4274 781 4342 ³62,
799 4276 857 4330 367.

108 4357 135 4424 2)
153 4362 190 4412 De
206 4363 262 4413 Nat.
280 4362 312 4412 D.
328 4362 346 4414 1.
362 4361 387 4411 8.

108 4444 134 4510 3)
153 4448 223 4499 Orat.
238 4464 261 4499 a.
275 4446 299 4498 2.
322 4446 367 4499 cit.
380 4448 457 4500 letitia
469 4466 495 4517 p.
507 4447 558 4500 330
570 4487 578 4514 ,
592 4446 656 4514 356,
672 4445 730 4501 370.
