2774 5048
641 229 696 289 261

89 388 163 471 sophos
177 390 216 450 sic
235 389 313 449 illud
332 390 365 449 in
384 390 563 470 disputando
584 389 698 450 efficere
717 392 878 468 studuisse,
900 408 931 453 ut
956 397 1158 457 nomina-aliis
1187 398 1280 456 nomi-

87 487 150 547 nibus
173 488 325 567 verbisque
353 487 545 568 explicarent.
594 489 679 564 Quod
707 488 825 569 quidem
859 513 911 553 nec
940 514 1057 577 prorsus
1088 496 1281 576 spernendum

62 584 191 662 uidetur,
211 588 240 647 et
261 599 427 669 usurpatum
454 587 605 665 aliquoties
629 587 665 645 ab
686 588 748 668 ipso
772 591 890 650 Platone
909 604 960 650 est.
1011 591 1113 651 Exstat
1133 592 1220 671 hujus
1240 594 1281 651 rei

84 683 178 763 hejus
205 683 336 743 Phaedro
361 685 543 765 exemplum,
567 685 616 744 ubi
648 678 738 764 ἔρως,
760 690 796 749 de
822 710 879 768 quo
905 701 965 747 erat
990 692 1168 765 accuratius,
1196 710 1281 770 quam

82 781 157 862 lysias
183 782 309 856 fecerat,
335 783 496 862 agendum,
523 783 608 864 longa
627 789 758 847 oratione
777 785 925 846 definitur.
966 778 1008 847 Ἡ
1024 780 1082 870 yolp
1104 782 1173 848 ἄνευ
1193 781 1284 868 λόγου

81 873 148 962 dulps
167 878 216 941 ἐπὶ
237 875 272 941 τό
288 874 390 962 ὀρθόν
406 874 550 963 α’ρμαίσης
565 878 739 966 κρατήσασα
754 881 915 963 ἐπιθυμία,
933 881 1011 968 αρός
1023 883 1136 972 sideriis
1151 885 1284 971 α’χθεῖσα

79 976 192 1063 ἄλλους,
221 981 271 1044 καὶ
301 977 359 1044 dud
391 977 431 1044 ad
460 983 521 1045 τῶν
553 980 662 1068 ἑαυτῆς
690 988 836 1069 συγγενῶν
862 985 1032 1067 ἐπιθυμιῶν
1058 989 1108 1051 ἐπὶ
1136 986 1284 1070 σωμάτων

82 1078 173 1160 ἄλλος,
200 1081 374 1169 ἐρῥωμένως
400 1083 567 1169 ῥωσθεῖσα,
595 1083 737 1170 νικήσασα
763 1084 879 1171 α’γωγῆ,
907 1085 957 1150 cin'
981 1087 1073 1175 αὐτῆς
1099 1092 1154 1174 τῆς
1180 1088 1285 1176 ῥώμης

82 1184 226 1275 bonofilio
260 1188 411 1268 λαβοῦσα,
448 1183 524 1272 ἔρως
565 1185 690 1273 ἐκλήθη.
716 1191 745 1272 Ι)
794 1193 857 1251 Non
888 1207 929 1252 est
958 1193 1009 1271 id,
1040 1197 1158 1274 inquam
1170 1241 1178 1269 ,
1208 1216 1285 1276 sper·

79 1290 185 1359 nendum
196 1315 204 1367 3
236 1293 424 1350 necessarium
449 1290 521 1351 adeo
545 1294 690 1373 negotium
719 1305 770 1351 est.
821 1291 893 1350 Nam
922 1314 959 1350 ne
987 1307 1091 1352 temere
1120 1294 1151 1352 in
1181 1293 1284 1374 dispu-

76 1388 147 1448 tando
173 1403 293 1470 vagetur
319 1388 428 1463 oratio,
458 1389 489 1448 id
518 1391 643 1471 primum
675 1389 818 1473 agendum
846 1387 1063 1469 disputantibus
1094 1405 1153 1466 est,
1186 1405 1217 1449 ut
1249 1392 1284 1450 de

77 1489 205 1548 uminum
240 1474 449 1567 verborumque
484 1490 626 1549 sententia
661 1504 688 1550 et
720 1487 932 1568 significatione
967 1489 1043 1547 inter
1073 1491 1149 1570 ipsos
1177 1510 1285 1550 conve-

78 1584 139 1645 niat:
155 1589 356 1666 caeteroquin,
377 1585 480 1645 iisdem
499 1588 542 1646 usi
563 1587 730 1647 nominibus
741 1614 753 1662 ,*
770 1587 807 1648 de
826 1585 949 1645 diversis
966 1586 1051 1645 rebus
1070 1601 1155 1668 agant
1174 1608 1285 1647 necesse
1354 1583 1356 1587 ’

78 1696 122 1759 ert,
140 1707 189 1744 nec
213 1707 272 1745 esse
292 1687 397 1767 poterit
416 1684 577 1766 probabilis
591 1687 695 1764 aliquis
707 1687 795 1746 totius
812 1683 1017 1764 disputationis
1035 1687 1139 1744 exitus.
1162 1686 1286 1758 Verum,

77 1785 185 1859 qumvis
205 1783 238 1842 id
256 1785 288 1842 in
308 1783 498 1864 disceptando
514 1785 599 1859 utile,
630 1785 687 1844 imo
704 1784 894 1844 necessarium
911 1783 968 1856 sit,
989 1783 1154 1843 cavendum
1174 1799 1285 1857 tamen,

78 1880 162 1941 uehis
184 1881 406 1941 definitionibus
432 1881 604 1942 arbitremur
630 1883 720 1963 ipsam
748 1903 843 1941 rerum
871 1891 1019 1939 notarum
1043 1882 1183 1963 explicari
1205 1883 1282 1941 satis.

64 1972 175 2049 *ldcum
196 1979 408 2039 arbitrarentur
434 1994 492 2040 tam
512 1982 667 2059 antiquae,
687 2003 773 2060 quam
804 1978 972 2063 recentioris
998 1979 1099 2039 aetatis
1116 1977 1282 2060 philosophi

98 2075 159 2152 ulti,
188 2079 296 2158 scripta
325 2076 450 2137 subinde
479 2077 636 2139 ediderunt
672 2078 826 2140 verborum
859 2077 983 2151 referta,
1014 2076 1100 2137 rebus
1128 2077 1281 2150 destituta;

121 2177 169 2248 ,si
193 2176 241 2236 vel
258 2177 385 2234 maxime
407 2175 570 2256 syntheticl
594 2177 706 2237 ratione
731 2166 922 2249 definientes,
942 2194 987 2233 res
1013 2176 1090 2255 ipsas
1117 2172 1285 2235 nominibus

76 2271 201 2352 explicare
230 2288 420 2350 conarentur,
451 2288 508 2333 tam
528 2277 646 2353 jejunae
668 2276 738 2336 inde
781 2287 864 2333 natae
892 2272 1107 2333 dissertationes
1135 2286 1231 2347 sunt,
1253 2285 1285 2330 ut

76 2365 206 2433 absumere
224 2373 314 2452 magis
333 2372 491 2452 legentium
508 2374 642 2453 ingenia,
662 2395 748 2452 quam
768 2373 914 2453 explicare
940 2385 968 2432 et
986 2371 1132 2431 illustrare
1150 2371 1284 2433 videren-

75 2475 126 2528 σεε
154 2472 219 2530 Non
237 2471 277 2529 ita
295 2470 394 2546 Plato,
416 2484 448 2529 ut
468 2490 504 2528 ex
523 2470 576 2529 hac
596 2472 657 2552 ipsa
676 2473 712 2531 de
732 2471 859 2551 sophista
878 2469 1079 2549 disquisitione
1099 2470 1284 2549 intelligitur.

74 2560 234 2627 llellniturus
261 2567 340 2649 apud
368 2589 433 2627 eum
452 2567 584 2643 Eleates,
613 2570 679 2648 quis
704 2570 741 2628 sit
768 2568 914 2648 sophista,
936 2589 995 2626 non
1016 2567 1102 2646 longa
1121 2589 1190 2627 usus
1218 2589 1284 2627 rer·

72 2655 156 2723 burum
180 2666 252 2725 serie
273 2667 362 2726 verba
382 2666 479 2727 verbis
498 2666 647 2727 declarare
667 2667 785 2739 nititur,
805 2656 856 2724 sed
877 2664 915 2723 ad
946 2686 1014 2722 roa
1043 2667 1188 2726 convertit
1213 2687 1285 2724 con·
1347 2654 1350 2659 ¹

74 2757 139 2822 linuo
157 2779 283 2824 mentem
307 2779 451 2838 nostram,
472 2766 503 2823 in
523 2764 632 2824 medias
653 2786 705 2825 nos
724 2777 799 2824 artes
820 2763 965 2836 traducit,
985 2760 1037 2821 has
1064 2763 1212 2824 universas
1235 2784 1283 2822 no·

73 2851 165 2920 buum
182 2862 324 2923 discernit
345 2864 379 2923 in
401 2877 516 2943 partes,
537 2861 731 2942 discretasque
753 2860 914 2921 identidem
936 2859 1170 2948 partestamdiu
1188 2860 1284 2920 denuo

73 2951 212 3036 lucernis,
239 2961 332 3032 donec
355 2961 496 3042 sophistae
521 2983 583 3036 ars,
604 2984 676 3041 quae
696 2977 725 3022 et
743 2960 837 3039 qualis
856 2961 913 3034 sit,
938 2970 1081 3039 appareat.
1124 2958 1175 3019 Est
1194 2959 1284 3032 haec,

73 3049 145 3118 hteor
155 3104 164 3134 ‚
183 3080 243 3118 non
261 3059 377 3133 brevis,
399 3082 458 3119 non
478 3060 694 3141 compendiaria
714 3061 781 3133 sia,
803 3072 835 3117 ut
849 3057 887 3116 ad
903 3078 998 3116 rerum
1017 3055 1204 3116 definitiones
1222 3077 1285 3138 per·

75 3144 206 3217 veniamus
217 3203 226 3232 ,
250 3159 300 3218 sed
325 3181 382 3218 una
407 3157 512 3218 efficax
532 3160 657 3218 maxime
677 3172 718 3217 est
744 3156 845 3227 adres
862 3156 939 3237 ipsas
957 3177 1014 3214 una
1034 3176 1100 3225 cum
1118 3155 1286 3215 nominibus

74 3264 149 3314 uento
168 3258 383 3337 percipiendas,
405 3257 442 3316 ad
463 3278 558 3316 rerum
579 3256 789 3338 concipiendas
806 3253 897 3313 claras
915 3253 1121 3331 distinctasque
1139 3256 1295 3313 notionesz·

73 3347 145 3414 efficit
161 3354 251 3430 adeo,
278 3369 310 3414 ut
334 3357 389 3437 ipsi
409 3357 610 3431 inveniamus,
638 3376 745 3436 perque
773 3352 926 3433 synthesiu
946 3372 1150 3432 componamus
1177 3351 1285 3410 defini-

73 3443 156 3512 fiones.
177 3454 248 3512 Nam
266 3453 412 3534 analytica
431 3453 501 3512 haec
522 3453 683 3512 definiendi
701 3451 774 3510 ratio
784 3497 793 3525 ,
826 3449 903 3527 quod
919 3471 955 3508 ex
973 3451 1035 3530 ipso
1055 3451 1174 3509 Platone
1201 3449 1284 3508 nobis

72 3539 126 3608 dein
143 3552 197 3610 erit
216 3550 494 3625 demonstrandum,
522 3553 709 3630 synthettccr
726 3549 840 3629 peperit
862 3546 1057 3608 definitiones.

80 3643 142 3706 ·sic
176 3650 265 3728 igitur
302 3650 432 3708 eontinet
461 3649 539 3728 apud
566 3648 713 3707 Platonem
744 3647 813 3704 haec
837 3644 977 3703 cernendi
1006 3645 1206 3726 jungendique
1242 3667 1286 3704 ars

72 3733 236 3827 illustratque
267 3748 353 3806 simul
385 3748 495 3827 egregie
521 3747 692 3807 Socraticam
722 3766 787 3804 cum
818 3735 994 3823 ἒααγωγὴν,
1027 3759 1088 3803 tum
1116 3741 1280 3803 deliniendi

69 3850 152 3905 mem.
173 3847 214 3905 Ut
234 3860 327 3905 autem
347 3845 498 3926 descripsit
516 3843 725 3926 philosophus,
743 3845 783 3902 ita
803 3844 952 3924 usurpavit
969 3857 1117 3922 utramque
1139 3844 1170 3900 in
1190 3843 1285 3921 scrip·
1362 3845 1365 3852 '

71 3931 100 3995 ²5³
114 3944 178 4005 suis.
194 3946 309 4023 ,Cujus
333 3945 375 4002 rei
401 3942 532 4024 exempla
554 3964 621 4002 cum
645 3963 681 4000 ex
707 3942 773 4001 aliis
797 3944 859 4021 ejus
882 3941 1025 4022 dialogis,
1051 3955 1112 4000 tum
1131 3961 1146 3999 e
1165 3941 1282 3998 Politia

71 4031 154 4101 ³llerre
174 4043 267 4102 multa
286 4043 370 4103 licet:
393 4042 444 4103 sed
465 4062 556 4101 unum
575 4041 733 4100 adduxisse
758 4039 880 4100 sufficiet
908 4063 922 4100 e
949 4041 1089 4100 Diotimae
1115 4038 1193 4118 apud
1221 4059 1284 4096 eum
1358 4075 1361 4080 -

70 4124 208 4219 lepulcro
225 4131 417 4201 sermonibus.
468 4139 654 4198 Tradidimus
673 4160 720 4197 eos
740 4139 771 4197 in
792 4140 1006 4221 superioribus,
1028 4137 1078 4197 sed
1105 4137 1152 4194 hic
1182 4158 1283 4217 operae

68 4239 177 4303 Pretium
198 4254 239 4298 est
250 4286 258 4314 ‚
277 4239 462 4317 dialecimup
478 4239 511 4296 in
532 4239 568 4299 iis
588 4240 642 4296 iter
663 4236 829 4313 attendere,
851 4261 907 4317 quo
930 4237 967 4295 ad
993 4257 1036 4296 res
1061 4237 1189 4294 omnium
1217 4257 1282 4314 gra-

72 4365 106 4382 N

107 4378 314 4388 *-

95 4430 115 4498 ¹)
133 4406 239 4488 rubr.
257 4433 317 4487 aas.
344 4433 372 4487 a.
396 4432 423 4484 o.
478 4444 492 4473 .-
