2774 5048
654 251 730 331 uo¹

25 426 27 431 ·
81 407 164 488 vulgo,
179 414 357 486 principia,
378 406 456 467 unde
475 408 689 486 inchoandum,
709 411 827 490 officio,
847 412 953 488 quihus
968 412 1164 492 fungendum,
1177 418 1258 496 finis

80 525 120 583 quo
133 503 309 565 tendendum
328 518 378 565 est.
400 504 430 585 1)
447 505 504 566 Sed
524 507 555 566 in
575 509 635 567 veri
654 507 834 588 philosophia
852 509 1015 591 philosophi
1031 510 1068 569 ad
1086 512 1172 574 linem
1191 517 1267 577 festi·

80 614 132 660 nant
148 602 233 663 citius
250 602 357 684 vulgo,
371 625 457 682 quam
474 624 526 684 par
547 618 606 679 est,
625 607 774 684 statimque
792 604 929 667 disserere
948 607 984 667 de
1002 629 1087 684 vero,
1105 609 1140 694 de
1159 612 1267 673 mundo

79 699 167 786 νοητῷ,
184 700 221 759 de
240 703 449 783 metaphysicae
460 747 468 776 ‚
495 723 579 780 quam
608 716 731 778 vocant,
752 705 905 785 principiis
925 706 1035 766 solent:
1063 721 1138 767 certe
1157 710 1270 791 princi-

25 800 29 819 *
78 802 156 881 pium,
175 798 253 878 quod
271 799 416 874 diximus,
443 799 618 859 Socraticum
636 815 663 861 et
686 802 883 876 Platonicum,
904 824 1051 879 amorem,
1080 806 1270 888 negligentius

25 886 29 977 J
83 898 225 958 atendunt.

25 994 29 1013 '
106 998 160 1070 Quo
185 996 273 1076 magis
301 1016 353 1054 nos
380 996 537 1070 contiuuo,
564 1009 595 1054 ut
618 995 698 1055 Plato
722 996 811 1071 feeit,
832 997 965 1055 innatum
992 997 1069 1058 hune
1098 998 1181 1060 nohis
1208 1003 1269 1062 veri

25 1304 31 1395 l

79 1114 177 1154 amorem
203 1093 434 1175 explorahimus:
461 1105 489 1152 et
516 1094 640 1174 primum
665 1093 783 1171 quidem
809 1115 960 1175 puerorum
999 1096 1184 1158 observandis
1209 1100 1269 1161 sive

79 1191 268 1252 adolescentum
293 1190 414 1266 studiis,
444 1192 618 1269 inquibus,
640 1204 672 1251 ut
700 1193 740 1251 ait
763 1192 880 1266 Cicero,
900 1192 961 1272 ipsa
990 1206 1090 1253 natura
1120 1196 1212 1256 elucet
1236 1198 1268 1257 in

59 1292 172 1371 primis:
202 1306 264 1352 tum
289 1290 412 1349 maxime
429 1288 643 1367 quaestionibus
660 1289 842 1376 explicandis
859 1290 1049 1370 gravissimis,
1075 1291 1147 1370 quid
1165 1293 1202 1353 sit
1220 1296 1269 1353 di-

78 1411 156 1462 reere,
171 1388 243 1468 quid
257 1391 376 1462 docere,
394 1408 466 1467 quae
483 1409 555 1446 vera
572 1389 609 1447 sit
618 1390 784 1466 eloquentia
792 1433 800 1463 ,
810 1409 883 1466 quae
892 1397 1003 1466 optimu
1017 1392 1165 1452 censendi
1173 1401 1267 1452 ratio:

37 1518 41 1523 ·
78 1506 130 1562 quae
154 1500 229 1547 recte
248 1485 406 1566 explicari,
426 1485 484 1544 nisi
511 1506 546 1544 ex
573 1487 634 1546 veri
653 1506 746 1545 amore
766 1485 905 1544 humanae
926 1502 1044 1547 naturae
1058 1489 1192 1571 proprio,
1209 1498 1268 1551 nhn
1299 1566 1300 1569 Ἴ

25 3350 32 3429 l

25 3432 32 3507 l

78 1599 188 1663 possunt,
208 1584 278 1643 hinc
306 1597 399 1642 autem
427 1583 601 1665 explicitae,
619 1582 656 1643 ad
683 1583 759 1643 idem
783 1583 837 1642 hoc
861 1585 953 1643 omnis
981 1587 1151 1666 cognitionis
1169 1587 1267 1669 philo-

77 1681 223 1762 sophiaeque
251 1681 430 1763 principium
456 1683 578 1743 interius
610 1681 828 1763 percipiendum
854 1682 913 1743 vim
941 1680 1090 1744 habiturae
1115 1687 1267 1746 maximam

78 1779 199 1841 ridentur.
241 1781 300 1839 Nec
317 1779 440 1839 deerunt
459 1778 543 1838 nobis
569 1779 638 1839 haec
661 1779 880 1865 exquirentibus
898 1783 1143 1860 opportunitates,
1161 1784 1267 1862 quihus

80 1875 101 1934 iu
116 1899 218 1938 omnem
238 1878 431 1960 exspatiemur
448 1879 665 1956 antiquitatem:
686 1876 763 1956 quod
772 1899 863 1957 neque
873 1878 1065 1956 injucundum
1080 1882 1133 1940 erit
1142 1895 1266 1963 etperu-

78 1973 127 2052 tile,
146 1979 200 2038 imo
229 1997 297 2039 vero
324 1974 362 2036 ad
389 1996 467 2051 mm,
495 1997 580 2055 quam
598 1976 815 2056 indagabimus,
840 1976 1038 2058 reperiendam
1067 1983 1263 2043 necessarium.

77 2072 127 2133 llam
143 2076 222 2135 Plato
239 2073 450 2155 philosophiam
477 2094 570 2149 suam,
599 2096 659 2134 uon
668 2120 677 2150 ,
698 2088 729 2133 ut
755 2077 912 2154 systematis
930 2089 1028 2135 auctor
1046 2076 1170 2154 aliquis,
1182 2078 1265 2138 ,libro

77 2172 166 2232 uidam
185 2172 325 2248 inclusit,
346 2171 397 2232 scd
414 2172 492 2231 hunc
513 2173 622 2232 scilicet
649 2175 681 2232 in
701 2171 816 2232 modum
845 2173 976 2253 scripsit,
998 2187 1029 2233 ut
1048 2176 1176 2235 veritatis
1202 2177 1264 2236 vir·

77 2271 175 2351 totisque
202 2269 298 2331 studio
325 2269 363 2330 ad
391 2268 547 2330 dicendum
573 2271 813 2350 scribendumque
843 2273 979 2332 excitaret
1006 2292 1089 2350 quam
1116 2273 1262 2354 plurimos.

76 2365 140 2429 Unde
165 2371 197 2429 in
227 2369 306 2428 omni
333 2354 498 2443 literarum,
518 2369 684 2449 praesertim
711 2369 853 2444 oratorio,
881 2390 1000 2450 genere,
1030 2372 1180 2430 auctoritas
1204 2375 1264 2452 ejus

74 2469 169 2547 antiquo
189 2488 260 2528 aero
280 2487 388 2527 summa
406 2466 480 2532 fuit:
499 2487 551 2526 nec
568 2465 655 2546 plene
671 2468 781 2548 percipi
810 2464 896 2526 hodie
918 2469 1072 2529 multorum
1082 2515 1092 2545 ,
1119 2490 1156 2528 ne
1174 2471 1263 2552 ipsius

73 2564 165 2640 quidem
191 2563 389 2625 Demosthenis
415 2576 443 2622 et
468 2563 632 2637 Ciceronis,
659 2564 764 2644 scripta
809 2578 925 2639 essunt,
946 2566 1001 2625 nisi
1029 2566 1109 2626 lectis
1136 2581 1263 2628 accurate

71 2664 218 2744 penitusque
236 2663 392 2744 perspectis
416 2662 544 2722 Platonis
569 2661 698 2741 dialogis.
740 2660 775 2720 Se
814 2661 883 2744 hinc
910 2663 1016 2722 factum
1038 2665 1105 2723 item
1132 2680 1191 2740 est,
1213 2679 1263 2740 ut,

71 2777 111 2834 quo
118 2762 202 2841 magis
214 2756 403 2841 nosmetipsos
412 2760 445 2819 in
454 2779 567 2820 omnem
580 2760 759 2838 antiquitatis
772 2774 801 2819 et
815 2759 960 2839 cogitandi
977 2775 1004 2820 et
1022 2760 1180 2821 disserendi
1190 2764 1262 2821 scri-

71 2852 193 2939 bendique
211 2858 349 2917 rationem
366 2858 621 2931 insinuaverimus,
632 2879 743 2936 quoque
762 2857 881 2938 scripta,
900 2879 971 2936 quae
990 2879 1026 2918 ex
1045 2860 1124 2918 fonte
1133 2859 1262 2920 Platonis

69 2971 219 3031 manarunt,
235 2957 392 3034 palmaria
409 2956 624 3036 cognoverimus
639 2956 779 3032 interius,
794 2977 827 3016 eo
846 2955 931 3015 nohis
952 2957 1113 3017 Platonicae
1133 2943 1262 3038 philoso-

71 3049 135 3128 phiae
150 3055 292 3137 principia
310 3068 466 3136 appareant
484 3053 650 3114 dilucidius.
691 3053 763 3113 Inde
787 3067 881 3114 autem
895 3055 1037 3134 capiamus
1054 3054 1261 3134 disquisitionis

72 3163 160 3210 rostrae
177 3151 214 3211 de
231 3153 292 3215 veri
312 3172 404 3210 amore
423 3143 539 3210 initium
549 3197 558 3226 ,
580 3152 657 3211 unde
674 3165 761 3211 totam
785 3152 922 3211 duximus
941 3152 1114 3234 superiorem
1132 3152 1259 3234 disputa·

72 3245 173 3325 tionem,
192 3272 208 3309 a
224 3249 347 3310 Socratm
364 3246 442 3330 apud
460 3249 607 3309 Platonem
626 3251 658 3308 in
677 3271 799 3310 amorem
819 3251 960 3310 encomio.
1022 3242 1027 3249 ’

97 3451 116 3517 tt
131 3457 179 3512 oro.
196 3461 226 3512 a
237 3457 333 3533 ravat
350 3456 369 3509 1.
388 3456 410 3508 r.
429 3456 480 3507 sne
493 3416 523 3508 ¹u
534 3456 558 3507 s,
