2796 5048
685 196 744 263 ltus

330 360 389 427 Dr
412 363 625 441 politiore
654 364 861 429 Platonis
886 366 1093 446 dialogis.

130 561 178 623 Ut
199 559 321 621 eroticos
347 557 515 641 philosophi
544 559 672 640 dialogos
701 560 867 640 dialectici,
897 560 938 620 ita
968 559 1020 621 hos
1047 559 1192 623 subsecuti
1216 560 1331 648 politici

89 658 252 721 videntur:
283 678 356 736 quae
381 660 455 719 ratio
484 659 604 738 iugenio
629 657 757 721 hominis
783 660 901 741 propria
928 672 990 734 est,
1022 672 1085 719 uta
1104 658 1208 742 pulcro
1226 657 1264 721 ad
1284 679 1330 721 ve·

88 778 177 831 rum,
195 755 267 817 hinc
294 770 390 819 autem
410 755 449 817 ad
463 758 575 834 justum
595 757 761 838 bonumque
781 780 814 819 ac
838 779 934 818 rerum
953 757 1146 819 humanarum
1164 757 1331 821 interiorem

85 853 325 933 disquisitionem
353 854 501 935 procedet.
543 855 644 934 ltaque
670 857 777 937 scripto
800 854 957 917 Theaeteto
974 877 1008 917 ac
1030 855 1192 937 Sophiste,
1216 853 1254 913 ed
1272 855 1328 914 Po·

85 955 211 1015 litieum
240 973 405 1033 progressus
429 967 490 1029 est;
511 952 562 1013 sed
583 953 651 1029 hic,
672 956 805 1033 quamvis
832 955 950 1017 nomine
977 952 1127 1036 politicam
1145 946 1330 1033 prudentiam

84 1052 227 1125 referret,
262 1070 293 1111 re
328 1064 445 1125 umen,
483 1065 515 1113 ut
547 1051 692 1128 vidimus,
725 1053 763 1117 ad
795 1052 978 1119 dialecticam
1004 1051 1169 1134 pertinebat
1195 1051 1330 1117 maxime.

83 1149 242 1211 Politicam
270 1147 386 1211 demum
408 1147 478 1209 data
505 1151 592 1231 operi
619 1165 743 1213 tractare
770 1153 801 1213 in
833 1151 965 1233 Gorgia,
996 1151 1120 1224 maxime
1150 1151 1182 1209 iu
1213 1148 1330 1211 Politia

83 1247 194 1328 eoepit.
238 1246 367 1329 Gorgiae
394 1261 614 1328 argumentum,
647 1264 679 1313 ut
711 1250 866 1325 Phaedri,
894 1249 1067 1311 rhetoricam
1092 1247 1155 1311 sive
1184 1243 1260 1303 bene
1286 1245 1330 1313 di·

82 1344 176 1407 cendi
189 1402 192 1407 ,
207 1359 296 1405 artem
319 1358 446 1427 spectat3
470 1367 570 1409 verum
594 1362 690 1409 exstat
719 1350 750 1413 iu
779 1371 812 1408 co
840 1349 920 1410 locus
941 1347 992 1406 illc
1010 1344 1047 1407 de
1063 1345 1178 1425 ‘iustitio
1195 1344 1328 1424 gravissi·

82 1464 171 1521 mus,
208 1465 266 1522 quo
299 1446 443 1521 justorum
474 1444 703 1527 injustorumque
738 1460 802 1528 post
837 1461 957 1509 mortem
987 1443 1135 1525 judicium
1165 1441 1327 1523 descripsit.

70 1541 244 1601 ‘Accessisse
267 1554 363 1603 autem
386 1542 427 1603 ite
453 1557 554 1624 sponte
573 1546 636 1605 'sui
662 1545 700 1605 ad
727 1546 894 1619 Potitium,
928 1542 990 1619 vel,
1021 1555 1053 1605 ut
1079 1541 1197 1625 proprie
1220 1541 1328 1605 inscri-

80 1638 203 1701 bendus
229 1637 361 1718 dialogus
388 1653 468 1716 erat,
500 1639 540 1701 ad
575 1643 728 1724 dialogum
764 1641 832 1722 arpi
860 1641 915 1706 τοῦ
942 1637 1057 1706 δικαίου
1084 1636 1329 1703 conscribendum

80 1745 214 1806 videtur.
255 1743 370 1822 Adjeeit
395 1744 441 1804 his
467 1745 586 1805 tandem
616 1743 703 1803 senili
732 1758 825 1805 aetate
853 1765 946 1824 opus,
974 1744 1126 1824 politicum
1155 1743 1259 1825 plane,
1290 1743 1325 1805 de

79 1843 239 1924 hogero„—
260 1842 312 1905 sed
340 1843 425 1917 nobis
451 1845 577 1925 primum
603 1839 640 1905 de
659 1841 775 1924 Politia
795 1840 958 1922 agendum,
975 1843 1059 1920 cujus
1075 1860 1151 1920 quae
1176 1839 1214 1899 sit
1234 1839 1326 1913 ratio,

79 1941 164 2025 quod
184 1943 216 2001 iu
237 1943 338 2023 primis
362 1944 562 2024 propositum,
583 1942 615 2003 iu
633 1961 737 2020 magno
760 1939 940 2002 eruditorum
960 1939 1114 2015 dissensu,
1135 1958 1237 2019 operae
1256 1957 1325 2023 pre-

79 2042 158 2103 tium
177 2055 220 2106 est
241 2043 404 2121 exquirere.

458 2185 516 2280 De
538 2180 944 2315 Rotirtal’latonia.

121 2433 210 2495 Ratio
234 2432 384 2515 dialogis
412 2432 611 2515 disputatione
633 2444 729 2495 nostro
755 2429 967 2510 quodammodo
985 2428 1171 2509 intelligitur.
1213 2426 1259 2489 td
1278 2428 1323 2488 in-

78 2531 282 2611 vestigandam
303 2533 446 2610 justitiam
463 2529 653 2612 philosophus
673 2530 705 2588 in
724 2551 757 2589 eo
773 2530 911 2610 optimam
931 2525 1048 2591 effinxit
1065 2528 1222 2588 civitatem.
1265 2525 1323 2595 Sed

76 2629 190 2691 accidit
218 2632 274 2704 ita,
297 2644 329 2688 ut
355 2631 407 2693 alii
423 2630 589 2708 justitiam,
609 2628 662 2689 alii
680 2627 897 2708 rempublicam·
915 2623 1023 2705 dialogi
1045 2646 1104 2685 esse
1122 2637 1322 2704 argumentum

76 2742 227 2810 putarent.
258 2729 458 2811 Muretus,
479 2729 529 2807 qui
545 2749 621 2791 uuus
637 2727 670 2795 in
688 2725 788 2807 paucis
807 2725 913 2805 optime
931 2736 959 2786 et
976 2723 1047 2802 legit
1065 2721 1193 2785 Platonis
1211 2720 1321 2789 librum

77 2839 109 2886 et
132 2826 339 2907 interpretatus
363 2841 423 2901 est,
449 2827 490 2891 sio
517 2826 555 2885 de
572 2845 609 2884 eo
634 2836 740 2884 mouet.
786 2821 888 2886 «Mihi
914 2822 1029 2901 utrique
1058 2833 1134 2879 recte
1153 2816 1249 2880 dicere
1272 2820 1319 2881 si-

76 2927 199 2993 dentur.
239 2932 312 2994 Nasu
339 2919 447 2999 σκοπός
474 2938 534 3002 est,
555 2938 583 2986 et
605 2920 673 3002 oroi
695 2912 897 3001 δικαιοσύνης,
919 2932 947 2979 et
966 2915 1035 2998 rupi
1056 2912 1212 2991 πολιτείοις.
1254 2918 1318 2982 Non

78 3039 113 3087 ut
142 3028 201 3090 sint
228 3029 287 3091 duo
315 3026 440 3103 σκοποί,
461 3025 512 3087 sed
539 3039 570 3085 ut
585 3025 655 3089 haec
677 3023 737 3086 duo
754 3022 832 3087 idem
850 3023 920 3085 siut.
962 3021 1033 3081 Nam
1053 3016 1132 3100 quod
1151 3030 1192 3077 est
1212 3012 1244 3075 li
1263 3014 1321 3101 ,uqi

76 3123 172 3210 ψ’)κῇ
200 3124 442 3213 δικαιοσύνη,ἰά
467 3135 499 3193 in
525 3132 644 3195 ciuitate
670 3128 738 3189 talis
760 3116 901 3189 πολιτεία.
943 3125 1015 3185 Nam
1034 3137 1063 3185 et
1086 3125 1120 3185 iu
1139 3122 1241 3204 politia
1262 3125 1317 3187 tria

77 3246 184 3307 genera
209 3234 388 3311 respondent
411 3230 506 3293 tribus
529 3229 642 3289 animae
666 3225 818 3306 partibus,
845 3213 884 3288 τί
913 3215 1075 3302 paimolo
1099 3219 1144 3306 τῷ
1166 3213 1261 3305 λόγῳ,
1282 3214 1321 3284 τί

76 3321 276 3406 hemonia,
307 3324 351 3404 ιύς
369 3331 534 3410 πολεμοῦν,
558 3325 604 3413 rqi
628 3325 737 3411 θυμῷ,
763 3318 798 3389 ιδ
817 3319 945 3406 θηταιίν
971 3323 1017 3410 τῷ
1038 3321 1257 3407 ἐπιθυμητικῷ.
1277 3360 1317 3375 -ν

78 3428 157 3506 Ergo
176 3444 204 3487 et
221 3433 348 3508 quilibet
364 3449 497 3493 nostrum
517 3431 594 3492 vivit
611 3427 768 3500 πολιτικῶς
789 3420 1020 3506 ύνιοκιιιοσμίνος
1041 3439 1071 3488 et
1092 3419 1179 3497 πόλις
1196 3421 1319 3496 δικαίως

76 3529 244 3605 ταχθεῖσαι
272 3545 370 3611 estque
397 3531 510 3609 justitia
540 3528 672 3591 πολιτεία
702 3528 820 3608 ψυχῆς,
850 3542 878 3589 et
904 3525 1038 3589 ποίιτιία
1067 3519 1234 3608 δικαιοσύνη
1261 3520 1320 3591 πύ-

76 3626 163 3700 troc.
188 3655 224 3665 ··
243 3630 308 3689 Νοο
332 3653 401 3713 ergo
425 3627 485 3688 duo
512 3645 581 3692 sunt
604 3629 721 3704 σκοποί,
747 3627 799 3688 aad
821 3630 940 3705 unicus,
961 3627 1028 3710 arpi
1043 3624 1320 3708 auliculorum-

76 3723 171 3811 ούνης
188 3728 237 3790 καί
251 3728 320 3811 περί
335 3729 450 3807 rimator
464 3730 644 3808 witering.»
672 3731 701 3814 l)
743 3731 886 3812 Equidem
912 3755 973 3797 nou
990 3735 1113 3810 dubito,
1133 3735 1224 3814 quin,
1245 3734 1319 3796 lecta

74 3833 188 3913 dialogi
210 3832 407 3914 descriptione
425 3849 541 3910 nostra,
563 3835 684 3898 rideant
702 3836 842 3912 lectores,
858 3837 990 3914 justitiae
1008 3837 1206 3916 exquirendae
1222 3841 1322 3900 eaussi

77 3932 219 4011 seriptum
245 3953 260 3989 a
285 3932 404 3991 Platone
432 3932 578 4014 dialogum
605 3955 672 3993 esse.
715 3933 801 4008 Quod
829 3954 862 3993 εο
887 3934 1004 4014 plenius
1027 3936 1241 4016 intelligemus,
1263 3961 1320 4017 quo

77 4029 251 4108 diligentius
278 4043 306 4088 et
334 4033 512 4109 prooemium
539 4032 666 4112 dialogi,
688 4046 716 4091 et
742 4033 869 4112 primos,
890 4035 940 4111 qui
961 4033 994 4091 in
1019 4054 1052 4092 eo
1071 4048 1244 4109 occurrunt,
1266 4058 1321 4096 ser·

79 4147 180 4186 mones
195 4127 413 4188 attenderimus.
435 4130 508 4189 Nam
527 4128 625 4189 ubivis
644 4131 675 4188 iu
697 4129 776 4189 hisce
795 4129 832 4192 de
844 4138 954 4209 justo,
974 4130 1048 4216 quid
1068 4132 1118 4209 sit,
1141 4133 1321 4211 exquiritur,

120 4401 145 4466 1)
165 4403 254 4456 morer.
270 4407 298 4459 ιἰι
314 4405 380 4459 rtoo
399 4406 484 4476 demp-
500 4416 623 4465 οιικιιιικιι.
643 4405 712 4476 Opp.
730 4406 775 4461 ΙΙΙ.
788 4407 848 4467 517.
