2796 5048
653 231 715 301 335

57 407 227 486 appellavit
246 400 381 477 θεοειδές
410 417 440 465 at
469 396 642 463 θεοείκελον.
665 442 700 453 -
728 402 830 464 Recte.
853 448 884 459 -
907 401 975 463 Καὶ
996 398 1034 465 cd
1054 403 1112 485 μὲν
1125 400 1297 495 λλιζολμιιε,

55 501 251 584 ἔξαλελφοιεν,
278 500 317 567 cti
347 500 383 565 di
410 496 497 564 πάλιν
526 496 719 585 ἐγγράφοιεν,
746 499 805 576 ἕως
829 495 866 563 dr
891 497 938 565 ὅτι
965 499 1094 578 μάλιστα
1125 502 1300 590 ἀνθρώπεια

54 600 128 689 ἤθη
153 602 194 679 ελς
214 602 289 669 ὅσον
307 602 460 687 ἐνδέχεται
474 604 613 686 θεοφιλῆΙ
626 597 784 686 ποιήσειαν.
797 648 829 658 -
845 604 1002 688 Καλλίστη
1017 609 1089 688 γοῦν
1108 604 1143 669 dv
1158 603 1178 689 ἡ
1195 603 1299 691 γραφή
1319 668 1324 679 ,

54 704 187 791 γένοιτο·
208 721 238 768 et
257 713 358 785 modo,
378 717 503 788 opinor,
520 710 640 766 doleant
657 725 731 781 qaue
746 715 931 785 pinxerint,
963 712 1045 768 modo
1066 718 1203 793 pingant
1227 732 1300 769 rur·

56 834 113 871 εειε
123 856 132 886 ,
152 826 242 883 umus
261 811 332 867 dum
353 829 449 867 ιιιονει
471 809 648 881 homiuum,
667 807 762 880 quood
780 812 846 881 ejus
855 807 936 881 fieri
953 818 1060 884 potest,
1078 808 1299 891 Deocongruoe

55 916 226 982 amicosque
251 908 504 965 reddiderint.-
533 905 731 963 Pulcorrimo
755 905 825 961 hoec
849 924 921 961 εονιο
941 914 1070 979 pictura
1090 916 1174 967 occet.
1184 930 1199 963 u
1224 905 1254 986 l)

104 1005 220 1064 Dixisse
250 1004 318 1061 satis
348 1003 385 1062 de
415 1004 489 1062 ideis
519 1002 648 1061 Platonis
675 1000 828 1073 videmur,
861 1013 910 1075 ut,
938 1022 995 1078 quo
1019 1017 1127 1084 spectet
1144 1006 1177 1063 in
1197 1006 1300 1085 primis

10 1080 24 1175 l
55 1102 133 1163 haec
155 1101 323 1183 philosophi
343 1102 496 1175 doctrina,
518 1099 710 1179 intelligatur.
752 1046 961 1177 Pergenduin'
954 1101 1042 1178 igitur
1058 1099 1143 1161 nohis
1162 1101 1201 1160 ad
1218 1106 1300 1160 boni

58 1198 159 1309 ideatp
178 1213 239 1273 est,
259 1220 346 1277 quam
373 1197 502 1257 idearum
522 1198 650 1256 omnium
667 1197 830 1275 principem
855 1196 936 1254 Plato
955 1197 1124 1277 appellavit.
1166 1198 1224 1259 Sed
1243 1221 1300 1278 quo

56 1268 179 1357 facilius
205 1295 393 1354 escendimus
417 1295 508 1370 illuc,
541 1312 653 1373 quoque
682 1295 835 1352 universae
865 1292 954 1370 hujus
983 1293 1132 1355 doctrinae
1159 1298 1301 1357 rationem

56 1395 267 1474 perspiciamus
282 1393 419 1479 plenius,
441 1407 473 1451 ut
491 1341 578 1451 rhodo
596 1413 611 1449 a
630 1392 824 1465 Cartesianis,
844 1392 884 1448 ita
906 1411 985 1448 nunc
1002 1413 1018 1449 a
1037 1390 1195 1453 Kantianis
1225 1394 1302 1455 ideis

57 1490 225 1550 Platonicae
240 1492 327 1569 juvat
348 1490 536 1571 distinguere.
723 1481 726 1488 ’

201 1684 503 1767 Distinguam
531 1695 634 1744 item
665 1694 782 1743 recte
812 1706 830 1741 ο
861 1681 1019 1742 Kantii
1047 1688 1162 1744 ideis
1244 1734 1247 1739 .

435 1784 694 1842 Platonicae
724 1792 904 1859 oportet.

100 1974 287 2063 Kanutius
315 1978 404 2058 vulgo
422 1977 460 2036 ab
479 1979 550 2058 ipsis
569 1977 723 2037 Germanis
755 1975 936 2034 Garumnicis
965 1975 1146 2037 Aristotelea
1171 1979 1298 2055 dicitur,

17 2076 22 2085 '
56 2077 171 2156 quippe
185 2077 255 2154 qui,
276 2075 390 2152 antiqui
410 2077 502 2134 instar
521 2074 706 2148 Aristotelis,
730 2088 863 2132 naturam
884 2088 912 2132 et
930 2074 1082 2135 facultates
1110 2080 1216 2137 mentis
1244 2070 1298 2136 liu·

56 2194 163 2233 manae
183 2172 336 2252 indagavit
354 2173 573 2254 exploravitque
592 2172 781 2252 sagacissime.
824 2172 901 2231 Mihi
923 2173 983 2231 fere
1001 2175 1062 2250 ejus
1080 2171 1214 2233 doctrina
1232 2174 1301 2234 Pla-

57 2272 189 2331 tonicam
210 2272 316 2350 magis,
337 2292 423 2349 quam
440 2270 652 2330 Aristotelicum
674 2268 888 2350 philosophiam
908 2272 1015 2328 referre
1036 2271 1097 2330 visa
1117 2286 1167 2331 est.
1210 2271 1300 2333 Haud

57 2368 121 2428 tuit
141 2369 267 2426 enimin
284 2370 494 2428 recentioribus
516 2368 717 2449 philosophis,
747 2369 798 2447 qui
826 2368 1008 2443 accuratius,
1037 2390 1123 2448 quam
1153 2368 1299 2447 Kantiue,

56 2486 108 2525 res
123 2464 256 2525 sensibus
272 2466 477 2547 percipiendas
496 2466 572 2524 ah''
552 2486 607 2538 us,
629 2484 703 2543 quae
723 2464 782 2523 uni
800 2478 896 2523 mente
926 2479 954 2524 et
980 2467 1153 2546 cogitatione
1180 2488 1301 2549 cognos-

57 2575 188 2637 cuntur,
210 2562 405 2623 discerner.et
427 2561 460 2621 id
478 2576 573 2621 autem
590 2563 672 2620 Plato
692 2562 795 2635 unice,
817 2575 849 2619 ut
868 2561 1013 2637 vidimus,
1035 2578 1063 2623 et
1083 2566 1140 2643 egit
1157 2579 1186 2623 et
1205 2587 1298 2645 agen-

56 2658 134 2719 dum
152 2680 213 2718 esse
235 2659 408 2740 philosopho
437 2640 593 2719 arbitritus
624 2672 674 2719 est.
715 2658 852 2719 ldcarum
879 2673 974 2717 autem
1004 2607 1187 2735 doctrinam,
1218 2665 1301 2740 cujus

14 2744 18 2753 ¹
57 2770 164 2817 auctor
182 2755 263 2815 Plato
291 2754 416 2815 hahetur
424 2758 557 2837 ,rejecit
576 2755 761 2830 Aristoteles,
783 2755 911 2813 Kantius
929 2776 998 2815 vero
1014 2769 1095 2815 tanto
1116 2706 1212 2818 studio
1227 2773 1300 2817 trac·

56 2856 138 2915 tavit
155 2853 390 2932 elaboravitque,
413 2869 445 2914 ut
464 2854 546 2913 hunc
566 2854 660 2913 locum
681 2855 712 2912 in
732 2854 833 2912 critica
860 2852 1044 2932 philosophia
1063 2855 1097 2915 in
1115 2857 1216 2936 primis
1233 2880 1301 2939 gra-

64 2972 135 3011 vem
153 2953 329 3011 existimasse
347 2952 492 3013 videatur.
535 2952 638 3011 Effecit
654 2951 742 3026 adeo,
763 2964 795 3009 ut
815 2950 951 3008 sublimia
969 2950 1022 3009 illa
1041 2951 1169 3013 Platonis
1188 2954 1303 3023 dehoc

62 3063 233 3129 argumento
251 3049 374 3130 placita,
389 3070 463 3128 quae
481 3051 614 3109 Wolfii
635 3046 794 3129 disciplina
812 3047 1015 3107 obscuraverat
1033 3048 1188 3131 planc,1n
1203 3052 1300 3115 lucem

62 3161 272 3207 macerentur
291 3146 388 3205 denuo
406 3147 620 3226 multorumque
643 3144 749 3205 studiis
781 3145 958 3225 scriptisque
986 3142 1240 3225 λιψειιλειοιιλιιι
1265 3173 1300 3211 ac

65 3242 296 3303 celebrarentur.
338 3245 397 3303 Nec
426 3265 496 3304 vero
522 3244 646 3325 profecit
666 3226 786 3303 tantum
816 3243 870 3301 ille
896 3262 912 3301 c
936 3242 1122 3347 philosophia
1150 3248 1300 3309 Platonis.

34 3341 139 3429 ¹idem
156 3326 233 3401 hanc
251 3341 364 3420 antiqui
383 3342 550 3423 philosophi
572 3341 752 3415 doctrinam,
774 3340 853 3420 quod
876 3340 1065 3405 recentiorem
1091 3343 1298 3427 philosophum

56 3438 162 3514 decet,
180 3440 248 3499 crisi
271 3439 413 3517 subjecit,
434 3442 562 3519 miroque
581 3439 714 3499 acumine
734 3452 761 3497 et
789 3438 887 3497 studio
912 3436 991 3497 ideas
1011 3460 1047 3496 cx
1076 3440 1168 3519 ipsius
1193 3445 1299 3502 urentis
1363 3438 1369 3447 ⁸

56 3550 174 3597 nostrae
192 3551 295 3596 natura
316 3551 344 3596 et
363 3537 552 3596 facultatibus
571 3537 667 3595 duxit.
709 3536 774 3609 Quo
791 3555 860 3594 vcro
879 3534 931 3591 ille
951 3536 1071 3614 propius
1090 3536 1128 3594 ad
1147 3538 1298 3599 Platonem

56 3635 196 3709 accessit,
217 3655 253 3694 eo
267 3636 375 3714 magis
378 3635 464 3694 nobis
474 3681 483 3711 ,
505 3632 708 3695 discemendis
728 3630 877 3708 utriusque
890 3630 1033 3710 placitis,
1063 3635 1177 3715 antiqui
1196 3637 1301 3718 philo-

35 3730 144 3812 ‚eophi
163 3733 337 3791 sententiam
355 3734 464 3811 assequi
486 3731 597 3791 licebit

97 3830 135 3887 ln
153 3828 288 3888 doctrina
306 3828 410 3887 Kantii
430 3829 585 3888 deformis
605 3826 772 3886 intuitionis
782 3870 790 3899 ,
813 3824 849 3882 de
869 3825 1039 3904 categoriis,
1071 3826 1110 3889 dc
1129 3843 1297 3893 transscen-

52 3925 171 3985 dentali
190 3925 420 4006 philosophandi
441 3927 571 4001 ratione,
603 3924 754 4006 inprimis
773 3922 810 3981 de
829 3920 923 3996 ideis,
949 3922 1091 4011 placitum
1109 3926 1295 4005 dominatur,

51 4022 136 4101 quod
152 4023 241 4104 plane
260 4024 345 4083 nohis
365 4025 516 4084 Platonem
534 4023 640 4082 refert:
662 4022 717 4083 hoc
737 4019 814 4095 dico,
840 4022 1052 4083 non-sensibus
1070 4024 1166 4083 omnia
1191 4024 1300 4085 dehere

51 4120 225 4197 hominem,
241 4121 298 4191 sed
316 4144 403 4203 puras
421 4122 514 4203 ipsius
536 4120 699 4216 intelleqtui
718 4120 811 4178 inesse
830 4118 982 4195 natinaei,
1003 4140 1094 4198 quae,
1113 4142 1171 4201 per
1198 4144 1299 4183 sensus

91 4400 118 4467 1)
141 4402 180 4453 m
193 4404 257 4473 nep.
275 4406 318 4457 ιι.
340 4404 399 4459 soc.
414 4406 444 4457 ο.
455 4407 558 4458 -aot
572 4406 605 4487 q.
621 4405 660 4457 cf.
671 4404 793 4493 uqqqq.
806 4358 844 4456 fu'
861 4374 900 4453 vi.
918 4402 979 4497 sap.-
