2796 5048
716 225 755 286 ⁷8

114 404 144 450 et
160 388 239 468 quod
253 383 486 472 illeudurissimis
510 384 634 466 pedibus
658 387 745 464 fecit,
767 401 799 448 at
818 410 847 448 se
874 389 1011 468 abjiceret
1033 392 1067 451 in
1091 391 1182 452 herba
1204 407 1295 475 atque
1311 388 1365 457 ita'

115 484 184 561 illa,
205 505 277 564 quae
306 483 472 567 philosophi
496 483 641 546 divinitus
669 487 769 547 lerunt
796 508 854 546 csse
882 488 980 565 dicta,
1007 488 1189 568 loqueretur,
1218 492 1255 553 id
1281 496 1345 554 meis

115 584 331 666 pedibus'certe
350 581 469 642 concedi
488 596 530 640 est
551 585 696 662 aequius.»
741 586 805 666 Ipse
826 586 924 645 Cicero
952 588 1094 647 rusticans
1111 610 1179 648 cum
1204 590 1297 650 fratrs
1320 604 1344 651 ct

115 685 209 743 Attico
236 685 270 759 in
298 680 392 749 fundo
408 702 459 739 suo
478 682 635 761 Arpinate,
658 697 689 741 ut
708 682 885 743 ambulando
904 684 1081 745 devenerant
1107 686 1145 747 ad
1164 687 1343 749 insulamin

115 783 259 858 Fibreno,
280 781 360 840 hunc
382 782 493 838 amne'm
512 778 596 845 llisso
620 795 781 862 comparat:
812 781 952 841 «nullum
973 782 1045 858 hoc,
1071 785 1168 864 inquit
1178 831 1187 862 ,
1213 786 1341 867 frigidius
1370 814 1373 819 ·

115 880 222 939 flumen
241 879 341 959 attigi,
361 892 426 936 cum
444 876 482 935 ad
500 875 590 935 multa
610 868 848 955 accesse1·im,-ut
866 880 918 970 vix
935 879 1009 960 pede
1028 895 1139 942 tentare
1161 883 1197 945 id
1225 885 1339 965 possim:

114 979 192 1059 quod
209 978 242 1036 in
260 976 389 1036 Phaedro
406 975 534 1034 Platonis
550 975 620 1035 facit
638 975 793 1038 Socrates.»
821 976 850 1058 1)
869 977 918 1037 Sic
945 980 1063 1039 omnino
1092 996 1207 1063 ceperat
1236 984 1336 1043 Cicero·

115 1098 180 1138 nem
199 1075 415 1139 venustissimus
443 1072 592 1152 dialogus,
614 1087 645 1133 ut
671 1075 817 1139 Phaedrus
847 1077 899 1138 ille
927 1090 954 1136 et
981 1079 1075 1138 amnis
1102 1094 1130 1139 et
1156 1079 1294 1160 platanus
1316 1094 1336 1143 tt

113 1175 223 1236 caetera
239 1173 336 1234 omnia
354 1173 387 1231 in
406 1185 505 1230 sancto
527 1169 580 1236 illo
603 1170 666 1232 loco
683 1192 799 1255 ¹semper
822 1175 913 1256 ipsius
939 1175 1035 1234 animo
1056 1192 1150 1237 essent
1175 1180 1333 1260 praesentia

111 1273 169 1334 Sed
187 1295 259 1353 quae
277 1270 427 1330 divinitus
442 1267 506 1327 illic
516 1313 525 1343 ,
545 1283 579 1328 ut
601 1269 677 1329 idem
700 1273 761 1347 ait,
783 1273 921 1333 Socratis
930 1276 1048 1349 forant
1068 1293 1128 1335 aare
1152 1278 1237 1336 dicto
1247 1324 1257 1353 ,
1277 1279 1334 1338 haat

111 1394 178 1434 tero
197 1374 230 1432 in
247 1369 466 1429 admirationem
480 1380 638 1447 rapuerunt
656 1383 790 1450 posteros.
832 1371 949 1431 Scilicet
966 1373 1080 1453 scripsit
1099 1374 1178 1434 hune
1200 1375 1339 1456 dialogum

109 1471 210 1545 Plato,
231 1491 291 1530 non
312 1481 344 1526 ut
363 1466 544 1547 Symposium
562 1469 739 1545 provectiore
763 1484 872 1543 aetate,
894 1469 944 1529 sed
964 1470 1025 1551 ipso
1046 1474 1212 1550 juventutis
1237 1475 1345 1554 vigore.

110 1571 174 1644 Quo
191 1569 318 1640 factum,
340 1579 372 1624 ut
395 1565 455 1625 vim
472 1564 612 1644 poiticam
622 1609 631 1638 ,
652 1568 833 1643 quanaturd
853 1567 985 1643 valebat,
1005 1570 1039 1629 in
1061 1591 1094 1629 ao
1112 1570 1270 1633 scribendo
1296 1590 1353 1631 ex·

109 1667 230 1748 plicaret
248 1678 345 1724 totam.
386 1663 425 1722 Et
443 1661 513 1723 hinc
533 1660 695 1723 sublimitas
713 1664 785 1741 illa,
806 1665 876 1724 hinc
896 1687 994 1724 sensus
1018 1667 1066 1727 illi
1091 1667 1199 1727 excelsi
1217 1668 1255 1728 de
1280 1668 1365 1752 pul-

59 1776 62 1783 '
110 1786 158 1824 cro
177 1777 205 1822 et
223 1784 291 1824 vero
301 1806 310 1836 ,
331 1761 428 1840 quales
441 1759 490 1819 hic
506 1759 592 1819 unice
610 1781 756 1842 expressos
774 1767 940 1844 reperimus.
961 1765 1085 1826 Exstant
1103 1767 1136 1826 in
1153 1767 1210 1826 hoc
1229 1767 1374 1849 dialogo

110 1861 349 1943 Pythagoreorum
372 1858 497 1940 placita:
518 1856 623 1935 μῦθον
643 1860 746 1936 illum,
766 1875 798 1921 ut
817 1861 961 1936 diximus,
982 1885 1080 1922 eornm
1105 1861 1379 1947 metempsychosi

110 1980 241 2041 magnam
262 1972 371 2041 partem
393 1957 539 2020 debemus.
586 1959 695 2035 Quodsi
721 1980 786 2017 cnm
809 1959 888 2018 hisce
912 1960 1102 2041 Pythagorica
1128 1983 1320 2043 comparamus
1356 2000 1382 2033 2

110 2080 182 2140 quae
210 2059 244 2117 in
273 2055 475 2135 Phaedone-v.
496 2078 521 2117 ο.
542 2072 572 2117 et
590 2058 624 2117 in
641 2056 745 2116 Politia
765 2072 939 2133 occurrunt,
960 2060 1000 2119 sic
1020 2080 1089 2119 vero
1111 2062 1236 2119 maxime
1259 2061 1384 2121 nobis

110 2160 142 2219 in
160 2155 290 2217 Phaedro
305 2154 448 2234 juvenilis
466 2157 589 2215 auctoris
607 2157 688 2234 vigor
706 2154 865 2236 apparebit.
886 2153 918 2236 2)
939 2157 996 2215 Nee
1016 2179 1084 2217 vero
1103 2157 1248 2232 diffiteor,
1269 2160 1387 2219 titia

109 2257 180 2316 hinc
199 2256 285 2314 etiam
304 2255 479 2312 contraxisse
498 2253 654 2334 dialogum.
696 2253 753 2327 Qui
772 2254 848 2312 enim
871 2254 941 2313 ordo
965 2256 998 2314 in
1015 2254 1184 2337 Symposio,
1204 2257 1237 2317 in
1255 2257 1346 2316 Phae
1357 2277 1387 2291 ⁶

111 2354 206 2428 done,
226 2354 259 2412 in
275 2351 341 2409 aliis
359 2350 525 2432 philosophi
549 2352 663 2431 scriptis
692 2351 835 2432 perfectus
862 2365 902 2411 est
926 2354 1004 2428 fere,
1025 2353 1206 2412 desideratur
1233 2355 1284 2415 ille
1298 2355 1389 2413 it!

112 2451 251 2511 Phaedro.
292 2449 358 2508 Nou
378 2469 468 2507 unum
486 2463 528 2508 cst
546 2463 763 2529 argumentum,
783 2448 1020 2529 quo’referantnr
1043 2453 1157 2528 omnia5
1178 2451 1249 2528 sed,
1275 2460 1389 2511 oum!

109 2549 252 2630 agendum
279 2546 413 2610 videatur
438 2537 553 2629 proprie
581 2547 617 2606 de
645 2546 765 2606 dicendi
792 2547 995 2627 scribendique
1023 2564 1100 2623 arte,
1121 2550 1282 2631 episodium
1298 2549 1386 2609 de

108 2662 202 2710 amore
219 2662 328 2728 partem
344 2645 480 2707 dramatis
498 2647 557 2704 fere
575 2647 727 2704 maximam
747 2659 876 2726 occupat.
915 2645 1011 2731 Dictio
1031 2647 1099 2704 item
1109 2674 1118 2721 3
1138 2648 1218 2726 quod
1232 2655 1387 2710 veter&

109 2746 374 2830 reprehenderunt,
394 2743 426 2824 3)
449 2746 490 2805 sic
514 2745 616 2824 migrat
639 2741 764 2802 subinde
785 2734 884 2823 prosae
903 2743 1040 2802 orationis
1059 2743 1149 2819 fines,
1171 2760 1203 2805 ut
1230 2747 1386 2828 poetica

109 2860 193 2926 atque
211 2844 282 2904 adeo
300 2842 513 2924 dithyrambica
535 2842 678 2902 videatur.
720 2839 777 2899 Sed
795 2841 868 2899 vitia
886 2839 956 2906 haec
981 2841 1124 2918 juvenilis
1146 2841 1382 2903 luxuriantis‘

110 2965 165 3024 que
194 2943 306 3023 ingenii
334 2941 398 3020 quis
426 2939 498 2999 adeo
527 2954 568 2998 est
590 2959 723 3013 severus,
744 2938 816 3017 quin
840 2936 909 2995 huic
933 2939 1018 2996 aetati
1046 2940 1198 3019 ignoscat?
1220 2939 1372 3001 Accedit

108 3041 269 3123 argumenti
287 3039 448 3100 sublimitas
467 3050 494 3096 et
513 3038 623 3118 poetica
645 3037 726 3096 ratio.
768 3034 855 3093 Haud
874 3036 951 3094 enim
969 3036 1055 3096 facile
1078 3039 1257 3119 reperiatur,
1285 3032 1359 3118 qui

109 3141 268 3201 amantium
294 3126 460 3199 describens
485 3157 518 3194 ac
544 3141 691 3218 poetarum
719 3133 962 3208 enthusiasmum,
984 3133 1044 3214 ipse
1072 3134 1128 3194 sibi
1157 3150 1272 3211 caveat,
1296 3150 1355 3193 ne

109 3238 234 3298 exsultet
252 3235 376 3296 subinde
396 3235 486 3294 oratio
504 3255 537 3296 ac
556 3235 700 3315 poeticum
718 3230 790 3310 quid
808 3245 836 3289 et
853 3230 1098 3312 dithyrambicum
1116 3248 1207 3295 sonet.
1228 3231 1355 3294 Habuit

108 3337 163 3397 hoc
181 3336 262 3395 Plato
281 3355 346 3393 caim
364 3333 525 3393 Democrito
547 3351 713 3405 commune,
734 3329 784 3408 qui
803 3329 872 3390 item
900 3330 1043 3410 scripsisse
1068 3330 1105 3390 de
1127 3331 1225 3393 furore
1251 3330 1350 3395 ride*

108 3450 165 3497 tur.
187 3431 229 3514 4)
246 3433 311 3507 Quo
326 3433 444 3492 nomine
457 3431 557 3510 jungit
575 3450 621 3490 eos
646 3429 753 3488 Cicero.
775 3425 807 3507 5)
835 3427 968 3503 «Video,
986 3429 1044 3504 ait,
1068 3430 1163 3491 visum
1184 3451 1243 3490 csse
1264 3449 1345 3489 nou*

141 3677 166 3744 1)
185 3679 222 3730 Da
238 3676 310 3746 lagg.
327 3678 360 3726 11.
380 3672 409 3751 3.Ι
429 3675 496 3727 adde
517 3674 588 3725 Orat.
606 3689 629 3723 e.
650 3672 674 3723 l.
695 3671 735 3723 12.
754 3671 794 3723 13.
811 3672 850 3722 De
869 3671 926 3722 Dio.
946 3671 965 3721 l.
984 3670 1024 3722 37.
1048 3671 1115 3722 lbra.
1138 3675 1166 3737 Q.
1188 3676 1209 3724 1.
1226 3673 1266 3727 23.

141 3761 167 3830 2)
185 3764 263 3834 Diog.
286 3762 370 3814 baert.
390 3762 435 3812 111.
453 3759 495 3812 38.
510 3757 658 3812 Aliterhac
672 3757 705 3808 de
716 3774 746 3808 re
755 3756 854 3822 judicat
868 3757 1011 3820 Sooherus,
1025 3758 1085 3808 athar
1100 3758 1201 3811 Platoris
1211 3760 1344 3827 &W

105 3868 133 3918 r·
148 3848 206 3901 309-
277 3859 280 3863 ·

136 3934 166 4000 3)
184 3934 357 3988 Dicaearchus
377 3931 446 3999 apud
465 3928 542 3996 Diog.
555 3926 583 3977 L.
599 3929 644 3978 111.
656 3925 698 3978 38.
712 3925 820 3991 Dionys.
836 3925 890 3977 Hal.
904 3927 952 3994 Ep.
966 3929 1000 3976 od
1013 3927 1096 3996 Pomp.
1112 3945 1134 3980 c.
1151 3927 1176 3979 2.
1192 3946 1218 3996 p,
1233 3928 1289 3981 203
1301 3924 1341 3971 et

103 4025 133 4076 'in
149 4024 208 4075 Jot.
229 4024 259 4074 de
279 4019 398 4071 Demosth:
421 4033 443 4067 ο.
466 4013 492 4065 ὃ.
510 4031 535 4080 p.
550 4010 609 4063 271.
631 4013 745 4079 iniquius
761 4027 823 4062 sane
838 4012 891 4074 illi,
907 4028 984 4079 quam
1000 4015 1095 4064 verius.
1118 4015 1147 4065 Vt
1163 4015 1242 4080 wyte.
1256 4010 1341 4094 Epul-

107 4112 139 4163 ad
153 4112 227 4177 Spoc.
243 4123 326 4158 meum
339 4121 364 4170 p.
377 4101 418 4163 43,
434 4101 467 4152 Ut
480 4107 564 4150 autem
583 4099 714 4150 Socratem
728 4096 930 4162 Aristophanes,
950 4098 987 4148 sic
999 4097 1113 4167 Platonis
1129 4101 1224 4166 scripta
1243 4094 1344 4153 casatiel

105 4198 275 4266 exagitarunt.
293 4185 539 4256 vid.l)t0g.L.111.
554 4183 588 4235 26
602 4212 617 4223 -
631 4181 674 4233 28.
698 4181 841 4233 Phaedrum
855 4183 959 4248 scripsit
970 4181 1073 4245 Alexis,
1092 4186 1136 4251 qni
1148 4170 1275 4252 paroeciis.
1288 4175 1347 4232 vi*

106 4283 181 4334 detur
195 4282 275 4332 fuisse
290 4274 400 4328 Phaedri
410 4271 544 4325 Platonici.
564 4270 621 4320 vid.
638 4267 730 4320 Athen.
745 4258 813 4318 xm.
826 4265 884 4319 562.
896 4267 928 4318 Α.

140 4366 171 4432 l)
189 4365 245 4416 vid.
264 4377 341 4429 supra
356 4377 383 4427 p.
402 4357 443 4410 tu.
460 4365 513 4408 not.

140 4452 171 4518 5)
188 4452 258 4504 Orat.
277 4464 299 4499 ο.
316 4445 358 4497 20.
