2796 5048
1013 506 1064 589 4
1160 526 1162 530 ,

369 594 561 636 EXCELLEH'HS
575 596 683 638 tuom!
700 594 918 649 mettimque
937 598 1006 638 VIRO

186 846 662 972 rurnuuroo
727 848 1177 974 ouunzuuo

609 1185 630 1223 S.
672 1183 697 1223 P.
738 1186 767 1223 D.

387 1414 490 1480 ruis.
537 1415 644 1480 curu.
690 1415 773 1484 vsu
817 1415 984 1482 uuusuu.
1033 1510 1037 1518 ι

581 1644 785 1659 aun—qn.—

116 1873 190 1932 Cum
207 1888 408 1951 saepenumero
427 1881 455 1927 te
472 1844 608 1949 cogitavi,
628 1867 868 1951 praestantissime
878 1842 1014 1930 Creueere
1024 1913 1033 1945 ,
1052 1887 1154 1948 exquo
1172 1868 1295 1930 Heidel-

75 1984 179 2065 bergae
207 2006 222 2043 a
242 1997 269 2043 te
288 1982 404 2042 discessi
423 1996 489 2042 ante
508 1982 562 2042 hoc
579 1983 737 2042 triennium
747 2007 756 2060 3
777 1996 839 2042 tum
866 2002 1013 2062 nunquam
1038 1980 1165 2067 crebrius
1188 1981 1295 2042 luben-

74 2100 190 2178 tiusqne
199 2144 209 2173 ‚
228 2118 312 2177 qnam
331 2118 383 2179 per
401 2117 483 2157 omne
500 2111 611 2179 tempus
620 2143 629 2173 ‚
650 2119 706 2178 quo
720 2098 798 2158 haec.
808 2097 963 2179 conscripsi
976 2097 1176 2175 philosophiae
1193 2094 1294 2157 Plato·

76 2221 165 2271 nicae
182 2208 285 2271 initio.
312 2213 383 2270 Nam
403 2211 515 2271 Platoni
535 2210 676 2272 adhibens
694 2215 798 2297 scripta
816 2227 866 2273 tua
884 2212 1048 2295 praeclara,
1069 2213 1116 2272 cui
1137 2212 1211 2272 lucis
1226 2213 1295 2272 affe-

76 2343 148 2388 runt
164 2349 250 2407 quam
268 2326 441 2409 plurimum,
452 2328 577 2409 ipsorum
597 2342 696 2410 sponte
715 2342 856 2395 auctorem
874 2342 968 2388 mente
988 2327 1059 2387 mihi
1078 2342 1106 2388 et
1125 2328 1296 2408 cogitatione

76 2440 333 2525 repraesentabam.
359 2442 397 2502 Et
411 2432 623 2503 instaurabatur
639 2442 711 2501 mihi
726 2441 811 2501 simul
821 2462 981 2501 sermonum
992 2441 1149 2502 recordatio
1159 2444 1295 2503 suavissi-

80 2579 212 2632 morum,
228 2577 298 2636 quos
313 2556 349 2616 de
359 2555 477 2617 Platone
491 2570 519 2616 et
532 2570 614 2616 antea
627 2554 815 2617 habueramus
829 2569 857 2616 et
867 2570 928 2615 tum
938 2555 1146 2617 renovavimus.
1168 2557 1296 2632 Quorum

76 2673 150 2732 haec
169 2672 228 2732 fere
243 2672 287 2733 vis
305 2671 384 2754 apud
398 2693 442 2731 me
458 2672 532 2746 fuit,
553 2685 585 2731 ut
595 2670 753 2730 doctrinam
767 2671 935 2752 suspicerem
951 2684 1042 2746 tuam,
1053 2669 1197 2731 infinitam
1215 2670 1296 2731 illam

77 2802 109 2846 et
124 2785 318 2862 reconditam,
334 2786 454 2846 colerem
473 2801 566 2846 autem
585 2787 712 2846 animum
729 2798 810 2843 tuum
823 2784 964 2866 probum,
978 2786 1138 2866 integrum,
1153 2799 1296 2867 apertum,

77 2918 142 2962 tum
160 2924 228 2962 uero
246 2923 369 2962 amarem
387 2917 415 2962 te
434 2916 550 2985 propter
561 2921 745 2977 ¹communem
763 2913 890 2966 nostrum
908 2887 1035 2960 Platonis
1053 2921 1183 2962 amorem.
1223 2902 1295 2963 Nam

78 3018 105 3077 si
129 3017 193 3096 quis
218 3016 292 3076 alius
315 3037 351 3075 cx
374 3017 544 3096 antiquitate
567 3017 705 3099 scriptor,
726 3013 806 3073 Plato
829 3035 896 3074 sane
915 3015 1015 3095 jungit
1039 3015 1165 3091 animos,
1189 3018 1296 3099 quippe

78 3131 210 3192 studium
233 3114 362 3190 excitans
383 3130 518 3205 virtutis,
538 3149 594 3210 quo
620 3127 787 3210 copulamur
810 3128 966 3195 facillime:
997 3128 1054 3189 imo
1082 3128 1215 3190 incendit
1243 3152 1295 3189 nos

81 3228 245 3309 veliementi
263 3246 385 3325 quodam
402 3245 497 3327 pulcri
519 3244 645 3326 bonique
672 3264 783 3319 amore,
809 3258 841 3303 ut
859 3265 916 3304 una
934 3265 999 3304 cum
1027 3244 1134 3304 virtute
1156 3257 1183 3304 et
1202 3244 1296 3326 ipsum

79 3361 236 3440 diligamus
250 3359 453 3443 philosophum
468 3375 496 3421 et
510 3362 674 3441 quicunque
687 3380 752 3418 oum
766 3359 850 3420 illurn
859 3375 920 3420 tum
930 3362 1064 3427 virtutem
1075 3358 1211 3441 diligunt.
1232 3363 1295 3437 Quo

79 3477 204 3549 factum,
220 3489 253 3534 ut
266 3496 348 3534 carus
372 3474 455 3535 nobis
469 3475 502 3535 in
516 3476 617 3557 primis
643 3489 714 3534 esset
736 3475 1035 3561 Wyttenbachlins
1056 3469 1074 3538 o‘
1095 3471 1294 3558 φιλοπλᾶτωνε

80 3612 168 3672 quern
186 3605 217 3651 tn
237 3590 350 3651 coluisti
370 3605 401 3651 ut
429 3591 550 3650 amicum
569 3578 851 3729 coipmctissimum,
871 3611 921 3671 ego
935 3584 1012 3653 ‘iero
1042 3608 1074 3654 ut
1106 3594 1250 3656 doctorem
1268 3610 1297 3657 et

81 3707 206 3768 alterum
234 3707 313 3786 quasi
327 3684 473 3789 parentem
490 3721 518 3766 et
539 3680 615 3767 colrii
630 3676 663 3765 ..et
677 3719 829 3768 veneratus
845 3724 916 3765 sum.
956 3678 1028 3798 Nim
1045 3710 1149 3789 quidni
1168 3709 1222 3770 hoc
1242 3732 1297 3771 no-

82 3823 162 3882 mine
183 3820 266 3881 illum
285 3842 401 3896 vocem,
422 3823 468 3880 cni
489 3842 592 3882 novam
611 3820 702 3882 veluti
720 3821 808 3883 vitam
829 3819 942 3880 debui?
963 3822 1001 3882 Et
1024 3823 1101 3905 apud
1120 3845 1164 3884 me
1181 3825 1298 3905 quidem

83 3940 148 4016 ejus
170 3938 303 3996 memoria
331 3937 458 4018 proxime
478 3950 519 3996 est
537 3958 602 3996 cum
629 3935 755 4013 Platonis
777 3936 870 3996 amore
893 3939 1047 4016 conjuncta
1055 3985 1070 4027 ,Ι
1083 3941 1190 4022 quippe
1214 3962 1298 4021 quem

83 4051 225 4111 excitavit
234 4097 243 4126 ,
261 4064 336 4124 certe
354 4051 428 4110 aluit
441 4050 560 4110 mirifice
574 4065 601 4111 et
615 4051 802 4113 confirmavit.
832 4052 1021 4128 Quamobrem
1040 4054 1116 4133 quod
1131 4054 1167 4114 de
1185 4054 1299 4115 Socrate

83 4162 219 4257 llluaedo,
243 4165 320 4224 idem
347 4186 398 4246 ego
412 4165 448 4225 de
467 4166 520 4225 hoc
541 4186 602 4225 meo
620 4165 732 4226 Socrate
747 4164 850 4225 lubens
867 4165 1020 4247 profiteor,
1041 4166 1076 4228 de
1092 4190 1124 4228 eo
1139 4169 1187 4229 vel
1206 4171 1299 4252 ipsum

40 4340 45 4347 ,
72 4256 186 4358 loqui,
209 4278 256 4340 vel
282 4280 353 4340 alios
376 4279 476 4341 audire
506 4280 670 4360 loquentes,
689 4281 771 4361 longe
790 4281 861 4340 milri
875 4281 1117 4361 jucundissimum
1134 4306 1202 4346 esse.
1241 4286 1298 4346 Nec

84 4392 161 4467 tibi,
193 4414 291 4475 spero,
315 4395 507 4473 injucundum
531 4397 603 4485 erit,
637 4397 685 4455 uir
712 4396 893 4470 amicissime,
922 4396 958 4456 de
978 4400 1118 4457 communi
1143 4401 1233 4489 amico
1255 4421 1299 4458 me

1029 4511 1043 4569 l
