2796 5048
658 208 696 269 67

57 355 195 444 ἀλλήλων
221 365 282 437 τοῖς
302 356 482 444 ἀνθρώποις.
526 368 573 427 Aa
593 368 643 424 hoo
662 369 733 426 inde
751 379 879 448 tompore
896 380 1025 434 innatus
1050 386 1096 436 ost
1120 378 1286 439 hominibus

55 487 141 529 umor
159 476 296 525 mutuus.
338 465 410 525 Nam
430 465 533 526 divisis
552 464 614 524 illis
632 466 665 524 in
689 465 761 526 duas
783 481 894 548 partes,
915 492 998 531 suum
1017 495 1201 555 unaquaeque
1219 497 1285 557 pars

53 563 238 642 quaeritabat
255 563 429 638 dimidium,
448 565 656 642 inventumque
672 563 834 624 vehementi
852 569 947 628 studio
960 570 1186 651 amplexabatur.
1206 575 1284 633 Hinc

53 662 127 721 mira
146 662 201 721 illa
220 663 317 721 omnia
326 708 335 736 ,
355 683 427 741 quae
447 664 479 721 in
497 682 591 721 amore
611 662 776 720 etiamnunc
795 662 936 726 obtinent.
965 669 1083 742 Quoties
1100 672 1177 731 enim
1195 672 1284 731 alicui

53 761 221 840 contingit,
243 773 274 818 ut
293 761 326 819 in
343 756 455 843 partem
472 761 518 820 sui
528 804 537 834 ‚
557 761 590 819 in
609 761 653 818 sui
673 759 829 819 dimidium
842 775 870 821 ct
888 756 1034 844 ’ξύμβολον
1053 767 1181 845 incidat,
1201 769 1284 829 ambo

53 858 101 917 illi
121 857 331 939 obstupescunt
358 859 515 933 continuo,
542 857 689 916 discedere
710 879 728 916 a
755 879 784 916 se
808 859 936 919 invicem
963 861 1085 938 nolunt,
1106 886 1159 925 nec
1189 866 1284 926 dicere

53 970 186 1035 queunt,
207 955 280 1035 quid
299 956 355 1015 sibi
373 978 389 1014 a
406 977 435 1014 se
453 956 580 1016 invicem
597 969 734 1035 expetant
745 978 833 1027 :,non
852 959 928 1017 enim
945 957 977 1017 id
995 979 1053 1019 csse
1067 961 1183 1025 videtur
1199 984 1284 1024 vene·

54 1076 121 1115 reus
137 1056 251 1128 coitus,
270 1054 371 1133 quasi,
391 1054 479 1129 hujus
493 1054 612 1128 caussa,
626 1067 725 1115 mutua
743 1054 951 1115 consuetudine
970 1069 1117 1138 tantopere
1141 1059 1285 1121 delecten-

54 1167 123 1228 tur,
136 1151 189 1213 scd
207 1151 290 1211 aliud
307 1151 381 1230 quid
402 1153 549 1230 utriusque
568 1148 680 1235 animus
697 1151 841 1230 anquirit,
860 1151 938 1230 quod
954 1153 1038 1232 quale
1057 1157 1093 1215 sit
1112 1156 1207 1217 dicere
1224 1181 1285 1220 non

55 1264 169 1333 potest,
197 1249 248 1309 sed
276 1251 357 1329 quasi
380 1250 555 1315 vaticinatur
581 1247 654 1327 quid
678 1249 794 1328 cupiat,
815 1263 843 1308 et
869 1248 988 1309 obscure
1015 1252 1135 1317 indicat,
1176 1257 1286 1330 Quodsi

55 1349 144 1424 illos,
167 1369 198 1409 se
224 1361 324 1407 mutuo
348 1347 512 1428 amplexos,
533 1346 648 1407 adstans
673 1367 740 1405 cum
766 1347 964 1409 instrumentis
983 1349 1133 1416 Vulcanus
1158 1368 1284 1433 rogaret:

55 1447 129 1527 quid
149 1460 192 1507 est
214 1444 350 1520 tandem,
368 1446 516 1520 homines,
537 1444 616 1535 quod
639 1445 721 1506 robis
739 1443 802 1503 fieri
818 1466 836 1504 a
855 1445 994 1506 vobismet
1011 1448 1139 1510 invicem
1166 1452 1285 1513 relitisl

56 1559 85 1604 et
115 1544 294 1624 ambigentes
329 1544 397 1603 illos
435 1545 538 1609 iterum
570 1556 828 1624 percunctaretur:
861 1542 983 1603 hoccine
1017 1546 1205 1626 desideratis,
1236 1564 1287 1626 ut,

56 1643 155 1723 quoad
173 1644 235 1721 ejus
253 1642 315 1700 ficri
332 1643 439 1723 possit,
460 1642 582 1700 maxime
601 1641 662 1699 sitis
681 1662 739 1699 una
749 1684 758 1715 ,
780 1654 812 1700 ut
836 1639 899 1700 dies
922 1656 1074 1723 noctesque
1103 1664 1252 1727 nunquam
1270 1670 1287 1709 a

56 1742 143 1803 vobis
162 1741 289 1803 invicem
308 1739 488 1800 discedatis?
516 1741 589 1799 Nam
608 1738 640 1798 id
658 1739 682 1797 si
701 1737 888 1817 desideratis,
903 1738 992 1801 velim
1013 1756 1064 1803 ros
1077 1765 1130 1824 ego
1148 1746 1181 1805 in
1196 1768 1286 1807 unum

55 1839 205 1914 conflare,
234 1853 285 1913 ut,
314 1839 445 1918 quamvis
474 1838 550 1913 duo,
572 1858 647 1896 unus
670 1836 749 1896 sitis:
771 1849 799 1894 et
827 1836 966 1914 quamdiu
992 1839 1117 1915 vivatis,
1142 1845 1227 1905 ambo
1255 1859 1287 1906 ut

57 1960 135 2000 unus
155 1937 288 2017 idemque
307 1937 431 2011 vivatis,
449 1950 478 1995 et
495 1949 644 2017 postquam
662 1934 767 1993 mortui
786 1934 884 2009 critis,
904 1935 967 1994 illic
985 1936 1081 1999 denuo
1100 1939 1133 1999 in
1152 1962 1218 2003 orco
1235 1964 1288 2025 pro

37 2037 174 2097 ¹duobus
192 2057 268 2095 unus
291 2035 371 2109 sitis,
392 2032 581 2095 communiter
608 2032 723 2116 mortui.
764 2032 824 2092 Vos
842 2053 911 2096 vcro
929 2033 1044 2110 ridete,
1063 2057 1133 2095 num
1152 2037 1207 2103 hoc
1234 2061 1287 2099 cu-

59 2136 166 2216 piatis,
188 2134 326 2212 vobisque
345 2130 487 2207 sufficiat,
507 2132 531 2190 si
549 2130 603 2191 hoc
623 2130 823 2209 assequamini.
844 2131 898 2191 His
915 2131 1040 2207 auditis,
1059 2135 1179 2211 scimus,
1198 2138 1286 2197 nemi·

60 2255 127 2293 nem
147 2232 181 2293 id
200 2245 388 2312 negaturum,
407 2244 457 2289 aut
479 2229 562 2289 aliud
580 2229 652 2309 quid
669 2229 882 2310 appetiturum
903 2230 955 2291 sed
980 2230 1067 2312 plane
1090 2254 1119 2293 se
1142 2235 1287 2297 audivisse

59 2331 288 2395 existimaturum
307 2328 385 2389 illud
390 2327 486 2408 ,quod
500 2326 612 2389 dudum
629 2325 863 2402 desiderorium,
879 2341 911 2386 ut
927 2329 1098 2406 conjunctus
1116 2352 1182 2391 cum
1196 2348 1288 2395 aurato

57 2445 88 2489 et
106 2429 277 2489 commixtus
295 2447 332 2486 ex
351 2426 465 2486 duobus
492 2447 567 2485 unus
594 2424 684 2485 lieret.
703 2507 707 2513 Ι
725 2424 821 2504 Hujus
847 2428 890 2487 roi
909 2443 1090 2511 campet,
1117 2431 1195 2510 quod
1221 2432 1288 2491 talis

58 2528 119 2587 luit
137 2541 220 2588 vetus
237 2540 339 2586 natura
360 2539 475 2599 nostra,
494 2524 656 2602 fuimusque
674 2522 833 2603 aliquando
851 2524 966 2605 integri·
989 2512 1182 2606 *tegritatis
1200 2528 1287 2608 hujus
1342 2600 1345 2607 Ι

58 2624 196 2707 cupidini
214 2637 241 2683 et
258 2623 401 2683 desiderio
419 2644 503 2681 amor
519 2641 623 2680 nomen
640 2633 708 2680 cst.»
735 2617 765 2700 l)
1003 2612 1007 2623 ’
1027 2632 1031 2641 ·

98 2724 124 2783 F
125 2722 225 2782 abulas
243 2720 443 2802 interpretari,
464 2739 535 2799 quae
555 2718 633 2798 apud
651 2717 799 2778 Platonem
826 2732 998 2794 occurrunt,
1018 2717 1194 2785 difficillima
1218 2743 1286 2783 sane

56 2844 105 2883 res
125 2834 176 2881 est.
215 2821 288 2883 Nam
307 2821 349 2878 uti
367 2818 501 2899 nolumus
520 2817 586 2876 illas
604 2816 732 2896 accipere
752 2829 783 2874 ut
802 2814 980 2879 narrationes
1002 2817 1139 2897 quasdam
1159 2819 1285 2896 inane,

56 2918 167 2999 quibus
190 2939 344 2999 puerorum
367 2918 458 2977 instar
478 2915 653 2977 oblectemur
681 2913 897 2990 tantummodo,
924 2915 966 2975 ita
983 2915 1145 2979 cavendum
1163 2932 1204 2977 est
1223 2941 1286 2979 ma-

56 3020 158 3092 xime,
179 3038 215 3076 ne
240 3017 276 3075 iis
293 3036 406 3075 sensum
431 3012 726 3094 significationemque
754 3011 931 3088 tribuamus,
959 3036 975 3072 a
1001 3015 1167 3097 philosophi
1192 3031 1286 3077 mente

56 3117 272 3178 abhorrentem.
303 3112 360 3173 Sed
385 3114 418 3172 in
437 3113 498 3193 ipsa
518 3112 602 3171 etiam
630 3110 807 3189 exquirenda
832 3112 955 3173 auctoris
973 3126 1068 3176 mente
1093 3128 1120 3173 et
1145 3117 1286 3177 sententia

57 3213 148 3275 facile
164 3213 385 3286 committimus,
411 3224 461 3284 ut,
481 3207 571 3269 forml
596 3207 742 3288 neglecti,
762 3208 949 3269 destituamus
972 3231 1018 3269 eas
1038 3213 1116 3271 omni
1145 3215 1234 3291 gratia
1258 3228 1286 3273 et

60 3325 230 3386 venustate,
250 3312 307 3369 imo
325 3311 355 3369 vi
374 3309 496 3366 maxima
506 3353 514 3381 ,
533 3328 605 3386 quae
625 3307 715 3364 forma
725 3351 733 3380 ,
755 3306 855 3365 habitu
864 3351 873 3380 ,
890 3307 1017 3386 imagine
1042 3311 1126 3369 unice
1151 3314 1285 3391 exprimi·

58 3427 109 3471 tur
126 3425 154 3470 et
173 3410 264 3471 veluti
285 3407 376 3467 oculis
392 3407 572 3487 proponitur.
594 3403 626 3484 2)
647 3403 727 3479 Quid
745 3405 856 3483 igitur?
886 3405 922 3463 In
945 3404 1126 3488 philosophia
1146 3409 1285 3469 tradenda

60 3510 189 3570 Platonis
213 3505 389 3566 enarrandae
414 3504 498 3563 nobis
520 3501 717 3563 tantummodo
742 3514 828 3576 sunt,
848 3520 919 3581 quae
948 3502 1025 3582 apud
1046 3524 1107 3560 eum
1132 3522 1285 3566 occurrunt

60 3608 203 3669 fabulae?
224 3607 284 3664 lmo
312 3615 380 3664 vero
407 3601 596 3683 explicandae
624 3599 763 3661 videntur
788 3599 920 3659 simulet
943 3599 1151 3677 illustrandae,
1172 3605 1221 3664 sed
1248 3626 1284 3662 ex

62 3709 123 3789 ipsa
140 3702 322 3783 antiquitatis
341 3715 369 3760 et
388 3699 513 3758 Platonis
532 3699 652 3758 ratione.
694 3697 794 3757 Exstat
813 3697 846 3756 in
864 3696 962 3756 eodem
982 3700 1121 3779 symposio
1145 3702 1201 3760 alia
1218 3703 1285 3761 item

61 3805 97 3864 de
115 3822 210 3862 amore
229 3800 345 3874 fabula,
365 3799 482 3859 brevius
500 3811 649 3870 enarrata,
670 3794 719 3853 sed
740 3816 798 3853 non
814 3795 909 3852 minus
923 3794 1009 3874 plena
1029 3797 1172 3857 interioris
1191 3799 1282 3879 philo·

63 3901 188 3983 sophiae.
214 3920 229 3952 u
239 3898 269 3957 Si
289 3896 467 3977 quaerimus,
488 3895 528 3953 ait
548 3895 689 3967 Diotime,
710 3889 788 3951 unde
806 3906 883 3951 ortus
902 3893 939 3952 sit
956 3914 1052 3969 amor,
1067 3896 1169 3955 Porum
1184 3896 1286 3955 habuit

97 4156 122 4224 ll
139 4156 284 4228 saraptae.
299 4155 327 4208 C.
337 4188 368 4196 -
376 4154 432 4207 193.
446 4155 476 4206 Ι).
496 4153 526 4205 Ut
538 4163 669 4217 caeteros,
682 4154 718 4204 ita
728 4152 795 4205 hunc
807 4154 832 4203 in
845 4155 933 4220 primis
942 4169 1085 4206 sermonem
1095 4155 1285 4224 elegantissime

65 4247 193 4297 enarravit
212 4245 290 4310 Wytt.
324 4242 388 4293 Bibl.
409 4240 450 4294 Gr.
473 4240 530 4292 1.1.
554 4237 595 4291 38.
632 4238 685 4290 llos
711 4255 743 4291 ex
768 4239 963 4304 enutriamus,
988 4256 1053 4323 quae
1077 4242 1185 4293 maxime
1205 4243 1286 4310 philo-

64 4331 170 4398 aopbs'un
184 4335 338 4405 speptttrettt.
909 4325 913 4331 ’
1321 4337 1324 4341 ’

101 4412 125 4477 2)
140 4415 197 4467 vit.
215 4415 293 4480 Wytt.
307 4413 333 4464 in
348 4412 426 4480 Epist.
444 4410 581 4477 Specimini
594 4425 652 4460 mco
668 4409 731 4461 Plat.
750 4411 890 4476 praemissa
902 4426 928 4479 p.
940 4409 987 4480 37„
1050 4470 1054 4480 1

1021 4495 1053 4536 a*
