2774 5048
700 248 761 309 tto

112 416 207 497 -piam
226 412 263 471 de
286 409 372 493 τῴε
400 412 592 490 gravissimis,
613 431 684 490 quas
701 410 816 490 attigitr
846 410 939 471 veluti
967 410 1005 471 de
1023 417 1178 489 principio
1205 417 1343 470 amicas:

130 530 289 592 equom
309 509 432 567 maxime
450 509 502 568 ille
519 509 589 568 baec
608 509 694 568 initia
715 508 853 568 duxeritt
884 509 960 568 sitne
978 507 1078 584 illud,
1107 522 1142 567 ut
1167 508 1238 567 binc
1266 521 1344 589 patere

132 610 283 685 videatur,
300 602 411 682 aazia,
428 609 602 689 indigentia
621 609 750 666 laminis
760 653 768 683 ,
779 628 829 667 seu
849 607 985 666 utilitatis
1004 608 1207 688 propositum,
1227 629 1265 666 an
1281 605 1345 666 aliid

131 706 294 787 quoddam:
316 723 377 769 tum
393 709 480 767 etiam
498 707 535 766 de
554 716 637 765 statu
658 718 810 765 naturae.-
839 706 996 765 finxeritne
1024 705 1152 784 aliquem
1180 706 1281 779 Plato,
1298 727 1345 786 pra

134 807 179 865 nti
195 807 521 866 mcenuoresleceruut
537 805 669 886 politici,
691 819 723 864 ut
742 804 813 864 hinc
834 817 976 887 repeteret
995 804 1125 863 civitatis
1143 805 1292 884 omnisque
1306 826 1346 885 pa

132 906 231 966 liticae
249 906 398 965 rationem.
442 904 532 963 Nobis
550 925 618 963 vero
643 903 680 962 de
698 903 745 962 his
762 903 981 982 quaestionibus
990 949 999 977 ‚
1031 903 1212 983 gravissimis
1231 914 1295 962 sine
1317 903 1346 961 la·

132 1005 296 1082 tissimeque
325 1003 512 1084 patentibus,
542 1001 592 1059 hle
622 1001 754 1061 nondum
785 1021 866 1082 agere
902 1015 995 1062 vacat.
1037 1000 1172 1061 Condere
1200 1001 1346 1073 civitatem,

98 1153 101 1157 .
131 1123 204 1182 opus
221 1102 301 1162 haud
321 1121 388 1161 sane
409 1101 565 1181 exiguum,
585 1101 749 1181 coepimus:
772 1100 849 1160 hanc
869 1101 951 1181 prins
971 1099 1123 1159 absolvere
1142 1104 1253 1175 totam,
1281 1119 1346 1180 quau
1379 1174 1381 1181 Ι

128 1203 285 1277 politicam
313 1200 443 1260 Platonis
470 1197 686 1279 aggrediamur,
716 1199 869 1280 oportebit.
912 1197 970 1258 Sed
1001 1197 1041 1257 de
1066 1198 1122 1257 boc
1153 1199 1219 1278 ipso
1243 1197 1346 1256 Platonis
1379 1278 1381 1283 Ι

130 1299 274 1379 perfectae
292 1296 462 1359 condendae
480 1297 607 1356 civitatis
623 1298 745 1356 consilio
775 1297 913 1357 nonnihil
938 1296 987 1356 bic
1014 1297 1100 1374 juvat
1125 1293 1347 1355 animadvertere
1379 1340 1381 1357 ÷

130 1397 279 1472 Fuerunt,
301 1397 344 1456 nti
364 1396 510 1469 diximus,
530 1416 617 1474 quam
642 1394 781 1476 plurimi,
803 1395 853 1474 qui
877 1392 1127 1477 reprehenderent
1152 1393 1211 1452 boc
1238 1392 1348 1474 philost·
1378 1370 1381 1395 Ι

130 1495 183 1576 phi
210 1496 408 1576 propositum,
438 1493 652 1552 confundentes
670 1494 782 1552 scilicet
805 1514 871 1552 cnm
891 1494 956 1552 viro
975 1492 1080 1552 divino
1100 1505 1131 1551 et
1158 1489 1348 1571 propemodm

130 1592 271 1672 singulari
302 1592 427 1651 turbam'
454 1591 535 1650 illam
562 1591 800 1672 philosophorum
811 1638 819 1665 ,
851 1610 972 1670 quorum
996 1603 1056 1649 tam
1085 1591 1255 1671 proposita,
1282 1610 1348 1668 quau

130 1690 256 1771 placita,
279 1691 354 1770 aegri
374 1691 494 1749 fuerunt
513 1690 617 1770 eapitis
636 1692 756 1750 somnia.
800 1691 889 1748 Nobis
905 1691 966 1768 jam
986 1708 1022 1747 ex
1040 1689 1076 1747 iis
1096 1689 1192 1769 ipsis,
1212 1708 1285 1767 quae
1298 1687 1347 1746 lae

129 1802 215 1847 tenus
241 1790 273 1848 in
303 1791 365 1871 ejus
394 1789 511 1847 Politia
541 1770 681 1867 legimus,
714 1802 849 1868 apparet,
879 1807 938 1866 qno
955 1787 1080 1846 maxime
1099 1786 1230 1845 consilio
1247 1786 1294 1845 ille
1308 1783 1348 1843 le

130 1907 202 1966 opus
222 1887 379 1967 scripserit.
421 1890 492 1946 Nam
523 1888 686 1960 cernimus,
714 1887 845 1964 justitiae
875 1885 1032 1964 beataeque
1060 1885 1139 1948 vitae
1169 1881 1348 1963 exquirendae

32 2060 38 2071 ι
128 1983 228 2044 caused
257 1983 353 2044 fictam
379 1985 411 2043 in
438 2006 472 2044 eo
491 2007 507 2043 a
528 1985 647 2043 Platone
675 1985 824 2044 civitatem
855 2004 933 2058 esse,
960 2005 1021 2043 non
1037 1982 1070 2042 id
1087 1996 1237 2065 spectasse
1254 1980 1349 2063 proprie

63 2149 65 2152 ¹
128 2094 293 2156 auctorem,
315 2096 347 2141 ut
362 2086 532 2160 perfectum
555 2081 641 2141 nobis
660 2081 915 2162 contemplandam
939 2081 1150 2162 rempublicam
1177 2079 1270 2140 daret.
1305 2081 1348 2158 lp·
1379 2082 1381 2105 ¹

128 2199 237 2260 ponere
251 2181 311 2256 jam
331 2179 458 2259 simplici
479 2179 548 2238 huie
568 2192 597 2237 et
615 2177 727 2238 sobriae
747 2181 861 2239 civitati
881 2180 1060 2238 luxuriosam
1088 2179 1209 2259 coepit:
1240 2176 1272 2237 id
1296 2196 1347 2236 tuo
1379 2190 1381 2195 '

127 2296 186 2355 quo
204 2276 347 2349 consilio,
368 2298 421 2335 eurr
441 2277 480 2335 ita
501 2277 641 2335 continuo
660 2296 812 2355 aggressus
830 2277 984 2353 videatur,
1006 2277 1063 2336 nisi
1079 2290 1112 2335 ut
1137 2291 1201 2336 tam
1231 2273 1346 2354 injustiti-

128 2392 176 2431 am
194 2390 280 2450 quam
296 2374 459 2449 justitiam,
487 2394 553 2432 eum
572 2374 603 2432 in
623 2375 760 2449 civitate,
790 2368 851 2433 tum
880 2376 1020 2457 deinceps
1048 2376 1162 2456 pariter
1191 2376 1225 2434 in
1251 2374 1346 2463 bomine

130 2470 339 2549 investigaret?
361 2473 523 2552 Proponere
543 2484 637 2529 autem
656 2471 741 2529 nobis
760 2472 885 2530 sobriam
902 2473 983 2531 illam
1002 2494 1088 2552 quam
1105 2477 1345 2551 perfectissima
1366 2510 1371 2521 .

129 2567 259 2641 studuit,
280 2588 337 2646 quo
358 2569 474 2629 facilius
496 2571 527 2627 iu
548 2590 580 2627 ea
608 2589 726 2627 cernere
750 2570 894 2646 justitiam
913 2591 1068 2651 possemus.
1111 2570 1252 2647 Scilicet,
1270 2583 1309 2628 nt
1322 2570 1344 2626 in

129 2664 315 2739 hominibus,
348 2664 387 2722 ita
418 2664 451 2722 in
478 2666 646 2726 civitatibus
674 2666 836 2745 quibusque
863 2668 1079 2749 perfectissimis
1107 2670 1236 2730 virtutes
1252 2669 1344 2728 elucent

127 2762 297 2821 clarissime.
328 2760 387 2820 Sed
402 2762 449 2821 bis
469 2765 508 2822 ita
529 2764 756 2840 animadversis,
776 2768 847 2845 age,
869 2763 907 2824 ad
927 2787 998 2846 opus
1019 2765 1097 2825 illud
1118 2783 1252 2827 nostrum
1270 2765 1343 2826 redea-

130 2880 203 2919 mus.
244 2858 449 2935 Quaerendum
479 2862 564 2920 nobis
592 2884 677 2944 porro
702 2876 760 2937 est,
781 2864 881 2943 quales
910 2884 969 2924 esse
990 2877 1121 2945 oporteat
1146 2867 1277 2926 civitatis
1297 2883 1341 2922 aas

131 2972 191 3016 trae
209 2958 359 3032 custodes,
380 2980 493 3038 quaque
513 2960 573 3018 sint
590 2982 607 3018 a
629 2962 738 3020 teneris
756 2963 939 3022 institutione
958 2962 1125 3023 excolendi.

163 3150 381 3212 Ciuitatis
401 3158 610 3215 custodes.
655 3156 850 3215 Decreta
875 3178 1110 3236 aarumper
1131 3153 1320 3220 niusicaut

402 3261 770 3330 etgymaasttcam
791 3264 1093 3316 institutione.

170 3447 243 3506 Nam
273 3461 304 3504 ut
332 3446 474 3520 increvit,
504 3449 601 3526 prouti
631 3449 778 3526 vidimus,
808 3466 836 3511 et
863 3471 984 3511 numero
1005 3466 1034 3509 et
1052 3453 1197 3512 varietate
1218 3452 1337 3513 hominm

129 3546 252 3618 civitas,
274 3544 403 3622 bellique
423 3543 492 3603 inde
516 3549 747 3625 opportunitates
766 3564 978 3629 apparuerunt,
1007 3549 1182 3611 custodibus
1202 3552 1279 3614 videt
1301 3545 1338 3603 St

130 3655 222 3700 crates
249 3663 320 3722 opus
347 3662 427 3718 esse,
457 3644 508 3720 qui
534 3657 592 3701 tam
620 3648 832 3721 humanitate,
869 3669 956 3726 quarn
975 3650 1173 3722 fortitudine
1211 3647 1338 3708 excellant.

130 3739 211 3810 Quae
230 3751 348 3796 naturae
370 3738 449 3799 dotes
468 3742 647 3820 virtutesque
666 3766 755 3821 quum
774 3766 838 3803 raro
864 3747 896 3804 in
924 3745 1094 3805 bominibus
1123 3750 1292 3826 conjunctae
1306 3761 1338 3800 rc

130 3836 281 3916 periantur
303 3849 466 3914 «putasne,
486 3840 618 3929 quaerit,
640 3845 769 3920 generosi
789 3845 870 3902 canis
887 3856 917 3902 et
931 3845 1053 3920 juvenis
1070 3846 1205 3924 generosi
1235 3858 1339 3906 nautam

130 3932 169 3992 nd
189 3931 348 3991 custodiam
366 3935 503 4012 agendam
524 3936 663 3997 differre?
685 3941 738 4001 Cui
757 3941 887 4015 Glauco,
908 3941 993 4025 quale
1012 3941 1092 4001 istud
1111 3940 1214 4003 dicis?
1245 3937 1339 4005 vetui,

131 4031 246 4108 inquit,
268 4043 421 4108 utrumque
440 4052 498 4090 esse
517 4049 711 4113 oportet-cum
733 4059 859 4116 sagacem
874 4039 914 4097 ad
932 4039 1139 4115 sentiendum,
1161 4054 1224 4100 tum
1238 4039 1339 4101 verona

130 4127 168 4186 ad
186 4126 419 4207 insequendum,
439 4142 500 4186 tum
521 4152 606 4207 vero,
628 4134 678 4191 ubi
700 4150 843 4194 assecutus
863 4136 971 4211 fuerit,
992 4135 1030 4195 ad
1047 4137 1241 4218 pugnandum
1258 4134 1339 4194 robus·

131 4238 244 4284 tum.-
266 4228 346 4307 Opus
367 4239 442 4284 certe
460 4239 502 4285 est
522 4230 657 4290 omnibus
674 4232 789 4292 illis.-
811 4234 897 4311 Atqui
918 4234 1000 4293 sortis
1020 4235 1057 4294 sit
1066 4250 1200 4316 oportet,
1221 4231 1336 4313 siquiden
1378 4266 1381 4343 4

132 4323 205 4381 bene
242 4339 422 4404 pugnaturus
457 4325 503 4383 sit.
524 4358 556 4367 -
591 4328 730 4401 Quidni?
751 4373 785 4383 -
815 4332 947 4391 Fortisne
973 4345 1068 4391 autem
1105 4346 1134 4392 et
1163 4333 1256 4394 audax
1281 4327 1337 4395 erite
1378 4368 1381 4385 ·

133 4422 182 4498 qui
201 4422 376 4498 iracundus,
398 4416 579 4503 θυμοειδής,
601 4428 733 4503 nonsit,
763 4431 824 4488 sive
843 4450 933 4510 equus
950 4430 1011 4491 sive
1038 4431 1123 4489 canis
1149 4432 1212 4494 sive
1237 4422 1336 4508 quodvis
