2796 5048
157 360 238 445 Quid
257 363 430 447 spectaverit
449 361 573 419 maxime
593 357 694 434 Plato,
712 378 802 437 quom
821 366 957 418 concerti
975 378 1028 419 nos
1048 358 1089 420 ad
1112 360 1265 423 veritatem
1280 382 1340 442 opor
1380 381 1389 429 t

117 483 177 530 tere
196 478 350 537 statueret,
360 462 431 521 hino
442 506 449 533 ,
460 457 565 532 credo,
584 456 749 537 intelligere
760 458 923 537 coepimus3
943 456 995 517 sed
1013 456 1191 537 quaerendo
1205 458 1345 519 discemen-
1385 471 1394 525 t

117 566 212 645 doque
231 582 397 644 pergamus,
417 572 561 634 totamque
578 555 655 615 hano
674 555 842 636 philosophi
860 556 1025 617 doctrinam
1044 576 1061 616 e
1082 556 1253 617 Socraticae
1270 558 1349 640 philo·
1390 567 1394 623 l

118 665 237 745 sophiae
258 659 414 742 principiis
433 656 621 715 illustremus.

174 877 446 936 Socraticam
472 848 848 955 reseat'rationent
878 876 968 928 tata
988 870 1090 929 haec
1113 868 1320 929 Platonis

188 996 275 1033 cum
292 974 337 1030 de
355 970 494 1029 mando
516 962 638 1049 νοητῷ
656 967 781 1044 deque
799 966 930 1042 idaia,
950 970 1097 1027 tuende
1116 969 1308 1027 hominis

358 1069 408 1127 ad
424 1076 663 1126 veritatem
681 1064 900 1150 περιαγωγῇ
921 1068 1139 1127 doctrina.

161 1281 364 1345 Confunditur
384 1281 446 1340 fere
465 1302 530 1340 cum
552 1281 714 1341 Aristotelis
735 1281 933 1363 metaphysico
944 1326 953 1356 ,
973 1281 1025 1361 qui
1044 1280 1155 1361 inepte
1175 1278 1220 1339 sic
1239 1290 1360 1351 vocatur,

120 1382 230 1443 mundo
249 1380 377 1439 mundus
396 1381 527 1439 Platonis
549 1373 666 1459 νοητός.
697 1381 762 1456 Quo
783 1379 836 1456 fit,
853 1394 886 1439 ut
905 1380 987 1440 Plato
1016 1377 1142 1437 dicatur
1172 1376 1305 1437 subinde
1326 1396 1360 1435 cc-

123 1481 264 1563 gnitionis
279 1479 423 1537 humanae
440 1478 514 1537 lines
534 1481 678 1560 migrasse.
700 1480 782 1539 Fecit
791 1479 841 1555 id,
862 1493 894 1538 ut
915 1478 1063 1552 vidimus,
1083 1466 1358 1555 Aristotelen'Yaiq

118 1573 157 1640 ui
174 1570 284 1658 φυσικιί
303 1599 332 1636 se
343 1578 465 1658 erigens,
485 1598 598 1637 caussas
618 1578 777 1656 exquisivit
798 1599 895 1636 rerum
912 1577 1041 1636 omnium
1050 1620 1060 1650 ,
1078 1589 1112 1635 ut
1134 1574 1216 1637 hinc
1235 1596 1281 1637 res
1298 1574 1359 1637 diti·

120 1701 173 1740 nas
192 1699 290 1738 omnes
309 1691 338 1736 et
354 1676 495 1735 humanas
524 1676 697 1756 explicaret.
726 1675 812 1750 Quod
842 1677 950 1736 Humio
979 1675 1126 1755 primum,
1161 1687 1229 1735 tum
1248 1674 1360 1748 Kantio,

121 1779 164 1838 uti
185 1777 338 1848 novimus,
358 1775 427 1832 item
447 1775 664 1834 Hemsterhusio
685 1775 929 1856 opportunitatem
950 1772 1051 1848 dedit,
1074 1786 1109 1831 ut
1130 1772 1359 1854 cognitionisha·

123 1897 226 1935 manae
247 1875 321 1932 fines
350 1886 502 1952 ponerent.
545 1873 644 1949 Plato,
672 1874 764 1932 fateor
791 1893 851 1931 non
870 1873 967 1953 posuit
983 1870 1051 1930 illos
1058 1894 1068 1946 ;
1100 1886 1303 1935 veruntamen
1316 1872 1360 1931 mi·

124 1994 217 2055 grasse
237 1973 351 2032 eosdem
370 1970 455 2029 nullo
478 1973 545 2049 jure
573 1971 691 2032 dicitur.
722 1972 847 2030 Duxerit
866 1971 891 2029 is
917 1968 1119 2044 Aristotelem,
1144 1972 1233 2050 quod
1247 1968 1359 2031 animal·

123 2074 281 2146 vertimus,
311 2069 349 2129 ad
379 2068 605 2149 metaphysioam
629 2067 820 2145 tradendam
855 2066 885 2148 l)
914 2070 965 2129 sed
992 2060 1099 2148 νορτδς
1119 2072 1193 2149 ejus
1213 2071 1358 2131 mundun

123 2171 322 2252 metaphysico
341 2166 394 2226 illo
410 2165 573 2225 Aristotelis
593 2165 677 2246 longe
698 2166 830 2226 diversus
846 2181 897 2226 est.
938 2170 1003 2229 Non
1025 2169 1106 2229 enim
1127 2171 1268 2231 escensio
1282 2168 1357 2251 homi·

121 2272 168 2329 nis
187 2289 224 2328 ex
242 2282 325 2327 antro
346 2286 378 2323 eo
393 2264 471 2324 valet
488 2263 568 2343 apud
590 2264 760 2340 Platonem,
782 2279 814 2324 ut
836 2286 851 2323 e
872 2268 1071 2345 superioribus
1099 2269 1280 2350 regionibus
1294 2286 1356 2326 caue

121 2389 166 2426 sas
187 2385 282 2424 rerum
302 2363 432 2421 omnium
451 2372 579 2442 peteret,
598 2362 649 2421 sed
669 2383 702 2421 eo
717 2363 908 2444 simpliciter,
927 2379 978 2440 ut,
997 2386 1071 2444 quac
1088 2365 1160 2426 illic
1184 2367 1296 2429 viderit
1303 2364 1355 2441 ,hle

120 2466 159 2526 ad
176 2484 221 2523 res
239 2476 350 2522 nostras
370 2474 446 2518 recte
466 2460 682 2539 componendas
702 2460 864 2522 adhiberet.
894 2463 981 2522 Vidit
1000 2478 1098 2523 autem
1117 2464 1193 2526 illic
1211 2459 1253 2527 ari
1267 2455 1355 2546 eaqtd,

118 2583 193 2644 quae
214 2562 271 2620 nisi
290 2559 466 2640 percepisset
486 2558 583 2618 animo
602 2559 784 2639 intuitusque
805 2561 906 2621 fuisset
917 2607 926 2637 ,
944 2583 998 2622 nec
1021 2576 1099 2622 recte
1118 2568 1258 2647 cogitare
1276 2567 1310 2628 de
1324 2584 1354 2623 re

118 2663 174 2722 bus
195 2659 299 2719 nostris
330 2671 380 2716 aut
406 2655 559 2735 judicare,
589 2677 642 2715 neo
675 2678 743 2716 vero
773 2658 911 2738 perlicere
941 2661 1019 2740 quod
1034 2682 1105 2723 vere
1124 2652 1177 2725 sit'
1190 2668 1354 2749 pulcram&

117 2761 228 2821 bouum
248 2758 347 2839 possit.
390 2755 455 2814 Alte
473 2754 628 2815 evolarunt
649 2756 840 2837 metaphysici
851 2758 911 2818 fere
921 2804 930 2835 ‚
954 2773 985 2818 ut
1004 2760 1037 2821 in
1055 2761 1192 2824 sublime
1211 2766 1281 2825 elati
1298 2763 1348 2822 mit·

117 2872 211 2919 terent
231 2857 319 2937 plane
338 2854 481 2914 mundum
497 2852 744 2933 adspectahilem;
766 2854 817 2914 sed
836 2857 916 2937 apud
940 2858 1089 2918 Platonem
1109 2850 1246 2924 redeunt
1262 2864 1294 2923 in
1310 2880 1351 2920 m·

115 2971 194 3016 trum
212 2955 262 3035 qui
282 2952 491 3026 escenderent,
513 2964 559 3024 et,
586 2951 658 3010 licet
679 2952 735 3012 huo
765 2954 874 3014 reversi
905 2955 1083 3037 displiceant
1103 2957 1350 3039 hominihus,qu

116 3055 283 3112 etiamnunc
302 3050 398 3132 pulcri
409 3049 537 3127 bonique
550 3049 631 3108 falsis
642 3051 793 3130 speciebus
812 3066 950 3113 tenentur
967 3055 1073 3130 unice,
1093 3058 1257 3120 consulere
1272 3074 1349 3121 cneo

115 3171 216 3210 eorum
226 3149 329 3222 rebus,
349 3147 501 3209 vindicare
511 3167 608 3205 eorum
622 3147 801 3225 libertatem,
813 3152 935 3213 evehere
946 3174 994 3213 eos
1009 3167 1038 3214 et
1056 3171 1239 3218 convertere
1257 3158 1294 3219 ad
1309 3176 1350 3217 ve·

117 3251 232 3307 ritatem
249 3268 309 3305 non
328 3259 448 3304 cessant.
498 3237 641 3326 «Ἀνάγκη
666 3243 768 3308 ἒκτιόν
781 3245 1017 3334 προειρημένων,
1030 3256 1091 3331 ait,
1108 3247 1348 3336 μήτετοιῖςᾶπα·

114 3337 471 3424 δεύτοοςκαίιίληθιίας
451 3340 589 3425 απιίροος
596 3343 703 3422 ἱκανῶς
711 3343 747 3409 ἄν
756 3373 825 3413 ποτε
836 3347 948 3415 πόλιν
932 3354 1156 3438 επιτροπιῦσοιι,
1167 3353 1250 3441 μήτε
1258 3352 1349 3433 voigi

114 3450 234 3535 παιδιιᾳ
252 3441 402 3525 ἐωμένους
412 3443 571 3527 decapitata
593 3444 643 3511 irai
664 3447 779 3527 τέλους
800 3476 870 3530 τους
890 3453 960 3535 μὲν,
985 3480 1035 3521 οτι
1055 3452 1173 3521 σκοπὸν
1196 3458 1231 3523 ἐν’
1250 3484 1291 3549 τρι
1277 3456 1348 3543 lily

114 3547 168 3612 oria
176 3545 296 3631 ἔχουσιν
318 3572 382 3624 ενα,
393 3571 429 3609 ου
434 3547 675 3630 στοχαζομένους
689 3548 769 3615 affl
747 3579 862 3618 απαντο
873 3554 1011 3641 πράττειν
1019 3555 1038 3621 ii
1050 3554 1088 3622 dv
1103 3556 1285 3647 πράττωσιν
1301 3558 1348 3643 ldia

116 3675 146 3713 τε
157 3676 206 3712 και
199 3651 236 3713 tl
238 3674 362 3737 ημοσιοι
373 3645 443 3725 τούς
452 3647 531 3727 δέ,“
511 3676 557 3715 οτι
564 3677 677 3731 εκοντες
688 3651 808 3718 εἶναι’
772 3680 807 3718 ov
821 3654 1026 3742 πράξουσιν,
1004 3684 1168 3744 ηγουμινοι
1181 3660 1348 3748 &pudeat

116 3748 216 3836 νήσοις
227 3749 368 3828 ζωντις
350 3777 393 3816 ετι
403 3749 579 3840 ἀπῳκίσθαι·
592 3760 884 3822 edictisaecoeoaaa‘o
899 3773 1114 3843 consequitur,
1134 3790 1194 3827 nec
1213 3774 1301 3830 rudes
1312 3771 1346 3827 le

116 3867 213 3917 mines
225 3864 424 3935 veritatisque
433 3866 559 3939 ignarae
567 3867 723 3918 ciuitatem
731 3861 952 3922 administrare
962 3874 1042 3922 recte
1050 3884 1154 3940 posse,
1168 3890 1226 3928 nec
1236 3894 1299 3930 voro
1305 3890 1345 3937 eet,

115 3957 483 4036 quiperpetuodoctvinae
493 3961 605 4017 stadiis
615 3978 735 4033 operam
745 3980 860 4018 navare
866 3973 1014 4043 pergant:
1025 3964 1105 4038 illae,
1117 3974 1197 4042 quio
1207 3986 1346 4028 ποπιιιιιιπ

116 4059 226 4116 habent
237 4064 270 4112 ιἰι
281 4063 345 4114 ot'ta
356 4101 364 4128 ,
376 4077 431 4133 quo
441 4064 542 4115 omnia
548 4059 882 4136 pmoatintpublieeqaa
898 4064 1040 4136 reserant
1050 4107 1059 4137 ,
1072 4074 1268 4143 propositum
1276 4113 1286 4141 ,
1294 4068 1345 4133 hot,

115 4165 188 4234 quia
205 4165 307 4233 sponte
325 4162 386 4233 ipsi
407 4161 463 4212 aaa
480 4157 562 4212 nihil
581 4156 653 4214 eant
671 4165 852 4233 peracturi,
874 4166 1104 4237 caietimantce,
1125 4171 1213 4224 aiace
1224 4172 1291 4243 jam
1300 4181 1345 4221 em

118 4312 136 4320 μ
140 4314 157 4320 -
161 4312 372 4321 --—.....—..—-

151 4399 176 4461 1)
196 4401 271 4451 intra
288 4419 312 4466 p.
333 4399 390 4449 aaa.
