<?xml version="1.0" encoding="UTF-8"?>
<!DOCTYPE html PUBLIC "-//W3C//DTD XHTML 1.0 Transitional//EN"
    "http://www.w3.org/TR/xhtml1/DTD/xhtml1-transitional.dtd">
<html xmlns="http://www.w3.org/1999/xhtml" xml:lang="en" lang="en">
 <head>
  <title>
</title>
<meta http-equiv="Content-Type" content="text/html;charset=utf-8" />
  <meta name='ocr-system' content='tesseract 3.04.00' />
  <meta name='ocr-capabilities' content='ocr_page ocr_carea ocr_par ocr_line ocrx_word'/>
</head>
<body>
  <div class='ocr_page' id='page_1' title='image "./initiaphilosoph00heusgoog_0183.png"; bbox 0 0 2774 5048; ppageno 0'>
   <div class='ocr_carea' id='block_1_1' title="bbox 662 216 717 278">
    <p class='ocr_par' dir='ltr' id='par_1_1' title="bbox 662 216 717 278">
     <span class='ocr_line' id='line_1_1' title="bbox 662 216 717 278; baseline 0.018 -1"><span class='ocrx_word' id='word_1_1' title='bbox 662 216 717 278; x_wconf 81' lang='lat'><strong>138</strong></span> 
     </span>
    </p>
   </div>
   <div class='ocr_carea' id='block_1_2' title="bbox 14 376 1286 3493">
    <p class='ocr_par' dir='ltr' id='par_1_2' title="bbox 14 376 1286 3493">
     <span class='ocr_line' id='line_1_2' title="bbox 88 376 1286 460; baseline 0.003 -25"><span class='ocrx_word' id='word_1_2' title='bbox 88 399 152 436; x_wconf 90' lang='lat' dir='ltr'><strong>cum</strong></span> <span class='ocrx_word' id='word_1_3' title='bbox 171 378 236 439; x_wconf 89' lang='lat' dir='ltr'><strong>aliis</strong></span> <span class='ocrx_word' id='word_1_4' title='bbox 254 379 324 439; x_wconf 89' lang='lat' dir='ltr'><strong>locis</strong></span> <span class='ocrx_word' id='word_1_5' title='bbox 341 382 458 454; x_wconf 88' lang='lat' dir='ltr'><strong>Cicero,</strong></span> <span class='ocrx_word' id='word_1_6' title='bbox 478 395 539 441; x_wconf 87' lang='lat' dir='ltr'><strong>tum</strong></span> <span class='ocrx_word' id='word_1_7' title='bbox 558 381 682 439; x_wconf 85' lang='lat' dir='ltr'><strong>maxime</strong></span> <span class='ocrx_word' id='word_1_8' title='bbox 702 382 734 438; x_wconf 88' lang='lat' dir='ltr'><strong>in</strong></span> <span class='ocrx_word' id='word_1_9' title='bbox 763 398 848 460; x_wconf 88' lang='lat' dir='ltr'><strong>opere</strong></span> <span class='ocrx_word' id='word_1_10' title='bbox 875 380 909 437; x_wconf 84' lang='lat' dir='ltr'><strong>de</strong></span> <span class='ocrx_word' id='word_1_11' title='bbox 939 380 1068 440; x_wconf 66' lang='lat' dir='ltr'><strong>Finitus.</strong></span> <span class='ocrx_word' id='word_1_12' title='bbox 1091 376 1198 438; x_wconf 80' lang='lat' dir='ltr'>diserte</span> <span class='ocrx_word' id='word_1_13' title='bbox 1224 399 1286 460; x_wconf 81' lang='lat' dir='ltr'><strong>expe</strong></span> 
     </span>
     <span class='ocr_line' id='line_1_3' title="bbox 87 476 1286 558; baseline 0.002 -23"><span class='ocrx_word' id='word_1_14' title='bbox 87 477 152 536; x_wconf 90' lang='lat' dir='ltr'><strong>suit.</strong></span> <span class='ocrx_word' id='word_1_15' title='bbox 193 477 262 535; x_wconf 89' lang='lat' dir='ltr'><strong>Vim</strong></span> <span class='ocrx_word' id='word_1_16' title='bbox 289 479 335 536; x_wconf 94' lang='lat' dir='ltr'><strong>illi</strong></span> <span class='ocrx_word' id='word_1_17' title='bbox 363 479 487 538; x_wconf 92' lang='lat' dir='ltr'><strong>hominis</strong></span> <span class='ocrx_word' id='word_1_18' title='bbox 513 480 656 537; x_wconf 89' lang='lat' dir='ltr'><strong>internam</strong></span> <span class='ocrx_word' id='word_1_19' title='bbox 685 476 874 558; x_wconf 65' lang='lat' dir='ltr'><strong>explorabant</strong></span> <span class='ocrx_word' id='word_1_20' title='bbox 889 480 1043 551; x_wconf 82' lang='lat' dir='ltr'><strong>maxime,</strong></span> <span class='ocrx_word' id='word_1_21' title='bbox 1064 497 1150 555; x_wconf 89' lang='lat' dir='ltr'><strong>quam</strong></span> <span class='ocrx_word' id='word_1_22' title='bbox 1181 477 1286 537; x_wconf 84' lang='lat' dir='ltr'><strong>infante</strong></span> 
     </span>
     <span class='ocr_line' id='line_1_4' title="bbox 86 570 1286 655; baseline -0.001 -24"><span class='ocrx_word' id='word_1_23' title='bbox 86 570 215 655; x_wconf 63' lang='lat' dir='ltr'><strong>produnt</strong></span> <span class='ocrx_word' id='word_1_24' title='bbox 232 577 378 635; x_wconf 91' lang='lat' dir='ltr'><strong>continuo.</strong></span> <span class='ocrx_word' id='word_1_25' title='bbox 424 597 438 629; x_wconf 84' lang='lat' dir='ltr'><strong>a</strong></span> <span class='ocrx_word' id='word_1_26' title='bbox 449 577 499 635; x_wconf 91' lang='lat' dir='ltr'><strong>Est</strong></span> <span class='ocrx_word' id='word_1_27' title='bbox 527 576 725 635; x_wconf 73' lang='lat' dir='ltr'><strong>enim·naturb</strong></span> <span class='ocrx_word' id='word_1_28' title='bbox 753 576 793 633; x_wconf 89' lang='lat' dir='ltr'><strong>sic</strong></span> <span class='ocrx_word' id='word_1_29' title='bbox 817 589 949 654; x_wconf 88' lang='lat' dir='ltr'><strong>generata</strong></span> <span class='ocrx_word' id='word_1_30' title='bbox 968 577 1014 634; x_wconf 85' lang='lat' dir='ltr'><strong>vis</strong></span> <span class='ocrx_word' id='word_1_31' title='bbox 1041 575 1170 649; x_wconf 76' lang='lat' dir='ltr'><strong>hominis</strong></span> <span class='ocrx_word' id='word_1_32' title='bbox 1182 622 1191 650; x_wconf 92' lang='lat'><strong>,</strong></span> <span class='ocrx_word' id='word_1_33' title='bbox 1212 589 1242 634; x_wconf 90' lang='lat' dir='ltr'><strong>ut</strong></span> <span class='ocrx_word' id='word_1_34' title='bbox 1268 596 1286 635; x_wconf 81' lang='lat' dir='ltr'><strong>a</strong></span> 
     </span>
     <span class='ocr_line' id='line_1_5' title="bbox 87 672 1286 755; baseline -0.001 -25"><span class='ocrx_word' id='word_1_35' title='bbox 87 692 199 730; x_wconf 89' lang='lat' dir='ltr'><strong>omnem</strong></span> <span class='ocrx_word' id='word_1_36' title='bbox 215 673 352 733; x_wconf 85' lang='lat' dir='ltr'><strong>virtutem</strong></span> <span class='ocrx_word' id='word_1_37' title='bbox 370 674 584 755; x_wconf 83' lang='lat' dir='ltr'><strong>percipiendam</strong></span> <span class='ocrx_word' id='word_1_38' title='bbox 599 674 677 745; x_wconf 68' lang='lat' dir='ltr'><strong>¹sacta</strong></span> <span class='ocrx_word' id='word_1_39' title='bbox 697 672 848 733; x_wconf 81' lang='lat' dir='ltr'><strong>videatur:</strong></span> <span class='ocrx_word' id='word_1_40' title='bbox 870 672 908 730; x_wconf 93' lang='lat' dir='ltr'><strong>ob</strong></span> <span class='ocrx_word' id='word_1_41' title='bbox 935 694 1051 751; x_wconf 87' lang='lat' dir='ltr'><strong>eamque</strong></span> <span class='ocrx_word' id='word_1_42' title='bbox 1080 693 1208 732; x_wconf 82' lang='lat' dir='ltr'><strong>caussam</strong></span> <span class='ocrx_word' id='word_1_43' title='bbox 1224 694 1286 753; x_wconf 72' lang='lat' dir='ltr'><strong>paru</strong></span> 
     </span>
     <span class='ocr_line' id='line_1_6' title="bbox 89 769 1283 849; baseline 0.001 -19"><span class='ocrx_word' id='word_1_44' title='bbox 89 771 228 830; x_wconf 83' lang='lat' dir='ltr'><strong>virtutum</strong></span> <span class='ocrx_word' id='word_1_45' title='bbox 246 770 419 844; x_wconf 81' lang='lat' dir='ltr'><strong>simulacris,</strong></span> <span class='ocrx_word' id='word_1_46' title='bbox 434 792 554 849; x_wconf 88' lang='lat' dir='ltr'><strong>quarum</strong></span> <span class='ocrx_word' id='word_1_47' title='bbox 569 772 600 828; x_wconf 88' lang='lat' dir='ltr'><strong>in</strong></span> <span class='ocrx_word' id='word_1_48' title='bbox 617 792 645 829; x_wconf 92' lang='lat' dir='ltr'><strong>se</strong></span> <span class='ocrx_word' id='word_1_49' title='bbox 660 769 768 828; x_wconf 89' lang='lat' dir='ltr'><strong>habent</strong></span> <span class='ocrx_word' id='word_1_50' title='bbox 786 769 909 844; x_wconf 88' lang='lat' dir='ltr'><strong>semina,</strong></span> <span class='ocrx_word' id='word_1_51' title='bbox 920 771 1283 845; x_wconf 80' lang='lat' dir='ltr'><strong>sine&#39;doctrinamoventur</strong></span> 
     </span>
     <span class='ocr_line' id='line_1_7' title="bbox 87 867 1285 948; baseline -0.002 -21"><span class='ocrx_word' id='word_1_52' title='bbox 87 882 155 927; x_wconf 90' lang='lat' dir='ltr'><strong>sunt</strong></span> <span class='ocrx_word' id='word_1_53' title='bbox 173 870 249 927; x_wconf 91' lang='lat' dir='ltr'><strong>enirn</strong></span> <span class='ocrx_word' id='word_1_54' title='bbox 267 869 359 948; x_wconf 90' lang='lat' dir='ltr'><strong>prima</strong></span> <span class='ocrx_word' id='word_1_55' title='bbox 378 868 516 928; x_wconf 90' lang='lat' dir='ltr'><strong>elementa</strong></span> <span class='ocrx_word' id='word_1_56' title='bbox 536 882 670 928; x_wconf 90' lang='lat' dir='ltr'><strong>naturae:</strong></span> <span class='ocrx_word' id='word_1_57' title='bbox 693 867 798 947; x_wconf 90' lang='lat' dir='ltr'><strong>quibus</strong></span> <span class='ocrx_word' id='word_1_58' title='bbox 808 869 912 942; x_wconf 89' lang='lat' dir='ltr'><strong>auctis,</strong></span> <span class='ocrx_word' id='word_1_59' title='bbox 928 869 1045 928; x_wconf 85' lang='lat' dir='ltr'><strong>virtutis</strong></span> <span class='ocrx_word' id='word_1_60' title='bbox 1055 869 1285 948; x_wconf 61' lang='lat' dir='ltr'><strong>quasifcarmenl</strong></span> 
     </span>
     <span class='ocr_line' id='line_1_8' title="bbox 88 948 1286 1046; baseline 0.001 -22"><span class='ocrx_word' id='word_1_61' title='bbox 88 963 221 1025; x_wconf 89' lang='lat' dir='ltr'><strong>efficitur.</strong></span> <span class='ocrx_word' id='word_1_62' title='bbox 262 967 333 1024; x_wconf 90' lang='lat' dir='ltr'><strong>Nam</strong></span> <span class='ocrx_word' id='word_1_63' title='bbox 351 987 415 1024; x_wconf 91' lang='lat' dir='ltr'><strong>cum</strong></span> <span class='ocrx_word' id='word_1_64' title='bbox 433 968 472 1024; x_wconf 91' lang='lat' dir='ltr'><strong>ita</strong></span> <span class='ocrx_word' id='word_1_65' title='bbox 492 948 696 1045; x_wconf 52' lang='lat' dir='ltr'><strong>rrafflfactique</strong></span> <span class='ocrx_word' id='word_1_66' title='bbox 717 967 818 1039; x_wconf 90' lang='lat' dir='ltr'><strong>simus,</strong></span> <span class='ocrx_word' id='word_1_67' title='bbox 841 979 871 1024; x_wconf 93' lang='lat' dir='ltr'><strong>ut</strong></span> <span class='ocrx_word' id='word_1_68' title='bbox 891 980 919 1025; x_wconf 90' lang='lat' dir='ltr'><strong>et</strong></span> <span class='ocrx_word' id='word_1_69' title='bbox 939 967 1043 1046; x_wconf 90' lang='lat' dir='ltr'><strong>agendi</strong></span> <span class='ocrx_word' id='word_1_70' title='bbox 1063 967 1177 1046; x_wconf 91' lang='lat' dir='ltr'><strong>aliquid</strong></span> <span class='ocrx_word' id='word_1_71' title='bbox 1195 980 1222 1025; x_wconf 90' lang='lat' dir='ltr'><strong>et</strong></span> <span class='ocrx_word' id='word_1_72' title='bbox 1239 965 1286 1025; x_wconf 86' lang='lat' dir='ltr'><strong>dili</strong></span> 
     </span>
     <span class='ocr_line' id='line_1_9' title="bbox 88 1052 1286 1146; baseline 0 -25"><span class='ocrx_word' id='word_1_73' title='bbox 88 1063 328 1143; x_wconf 59' lang='lat' dir='ltr'><strong>gendi22aliquos,</strong></span> <span class='ocrx_word' id='word_1_74' title='bbox 349 1078 376 1122; x_wconf 94' lang='lat' dir='ltr'><strong>et</strong></span> <span class='ocrx_word' id='word_1_75' title='bbox 405 1052 616 1138; x_wconf 70' lang='lat' dir='ltr'><strong>liberalitatis,</strong></span> <span class='ocrx_word' id='word_1_76' title='bbox 632 1078 659 1123; x_wconf 90' lang='lat' dir='ltr'><strong>et</strong></span> <span class='ocrx_word' id='word_1_77' title='bbox 689 1063 854 1122; x_wconf 85' lang='lat' dir='ltr'><strong>referendae</strong></span> <span class='ocrx_word' id='word_1_78' title='bbox 882 1065 987 1143; x_wconf 88' lang='lat' dir='ltr'><strong>gratiae</strong></span> <span class='ocrx_word' id='word_1_79' title='bbox 1007 1066 1154 1146; x_wconf 89' lang='lat' dir='ltr'><strong>principia</strong></span> <span class='ocrx_word' id='word_1_80' title='bbox 1174 1066 1206 1122; x_wconf 94' lang='lat' dir='ltr'><strong>in</strong></span> <span class='ocrx_word' id='word_1_81' title='bbox 1225 1064 1286 1124; x_wconf 92' lang='lat' dir='ltr'><strong>nobi</strong></span> 
     </span>
     <span class='ocr_line' id='line_1_10' title="bbox 90 1161 1286 1248; baseline 0.002 -29"><span class='ocrx_word' id='word_1_82' title='bbox 90 1162 316 1237; x_wconf 87' lang='lat' dir='ltr'><strong>contineremus,</strong></span> <span class='ocrx_word' id='word_1_83' title='bbox 351 1176 436 1241; x_wconf 92' lang='lat' dir='ltr'><strong>atque</strong></span> <span class='ocrx_word' id='word_1_84' title='bbox 463 1163 501 1221; x_wconf 91' lang='lat' dir='ltr'><strong>ad</strong></span> <span class='ocrx_word' id='word_1_85' title='bbox 530 1163 698 1236; x_wconf 87' lang='lat' dir='ltr'><strong>scientiam,</strong></span> <span class='ocrx_word' id='word_1_86' title='bbox 729 1161 913 1242; x_wconf 84' lang='lat' dir='ltr'><strong>prudentiam</strong></span> <span class='ocrx_word' id='word_1_87' title='bbox 942 1161 1200 1248; x_wconf 71' lang='lat' dir='ltr'><strong>fortitudinemque</strong></span> <span class='ocrx_word' id='word_1_88' title='bbox 1228 1174 1286 1243; x_wconf 87' lang='lat' dir='ltr'><strong>apto</strong></span> 
     </span>
     <span class='ocr_line' id='line_1_11' title="bbox 88 1259 1281 1339; baseline 0 -22"><span class='ocrx_word' id='word_1_89' title='bbox 88 1261 197 1320; x_wconf 89' lang='lat' dir='ltr'><strong>animos</strong></span> <span class='ocrx_word' id='word_1_90' title='bbox 221 1261 407 1334; x_wconf 86' lang='lat' dir='ltr'><strong>haberemus,</strong></span> <span class='ocrx_word' id='word_1_91' title='bbox 428 1281 445 1318; x_wconf 87' lang='lat' dir='ltr'><strong>a</strong></span> <span class='ocrx_word' id='word_1_92' title='bbox 467 1260 673 1339; x_wconf 86' lang='lat' dir='ltr'><strong>contrariisque</strong></span> <span class='ocrx_word' id='word_1_93' title='bbox 697 1259 782 1318; x_wconf 90' lang='lat' dir='ltr'><strong>rebus</strong></span> <span class='ocrx_word' id='word_1_94' title='bbox 807 1259 933 1318; x_wconf 88' lang='lat' dir='ltr'><strong>alienos:</strong></span> <span class='ocrx_word' id='word_1_95' title='bbox 956 1281 1015 1318; x_wconf 92' lang='lat' dir='ltr'><strong>non</strong></span> <span class='ocrx_word' id='word_1_96' title='bbox 1044 1261 1105 1319; x_wconf 89' lang='lat' dir='ltr'><strong>sine</strong></span> <span class='ocrx_word' id='word_1_97' title='bbox 1126 1279 1281 1319; x_wconf 80' lang='lat' dir='ltr'><strong>caussaeas</strong></span> 
     </span>
     <span class='ocr_line' id='line_1_12' title="bbox 86 1356 1286 1439; baseline 0.003 -25"><span class='ocrx_word' id='word_1_98' title='bbox 86 1377 156 1436; x_wconf 89' lang='lat' dir='ltr'><strong>quas</strong></span> <span class='ocrx_word' id='word_1_99' title='bbox 185 1357 266 1432; x_wconf 85' lang='lat' dir='ltr'><strong>dixi,</strong></span> <span class='ocrx_word' id='word_1_100' title='bbox 296 1360 327 1416; x_wconf 89' lang='lat' dir='ltr'><strong>in</strong></span> <span class='ocrx_word' id='word_1_101' title='bbox 356 1358 452 1439; x_wconf 92' lang='lat' dir='ltr'><strong>pueris</strong></span> <span class='ocrx_word' id='word_1_102' title='bbox 485 1359 624 1417; x_wconf 83' lang='lat' dir='ltr'><strong>virtutum</strong></span> <span class='ocrx_word' id='word_1_103' title='bbox 654 1359 735 1437; x_wconf 92' lang='lat' dir='ltr'><strong>quasi</strong></span> <span class='ocrx_word' id='word_1_104' title='bbox 769 1357 944 1416; x_wconf 84' lang='lat' dir='ltr'><strong>scintillulas</strong></span> <span class='ocrx_word' id='word_1_105' title='bbox 973 1358 1124 1432; x_wconf 86' lang='lat' dir='ltr'><strong>videmus,</strong></span> <span class='ocrx_word' id='word_1_106' title='bbox 1158 1379 1174 1417; x_wconf 90' lang='lat' dir='ltr'><strong>e</strong></span> <span class='ocrx_word' id='word_1_107' title='bbox 1202 1356 1286 1438; x_wconf 81' lang='lat' dir='ltr'><strong>quibu</strong></span> 
     </span>
     <span class='ocr_line' id='line_1_13' title="bbox 87 1453 1286 1537; baseline 0.002 -24"><span class='ocrx_word' id='word_1_108' title='bbox 87 1457 207 1514; x_wconf 88' lang='lat' dir='ltr'><strong>accendi</strong></span> <span class='ocrx_word' id='word_1_109' title='bbox 225 1456 389 1537; x_wconf 90' lang='lat' dir='ltr'><strong>philosophi</strong></span> <span class='ocrx_word' id='word_1_110' title='bbox 411 1453 442 1536; x_wconf 84' lang='lat'><strong>2)</strong></span> <span class='ocrx_word' id='word_1_111' title='bbox 463 1457 533 1515; x_wconf 88' lang='lat' dir='ltr'><strong>ratio</strong></span> <span class='ocrx_word' id='word_1_112' title='bbox 552 1456 655 1530; x_wconf 89' lang='lat' dir='ltr'><strong>debet,</strong></span> <span class='ocrx_word' id='word_1_113' title='bbox 677 1470 708 1514; x_wconf 93' lang='lat' dir='ltr'><strong>ut</strong></span> <span class='ocrx_word' id='word_1_114' title='bbox 737 1477 817 1530; x_wconf 89' lang='lat' dir='ltr'><strong>eam,</strong></span> <span class='ocrx_word' id='word_1_115' title='bbox 838 1456 918 1533; x_wconf 91' lang='lat' dir='ltr'><strong>quasi</strong></span> <span class='ocrx_word' id='word_1_116' title='bbox 948 1454 1052 1530; x_wconf 89' lang='lat' dir='ltr'><strong>derrm,</strong></span> <span class='ocrx_word' id='word_1_117' title='bbox 1074 1456 1178 1515; x_wconf 89' lang='lat' dir='ltr'><strong>ducem</strong></span> <span class='ocrx_word' id='word_1_118' title='bbox 1206 1455 1286 1515; x_wconf 80' lang='lat' dir='ltr'><strong>subse·</strong></span> 
     </span>
     <span class='ocr_line' id='line_1_14' title="bbox 87 1540 1285 1634; baseline 0.001 -24"><span class='ocrx_word' id='word_1_119' title='bbox 87 1574 196 1632; x_wconf 76' lang='lat' dir='ltr'><strong>quenS,</strong></span> <span class='ocrx_word' id='word_1_120' title='bbox 217 1553 254 1612; x_wconf 90' lang='lat' dir='ltr'><strong>ad</strong></span> <span class='ocrx_word' id='word_1_121' title='bbox 281 1568 398 1613; x_wconf 90' lang='lat' dir='ltr'><strong>naturae</strong></span> <span class='ocrx_word' id='word_1_122' title='bbox 426 1555 578 1634; x_wconf 82' lang='lat' dir='ltr'><strong>perveniat</strong></span> <span class='ocrx_word' id='word_1_123' title='bbox 608 1568 792 1617; x_wconf 62' lang='lat' dir='ltr'><strong>extremum„</strong></span> <span class='ocrx_word' id='word_1_124' title='bbox 816 1540 906 1628; x_wconf 84' lang='lat' dir='ltr'><strong>Nam,</strong></span> <span class='ocrx_word' id='word_1_125' title='bbox 928 1567 960 1612; x_wconf 92' lang='lat' dir='ltr'><strong>ut</strong></span> <span class='ocrx_word' id='word_1_126' title='bbox 987 1574 1070 1634; x_wconf 87' lang='lat' dir='ltr'><strong>saepe</strong></span> <span class='ocrx_word' id='word_1_127' title='bbox 1086 1555 1147 1632; x_wconf 87' lang='lat' dir='ltr'><strong>jam</strong></span> <span class='ocrx_word' id='word_1_128' title='bbox 1166 1552 1285 1629; x_wconf 56' lang='lat' dir='ltr'><strong>{dimin</strong></span> 
     </span>
     <span class='ocr_line' id='line_1_15' title="bbox 87 1649 1285 1733; baseline 0.001 -25"><span class='ocrx_word' id='word_1_129' title='bbox 87 1650 201 1725; x_wconf 84' lang='lat' dir='ltr'><strong>infirma</strong></span> <span class='ocrx_word' id='word_1_130' title='bbox 220 1666 308 1710; x_wconf 89' lang='lat' dir='ltr'><strong>aetate</strong></span> <span class='ocrx_word' id='word_1_131' title='bbox 327 1650 529 1729; x_wconf 89' lang='lat' dir='ltr'><strong>imbecillaque</strong></span> <span class='ocrx_word' id='word_1_132' title='bbox 548 1667 642 1711; x_wconf 90' lang='lat' dir='ltr'><strong>mente</strong></span> <span class='ocrx_word' id='word_1_133' title='bbox 662 1653 706 1712; x_wconf 85' lang='lat' dir='ltr'><strong>vis</strong></span> <span class='ocrx_word' id='word_1_134' title='bbox 730 1653 947 1730; x_wconf 86' lang='lat' dir='ltr'><strong>naturae-quasi</strong></span> <span class='ocrx_word' id='word_1_135' title='bbox 969 1673 1019 1733; x_wconf 88' lang='lat' dir='ltr'><strong>per·</strong></span> <span class='ocrx_word' id='word_1_136' title='bbox 1040 1652 1193 1732; x_wconf 88' lang='lat' dir='ltr'><strong>caliginem</strong></span> <span class='ocrx_word' id='word_1_137' title='bbox 1210 1649 1285 1709; x_wconf 83' lang='lat' dir='ltr'><strong>cerui·</strong></span> 
     </span>
     <span class='ocr_line' id='line_1_16' title="bbox 15 1745 1282 1830; baseline -0.002 -23"><span class='ocrx_word' id='word_1_138' title='bbox 15 1804 25 1827; x_wconf 64' lang='grc'><em>,</em></span> <span class='ocrx_word' id='word_1_139' title='bbox 86 1761 167 1808; x_wconf 78' lang='lat' dir='ltr'><strong>tur.»</strong></span> <span class='ocrx_word' id='word_1_140' title='bbox 212 1750 295 1824; x_wconf 87' lang='lat' dir='ltr'><strong>Quod</strong></span> <span class='ocrx_word' id='word_1_141' title='bbox 319 1748 489 1828; x_wconf 89' lang='lat' dir='ltr'><strong>diligentius</strong></span> <span class='ocrx_word' id='word_1_142' title='bbox 517 1751 600 1808; x_wconf 88' lang='lat' dir='ltr'><strong>etiam</strong></span> <span class='ocrx_word' id='word_1_143' title='bbox 629 1750 675 1808; x_wconf 91' lang='lat' dir='ltr'><strong>his</strong></span> <span class='ocrx_word' id='word_1_144' title='bbox 703 1750 875 1829; x_wconf 84' lang='lat' dir='ltr'><strong>exponitur:</strong></span> <span class='ocrx_word' id='word_1_145' title='bbox 912 1751 1020 1809; x_wconf 77' lang='lat' dir='ltr'><strong>«Parvi</strong></span> <span class='ocrx_word' id='word_1_146' title='bbox 1050 1751 1144 1830; x_wconf 91' lang='lat' dir='ltr'><strong>primo</strong></span> <span class='ocrx_word' id='word_1_147' title='bbox 1175 1745 1282 1809; x_wconf 85' lang='lat' dir='ltr'><strong>ortusit</strong></span> 
     </span>
     <span class='ocr_line' id='line_1_17' title="bbox 81 1842 1283 1927; baseline -0.001 -23"><span class='ocrx_word' id='word_1_148' title='bbox 81 1850 199 1926; x_wconf 83' lang='lat' dir='ltr'><strong>jacent,</strong></span> <span class='ocrx_word' id='word_1_149' title='bbox 219 1861 353 1927; x_wconf 90' lang='lat' dir='ltr'><strong>tanquam</strong></span> <span class='ocrx_word' id='word_1_150' title='bbox 373 1848 490 1906; x_wconf 90' lang='lat' dir='ltr'><strong>omnino</strong></span> <span class='ocrx_word' id='word_1_151' title='bbox 511 1848 572 1906; x_wconf 91' lang='lat' dir='ltr'><strong>sine</strong></span> <span class='ocrx_word' id='word_1_152' title='bbox 590 1849 684 1906; x_wconf 90' lang='lat' dir='ltr'><strong>animo</strong></span> <span class='ocrx_word' id='word_1_153' title='bbox 704 1848 779 1923; x_wconf 84' lang='lat' dir='ltr'><strong>sint;</strong></span> <span class='ocrx_word' id='word_1_154' title='bbox 802 1867 867 1904; x_wconf 92' lang='lat' dir='ltr'><strong>cum</strong></span> <span class='ocrx_word' id='word_1_155' title='bbox 890 1861 984 1905; x_wconf 85' lang='lat' dir='ltr'><strong>autem</strong></span> <span class='ocrx_word' id='word_1_156' title='bbox 1006 1847 1139 1927; x_wconf 89' lang='lat' dir='ltr'><strong>paullum</strong></span> <span class='ocrx_word' id='word_1_157' title='bbox 1165 1842 1283 1905; x_wconf 71' lang='lat' dir='ltr'><strong>mnirari</strong></span> 
     </span>
     <span class='ocr_line' id='line_1_18' title="bbox 86 1944 1281 2023; baseline -0.006 -19"><span class='ocrx_word' id='word_1_158' title='bbox 86 1945 253 2019; x_wconf 88' lang='lat' dir='ltr'><strong>accesserit,</strong></span> <span class='ocrx_word' id='word_1_159' title='bbox 275 1960 302 2004; x_wconf 91' lang='lat' dir='ltr'><strong>et</strong></span> <span class='ocrx_word' id='word_1_160' title='bbox 319 1947 415 2004; x_wconf 87' lang='lat' dir='ltr'><strong>animo</strong></span> <span class='ocrx_word' id='word_1_161' title='bbox 435 1959 556 2003; x_wconf 88' lang='lat' dir='ltr'><strong>utuntur</strong></span> <span class='ocrx_word' id='word_1_162' title='bbox 571 1959 598 2004; x_wconf 93' lang='lat' dir='ltr'><strong>et</strong></span> <span class='ocrx_word' id='word_1_163' title='bbox 618 1944 765 2004; x_wconf 85' lang='lat' dir='ltr'><strong>sensibus:</strong></span> <span class='ocrx_word' id='word_1_164' title='bbox 787 1946 1052 2023; x_wconf 88' lang='lat' dir='ltr'><strong>connitunturque,</strong></span> <span class='ocrx_word' id='word_1_165' title='bbox 1068 1958 1168 2004; x_wconf 90' lang='lat' dir='ltr'><strong>utsese</strong></span> <span class='ocrx_word' id='word_1_166' title='bbox 1179 1944 1281 2022; x_wconf 80' lang='lat' dir='ltr'><strong>erigant,</strong></span> 
     </span>
     <span class='ocr_line' id='line_1_19' title="bbox 86 2037 1281 2122; baseline -0.002 -21"><span class='ocrx_word' id='word_1_167' title='bbox 86 2057 113 2101; x_wconf 89' lang='lat' dir='ltr'><strong>et</strong></span> <span class='ocrx_word' id='word_1_168' title='bbox 127 2043 260 2103; x_wconf 87' lang='lat' dir='ltr'><strong>manibus</strong></span> <span class='ocrx_word' id='word_1_169' title='bbox 275 2057 409 2102; x_wconf 89' lang='lat' dir='ltr'><strong>utuntur:</strong></span> <span class='ocrx_word' id='word_1_170' title='bbox 426 2056 454 2100; x_wconf 90' lang='lat' dir='ltr'><strong>et</strong></span> <span class='ocrx_word' id='word_1_171' title='bbox 468 2064 514 2101; x_wconf 92' lang='lat' dir='ltr'><strong>cos</strong></span> <span class='ocrx_word' id='word_1_172' title='bbox 528 2057 700 2122; x_wconf 89' lang='lat' dir='ltr'><strong>agnoscunt,</strong></span> <span class='ocrx_word' id='word_1_173' title='bbox 717 2043 848 2121; x_wconf 87' lang='lat' dir='ltr'><strong>aquibus</strong></span> <span class='ocrx_word' id='word_1_174' title='bbox 863 2042 1033 2102; x_wconf 88' lang='lat' dir='ltr'><strong>educantur.</strong></span> <span class='ocrx_word' id='word_1_175' title='bbox 1054 2042 1167 2103; x_wconf 88' lang='lat' dir='ltr'><strong>Deinde</strong></span> <span class='ocrx_word' id='word_1_176' title='bbox 1178 2037 1281 2120; x_wconf 84' lang='lat' dir='ltr'><strong>aequali·</strong></span> 
     </span>
     <span class='ocr_line' id='line_1_20' title="bbox 85 2137 1280 2223; baseline -0.003 -24"><span class='ocrx_word' id='word_1_177' title='bbox 85 2141 139 2200; x_wconf 93' lang='lat' dir='ltr'><strong>bus</strong></span> <span class='ocrx_word' id='word_1_178' title='bbox 155 2140 353 2215; x_wconf 89' lang='lat' dir='ltr'><strong>delectantur,</strong></span> <span class='ocrx_word' id='word_1_179' title='bbox 369 2140 548 2223; x_wconf 72' lang='lat' dir='ltr'><strong>libenterque</strong></span> <span class='ocrx_word' id='word_1_180' title='bbox 563 2162 592 2198; x_wconf 92' lang='lat' dir='ltr'><strong>se</strong></span> <span class='ocrx_word' id='word_1_181' title='bbox 607 2161 672 2198; x_wconf 91' lang='lat' dir='ltr'><strong>cum</strong></span> <span class='ocrx_word' id='word_1_182' title='bbox 687 2140 732 2198; x_wconf 94' lang='lat' dir='ltr'><strong>his</strong></span> <span class='ocrx_word' id='word_1_183' title='bbox 753 2155 940 2220; x_wconf 84' lang='lat' dir='ltr'><strong>congregant,</strong></span> <span class='ocrx_word' id='word_1_184' title='bbox 956 2141 1083 2221; x_wconf 87' lang='lat' dir='ltr'><strong>dantque</strong></span> <span class='ocrx_word' id='word_1_185' title='bbox 1102 2163 1131 2201; x_wconf 93' lang='lat' dir='ltr'><strong>se</strong></span> <span class='ocrx_word' id='word_1_186' title='bbox 1151 2141 1187 2200; x_wconf 89' lang='lat' dir='ltr'><strong>ad</strong></span> <span class='ocrx_word' id='word_1_187' title='bbox 1202 2137 1280 2197; x_wconf 81' lang='lat' dir='ltr'><strong>luder</strong></span> 
     </span>
     <span class='ocr_line' id='line_1_21' title="bbox 85 2235 1280 2320; baseline -0.001 -22"><span class='ocrx_word' id='word_1_188' title='bbox 85 2238 170 2298; x_wconf 90' lang='lat' dir='ltr'><strong>dum:</strong></span> <span class='ocrx_word' id='word_1_189' title='bbox 193 2238 419 2317; x_wconf 87' lang='lat' dir='ltr'><strong>fabellarumque</strong></span> <span class='ocrx_word' id='word_1_190' title='bbox 439 2237 586 2296; x_wconf 89' lang='lat' dir='ltr'><strong>auditione</strong></span> <span class='ocrx_word' id='word_1_191' title='bbox 607 2237 754 2297; x_wconf 89' lang='lat' dir='ltr'><strong>ducuntur</strong></span> <span class='ocrx_word' id='word_1_192' title='bbox 765 2285 773 2313; x_wconf 90' lang='lat'><strong>,</strong></span> <span class='ocrx_word' id='word_1_193' title='bbox 795 2239 886 2317; x_wconf 91' lang='lat' dir='ltr'><strong>deque</strong></span> <span class='ocrx_word' id='word_1_194' title='bbox 906 2260 938 2298; x_wconf 90' lang='lat' dir='ltr'><strong>eo</strong></span> <span class='ocrx_word' id='word_1_195' title='bbox 948 2285 957 2313; x_wconf 96' lang='lat'><strong>,</strong></span> <span class='ocrx_word' id='word_1_196' title='bbox 978 2235 1151 2320; x_wconf 49' lang='lat' dir='ltr'><strong>quod‘ipsis</strong></span> <span class='ocrx_word' id='word_1_197' title='bbox 1174 2246 1280 2319; x_wconf 69' lang='lat' dir='ltr'><strong>superat,</strong></span> 
     </span>
     <span class='ocr_line' id='line_1_22' title="bbox 84 2333 1280 2417; baseline -0.003 -22"><span class='ocrx_word' id='word_1_198' title='bbox 84 2336 149 2395; x_wconf 89' lang='lat' dir='ltr'><strong>aliis</strong></span> <span class='ocrx_word' id='word_1_199' title='bbox 172 2336 324 2417; x_wconf 87' lang='lat' dir='ltr'><strong>gratificari</strong></span> <span class='ocrx_word' id='word_1_200' title='bbox 353 2337 473 2397; x_wconf 86' lang='lat' dir='ltr'><strong>volunt:</strong></span> <span class='ocrx_word' id='word_1_201' title='bbox 496 2336 786 2415; x_wconf 88' lang='lat' dir='ltr'><strong>animadvertuntque</strong></span> <span class='ocrx_word' id='word_1_202' title='bbox 816 2359 864 2411; x_wconf 89' lang='lat' dir='ltr'><strong>ea,</strong></span> <span class='ocrx_word' id='word_1_203' title='bbox 886 2359 957 2415; x_wconf 88' lang='lat' dir='ltr'><strong>quae</strong></span> <span class='ocrx_word' id='word_1_204' title='bbox 986 2337 1063 2397; x_wconf 91' lang='lat' dir='ltr'><strong>domi</strong></span> <span class='ocrx_word' id='word_1_205' title='bbox 1088 2337 1183 2412; x_wconf 88' lang='lat' dir='ltr'><strong>fiunt,</strong></span> <span class='ocrx_word' id='word_1_206' title='bbox 1207 2333 1280 2395; x_wconf 85' lang='lat' dir='ltr'><strong>curit-</strong></span> 
     </span>
     <span class='ocr_line' id='line_1_23' title="bbox 85 2433 1279 2519; baseline -0.003 -26"><span class='ocrx_word' id='word_1_207' title='bbox 85 2435 161 2508; x_wconf 92' lang='lat' dir='ltr'><strong>sius,</strong></span> <span class='ocrx_word' id='word_1_208' title='bbox 183 2434 384 2514; x_wconf 89' lang='lat' dir='ltr'><strong>incipiuntque</strong></span> <span class='ocrx_word' id='word_1_209' title='bbox 404 2434 587 2493; x_wconf 88' lang='lat' dir='ltr'><strong>commentari</strong></span> <span class='ocrx_word' id='word_1_210' title='bbox 607 2433 718 2513; x_wconf 89' lang='lat' dir='ltr'><strong>aliquid</strong></span> <span class='ocrx_word' id='word_1_211' title='bbox 738 2436 889 2514; x_wconf 21' lang='lat' dir='ltr'><strong>etndiscere</strong></span> <span class='ocrx_word' id='word_1_212' title='bbox 901 2455 918 2519; x_wconf 77' lang='lat'><strong>³.</strong></span> <span class='ocrx_word' id='word_1_213' title='bbox 930 2449 958 2494; x_wconf 92' lang='lat' dir='ltr'><strong>et</strong></span> <span class='ocrx_word' id='word_1_214' title='bbox 978 2456 1089 2511; x_wconf 88' lang='lat' dir='ltr'><strong>eorum,</strong></span> <span class='ocrx_word' id='word_1_215' title='bbox 1104 2457 1175 2515; x_wconf 82' lang='lat' dir='ltr'><strong>quos</strong></span> <span class='ocrx_word' id='word_1_216' title='bbox 1188 2433 1279 2501; x_wconf 80' lang='lat' dir='ltr'><strong>vident,</strong></span> 
     </span>
     <span class='ocr_line' id='line_1_24' title="bbox 31 2529 1279 2612; baseline -0.002 -21"><span class='ocrx_word' id='word_1_217' title='bbox 31 2594 34 2601; x_wconf 73' lang='grc'><strong>,</strong></span> <span class='ocrx_word' id='word_1_218' title='bbox 85 2532 188 2592; x_wconf 87' lang='lat' dir='ltr'><strong>volunt</strong></span> <span class='ocrx_word' id='word_1_219' title='bbox 217 2553 276 2590; x_wconf 92' lang='lat' dir='ltr'><strong>non</strong></span> <span class='ocrx_word' id='word_1_220' title='bbox 302 2533 432 2611; x_wconf 88' lang='lat' dir='ltr'><strong>ignorare</strong></span> <span class='ocrx_word' id='word_1_221' title='bbox 460 2532 592 2590; x_wconf 89' lang='lat' dir='ltr'><strong>nomina:</strong></span> <span class='ocrx_word' id='word_1_222' title='bbox 615 2532 774 2611; x_wconf 89' lang='lat' dir='ltr'><strong>quibusque</strong></span> <span class='ocrx_word' id='word_1_223' title='bbox 805 2532 888 2590; x_wconf 90' lang='lat' dir='ltr'><strong>rebus</strong></span> <span class='ocrx_word' id='word_1_224' title='bbox 915 2553 979 2590; x_wconf 89' lang='lat' dir='ltr'><strong>oum</strong></span> <span class='ocrx_word' id='word_1_225' title='bbox 1008 2534 1176 2612; x_wconf 88' lang='lat' dir='ltr'><strong>aequalibus</strong></span> <span class='ocrx_word' id='word_1_226' title='bbox 1203 2529 1279 2589; x_wconf 66' lang='lat' dir='ltr'><strong>detst-</strong></span> 
     </span>
     <span class='ocr_line' id='line_1_25' title="bbox 83 2622 1279 2708; baseline 0.003 -19"><span class='ocrx_word' id='word_1_227' title='bbox 83 2643 164 2706; x_wconf 89' lang='lat' dir='ltr'><strong>tant,</strong></span> <span class='ocrx_word' id='word_1_228' title='bbox 185 2631 209 2689; x_wconf 92' lang='lat' dir='ltr'><strong>si</strong></span> <span class='ocrx_word' id='word_1_229' title='bbox 227 2630 365 2704; x_wconf 84' lang='lat' dir='ltr'><strong>vicerint,</strong></span> <span class='ocrx_word' id='word_1_230' title='bbox 390 2630 510 2688; x_wconf 87' lang='lat' dir='ltr'><strong>efferunt</strong></span> <span class='ocrx_word' id='word_1_231' title='bbox 533 2651 561 2688; x_wconf 92' lang='lat' dir='ltr'><strong>se</strong></span> <span class='ocrx_word' id='word_1_232' title='bbox 587 2629 711 2688; x_wconf 71' lang='lat' dir='ltr'><strong>laetitia:</strong></span> <span class='ocrx_word' id='word_1_233' title='bbox 744 2631 815 2689; x_wconf 77' lang='lat' dir='ltr'><strong>victi</strong></span> <span class='ocrx_word' id='word_1_234' title='bbox 839 2629 1031 2689; x_wconf 89' lang='lat' dir='ltr'><strong>debilitantur</strong></span> <span class='ocrx_word' id='word_1_235' title='bbox 1060 2632 1222 2708; x_wconf 88' lang='lat' dir='ltr'><strong>animosque</strong></span> <span class='ocrx_word' id='word_1_236' title='bbox 1242 2622 1279 2693; x_wconf 63' lang='lat' dir='ltr'><strong>lh</strong></span> 
     </span>
     <span class='ocr_line' id='line_1_26' title="bbox 83 2723 1282 2808; baseline -0.001 -20"><span class='ocrx_word' id='word_1_237' title='bbox 83 2729 236 2788; x_wconf 77' lang='lat' dir='ltr'><strong>mittunt.»</strong></span> <span class='ocrx_word' id='word_1_238' title='bbox 254 2725 291 2808; x_wconf 39' lang='lat'><strong>¹3)</strong></span> <span class='ocrx_word' id='word_1_239' title='bbox 311 2723 385 2786; x_wconf 90' lang='lat' dir='ltr'><strong>Trim</strong></span> <span class='ocrx_word' id='word_1_240' title='bbox 412 2749 480 2788; x_wconf 86' lang='lat' dir='ltr'><strong>vcro</strong></span> <span class='ocrx_word' id='word_1_241' title='bbox 507 2727 566 2807; x_wconf 90' lang='lat' dir='ltr'><strong>ipse</strong></span> <span class='ocrx_word' id='word_1_242' title='bbox 594 2742 827 2786; x_wconf 89' lang='lat' dir='ltr'><strong>commemoratur</strong></span> <span class='ocrx_word' id='word_1_243' title='bbox 856 2736 995 2786; x_wconf 81' lang='lat' dir='ltr'><strong>veritatis</strong></span> <span class='ocrx_word' id='word_1_244' title='bbox 1024 2751 1117 2789; x_wconf 75' lang='lat' dir='ltr'><strong>aanor.</strong></span> <span class='ocrx_word' id='word_1_245' title='bbox 1173 2729 1282 2791; x_wconf 70' lang='lat' dir='ltr'><strong>«Tarus</strong></span> 
     </span>
     <span class='ocr_line' id='line_1_27' title="bbox 37 2825 1278 2905; baseline 0 -21"><span class='ocrx_word' id='word_1_246' title='bbox 37 2852 40 2860; x_wconf 91' lang='lat'>·</span> <span class='ocrx_word' id='word_1_247' title='bbox 82 2840 125 2887; x_wconf 90' lang='lat' dir='ltr'><strong>est</strong></span> <span class='ocrx_word' id='word_1_248' title='bbox 140 2828 258 2886; x_wconf 88' lang='lat' dir='ltr'><strong>innatus</strong></span> <span class='ocrx_word' id='word_1_249' title='bbox 276 2827 308 2884; x_wconf 91' lang='lat' dir='ltr'><strong>in</strong></span> <span class='ocrx_word' id='word_1_250' title='bbox 329 2825 412 2884; x_wconf 92' lang='lat' dir='ltr'><strong>nobis</strong></span> <span class='ocrx_word' id='word_1_251' title='bbox 430 2826 603 2904; x_wconf 82' lang='lat' dir='ltr'><strong>cognitionis</strong></span> <span class='ocrx_word' id='word_1_252' title='bbox 620 2847 698 2884; x_wconf 88' lang='lat' dir='ltr'><strong>amor</strong></span> <span class='ocrx_word' id='word_1_253' title='bbox 718 2839 745 2883; x_wconf 95' lang='lat' dir='ltr'><strong>et</strong></span> <span class='ocrx_word' id='word_1_254' title='bbox 765 2826 916 2900; x_wconf 89' lang='lat' dir='ltr'><strong>scientiae,</strong></span> <span class='ocrx_word' id='word_1_255' title='bbox 939 2840 970 2884; x_wconf 90' lang='lat' dir='ltr'><strong>ut</strong></span> <span class='ocrx_word' id='word_1_256' title='bbox 987 2847 1070 2885; x_wconf 89' lang='lat' dir='ltr'><strong>nemo</strong></span> <span class='ocrx_word' id='word_1_257' title='bbox 1087 2827 1220 2886; x_wconf 89' lang='lat' dir='ltr'><strong>dubitare</strong></span> <span class='ocrx_word' id='word_1_258' title='bbox 1234 2840 1278 2905; x_wconf 79' lang='lat' dir='ltr'><strong>ptr</strong></span> 
     </span>
     <span class='ocr_line' id='line_1_28' title="bbox 83 2922 1279 3005; baseline -0.002 -22"><span class='ocrx_word' id='word_1_259' title='bbox 83 2925 138 2998; x_wconf 88' lang='lat' dir='ltr'><strong>sit,</strong></span> <span class='ocrx_word' id='word_1_260' title='bbox 159 2926 231 3002; x_wconf 93' lang='lat' dir='ltr'><strong>quin</strong></span> <span class='ocrx_word' id='word_1_261' title='bbox 251 2924 288 2983; x_wconf 94' lang='lat' dir='ltr'><strong>ad</strong></span> <span class='ocrx_word' id='word_1_262' title='bbox 308 2945 353 2981; x_wconf 91' lang='lat' dir='ltr'><strong>eas</strong></span> <span class='ocrx_word' id='word_1_263' title='bbox 373 2944 415 2981; x_wconf 87' lang='lat' dir='ltr'><strong>res</strong></span> <span class='ocrx_word' id='word_1_264' title='bbox 435 2922 584 2980; x_wconf 90' lang='lat' dir='ltr'><strong>hominum</strong></span> <span class='ocrx_word' id='word_1_265' title='bbox 600 2936 701 2981; x_wconf 89' lang='lat' dir='ltr'><strong>natura</strong></span> <span class='ocrx_word' id='word_1_266' title='bbox 720 2922 802 2981; x_wconf 90' lang='lat' dir='ltr'><strong>nullo</strong></span> <span class='ocrx_word' id='word_1_267' title='bbox 818 2925 1008 2983; x_wconf 89' lang='lat' dir='ltr'><strong>emolumento</strong></span> <span class='ocrx_word' id='word_1_268' title='bbox 1024 2926 1147 2985; x_wconf 84' lang='lat' dir='ltr'><strong>invitata</strong></span> <span class='ocrx_word' id='word_1_269' title='bbox 1168 2925 1279 3005; x_wconf 74' lang='lat' dir='ltr'><strong>rapiatur·</strong></span> 
     </span>
     <span class='ocr_line' id='line_1_29' title="bbox 84 3020 1278 3103; baseline 0 -22"><span class='ocrx_word' id='word_1_270' title='bbox 84 3021 279 3096; x_wconf 87' lang='lat' dir='ltr'><strong>Videmusne,</strong></span> <span class='ocrx_word' id='word_1_271' title='bbox 301 3035 332 3079; x_wconf 92' lang='lat' dir='ltr'><strong>ut</strong></span> <span class='ocrx_word' id='word_1_272' title='bbox 359 3022 441 3102; x_wconf 91' lang='lat' dir='ltr'><strong>pueri</strong></span> <span class='ocrx_word' id='word_1_273' title='bbox 469 3041 505 3079; x_wconf 87' lang='lat' dir='ltr'><strong>ne</strong></span> <span class='ocrx_word' id='word_1_274' title='bbox 533 3020 835 3100; x_wconf 89' lang='lat' dir='ltr'><strong>verberibusquidem</strong></span> <span class='ocrx_word' id='word_1_275' title='bbox 854 3046 870 3082; x_wconf 89' lang='lat' dir='ltr'><strong>a</strong></span> <span class='ocrx_word' id='word_1_276' title='bbox 888 3023 1119 3103; x_wconf 85' lang='lat' dir='ltr'><strong>contemplandis</strong></span> <span class='ocrx_word' id='word_1_277' title='bbox 1139 3023 1221 3082; x_wconf 89' lang='lat' dir='ltr'><strong>rebus</strong></span> <span class='ocrx_word' id='word_1_278' title='bbox 1235 3036 1278 3101; x_wconf 82' lang='lat' dir='ltr'><strong>ptt·</strong></span> 
     </span>
     <span class='ocr_line' id='line_1_30' title="bbox 14 3118 1282 3200; baseline -0.002 -24"><span class='ocrx_word' id='word_1_279' title='bbox 14 3129 17 3134; x_wconf 91' lang='lat'>&#39;</span> <span class='ocrx_word' id='word_1_280' title='bbox 84 3119 290 3200; x_wconf 78' lang='lat' dir='ltr'><strong>quirendr&#39;sque</strong></span> <span class='ocrx_word' id='word_1_281' title='bbox 316 3119 536 3178; x_wconf 77' lang='lat' dir='ltr'><strong>deterreantur?</strong></span> <span class='ocrx_word' id='word_1_282' title='bbox 561 3131 590 3176; x_wconf 90' lang='lat' dir='ltr'><strong>ut</strong></span> <span class='ocrx_word' id='word_1_283' title='bbox 617 3120 694 3199; x_wconf 92' lang='lat' dir='ltr'><strong>pulsi</strong></span> <span class='ocrx_word' id='word_1_284' title='bbox 721 3123 893 3179; x_wconf 78' lang='lat' dir='ltr'><strong>recurrant?</strong></span> <span class='ocrx_word' id='word_1_285' title='bbox 916 3134 947 3178; x_wconf 89' lang='lat' dir='ltr'><strong>ut</strong></span> <span class='ocrx_word' id='word_1_286' title='bbox 966 3118 1078 3199; x_wconf 91' lang='lat' dir='ltr'><strong>aliquid</strong></span> <span class='ocrx_word' id='word_1_287' title='bbox 1097 3122 1169 3179; x_wconf 87' lang='lat' dir='ltr'><strong>scire</strong></span> <span class='ocrx_word' id='word_1_288' title='bbox 1187 3141 1214 3178; x_wconf 92' lang='lat' dir='ltr'><strong>se</strong></span> <span class='ocrx_word' id='word_1_289' title='bbox 1230 3134 1282 3199; x_wconf 81' lang='lat' dir='ltr'><strong>gar·</strong></span> 
     </span>
     <span class='ocr_line' id='line_1_31' title="bbox 85 3216 1281 3298; baseline -0.002 -20"><span class='ocrx_word' id='word_1_290' title='bbox 85 3218 197 3278; x_wconf 83' lang='lat' dir='ltr'><strong>deant?</strong></span> <span class='ocrx_word' id='word_1_291' title='bbox 221 3232 251 3276; x_wconf 92' lang='lat' dir='ltr'><strong>ut</strong></span> <span class='ocrx_word' id='word_1_292' title='bbox 270 3216 335 3275; x_wconf 90' lang='lat' dir='ltr'><strong>aliis</strong></span> <span class='ocrx_word' id='word_1_293' title='bbox 355 3238 473 3290; x_wconf 83' lang='lat' dir='ltr'><strong>narrare</strong></span> <span class='ocrx_word' id='word_1_294' title='bbox 489 3217 638 3295; x_wconf 78' lang='lat' dir='ltr'><strong>gestiantl.</strong></span> <span class='ocrx_word' id='word_1_295' title='bbox 656 3231 687 3275; x_wconf 95' lang='lat' dir='ltr'><strong>ut</strong></span> <span class='ocrx_word' id='word_1_296' title='bbox 706 3217 808 3298; x_wconf 74' lang='lat' dir='ltr'><strong>pompa</strong></span> <span class='ocrx_word' id='word_1_297' title='bbox 818 3263 826 3292; x_wconf 97' lang='lat'><strong>,</strong></span> <span class='ocrx_word' id='word_1_298' title='bbox 848 3218 926 3277; x_wconf 90' lang='lat' dir='ltr'><strong>ludis</strong></span> <span class='ocrx_word' id='word_1_299' title='bbox 940 3232 1023 3296; x_wconf 89' lang='lat' dir='ltr'><strong>atque</strong></span> <span class='ocrx_word' id='word_1_300' title='bbox 1040 3218 1180 3296; x_wconf 83' lang='lat' dir='ltr'><strong>ejusmodi</strong></span> <span class='ocrx_word' id='word_1_301' title='bbox 1199 3226 1281 3298; x_wconf 66' lang='lat' dir='ltr'><strong>spttfl·</strong></span> 
     </span>
     <span class='ocr_line' id='line_1_32' title="bbox 83 3304 1284 3396; baseline 0.002 -21"><span class='ocrx_word' id='word_1_302' title='bbox 83 3316 157 3375; x_wconf 93' lang='lat' dir='ltr'><strong>culis</strong></span> <span class='ocrx_word' id='word_1_303' title='bbox 177 3329 348 3388; x_wconf 87' lang='lat' dir='ltr'><strong>teneantur,</strong></span> <span class='ocrx_word' id='word_1_304' title='bbox 370 3313 406 3372; x_wconf 94' lang='lat' dir='ltr'><strong>ob</strong></span> <span class='ocrx_word' id='word_1_305' title='bbox 438 3335 553 3392; x_wconf 90' lang='lat' dir='ltr'><strong>eamque</strong></span> <span class='ocrx_word' id='word_1_306' title='bbox 578 3335 637 3372; x_wconf 90' lang='lat' dir='ltr'><strong>rem</strong></span> <span class='ocrx_word' id='word_1_307' title='bbox 666 3314 715 3373; x_wconf 87' lang='lat' dir='ltr'><strong>vel</strong></span> <span class='ocrx_word' id='word_1_308' title='bbox 744 3315 845 3372; x_wconf 92' lang='lat' dir='ltr'><strong>famem</strong></span> <span class='ocrx_word' id='word_1_309' title='bbox 874 3329 901 3374; x_wconf 89' lang='lat' dir='ltr'><strong>et</strong></span> <span class='ocrx_word' id='word_1_310' title='bbox 928 3316 1004 3374; x_wconf 90' lang='lat' dir='ltr'><strong>sitim</strong></span> <span class='ocrx_word' id='word_1_311' title='bbox 1024 3317 1195 3396; x_wconf 74' lang='lat' dir='ltr'><strong>perferant?</strong></span> <span class='ocrx_word' id='word_1_312' title='bbox 1223 3304 1284 3387; x_wconf 56' lang='lat' dir='ltr'><strong>Quid</strong></span> 
     </span>
     <span class='ocr_line' id='line_1_33' title="bbox 37 3411 1283 3493; baseline -0.006 -19"><span class='ocrx_word' id='word_1_313' title='bbox 37 3416 41 3424; x_wconf 84' lang='lat'>&#39;</span> <span class='ocrx_word' id='word_1_314' title='bbox 84 3416 176 3475; x_wconf 74' lang='lat' dir='ltr'><strong>vero?</strong></span> <span class='ocrx_word' id='word_1_315' title='bbox 196 3413 246 3493; x_wconf 92' lang='lat' dir='ltr'><strong>qui</strong></span> <span class='ocrx_word' id='word_1_316' title='bbox 266 3413 400 3491; x_wconf 84' lang='lat' dir='ltr'><strong>ingenuis</strong></span> <span class='ocrx_word' id='word_1_317' title='bbox 420 3411 523 3470; x_wconf 90' lang='lat' dir='ltr'><strong>studiis</strong></span> <span class='ocrx_word' id='word_1_318' title='bbox 545 3425 627 3490; x_wconf 90' lang='lat' dir='ltr'><strong>atque</strong></span> <span class='ocrx_word' id='word_1_319' title='bbox 647 3412 755 3471; x_wconf 90' lang='lat' dir='ltr'><strong>artibus</strong></span> <span class='ocrx_word' id='word_1_320' title='bbox 776 3413 974 3488; x_wconf 88' lang='lat' dir='ltr'><strong>delectantur,</strong></span> <span class='ocrx_word' id='word_1_321' title='bbox 995 3435 1093 3473; x_wconf 91' lang='lat' dir='ltr'><strong>nonne</strong></span> <span class='ocrx_word' id='word_1_322' title='bbox 1111 3414 1234 3474; x_wconf 87' lang='lat' dir='ltr'><strong>videmus</strong></span> <span class='ocrx_word' id='word_1_323' title='bbox 1247 3424 1283 3467; x_wconf 75' lang='lat' dir='ltr'><strong>cot</strong></span> 
     </span>
    </p>
   </div>
   <div class='ocr_carea' id='block_1_3' title="bbox 88 3601 1284 3843">
    <p class='ocr_par' dir='ltr' id='par_1_3' title="bbox 88 3601 1284 3843">
     <span class='ocr_line' id='line_1_34' title="bbox 117 3601 1284 3683; baseline 0.006 -32"><span class='ocrx_word' id='word_1_324' title='bbox 117 3601 143 3667; x_wconf 85' lang='lat'><strong>1)</strong></span> <span class='ocrx_word' id='word_1_325' title='bbox 161 3603 301 3683; x_wconf 82' lang='lat' dir='ltr'><strong>Eleganter</strong></span> <span class='ocrx_word' id='word_1_326' title='bbox 318 3604 442 3655; x_wconf 88' lang='lat' dir='ltr'><strong>Ernestus</strong></span> <span class='ocrx_word' id='word_1_327' title='bbox 468 3604 501 3656; x_wconf 90' lang='lat' dir='ltr'><strong>de</strong></span> <span class='ocrx_word' id='word_1_328' title='bbox 523 3613 640 3656; x_wconf 80' lang='lat' dir='ltr'><strong>concentu</strong></span> <span class='ocrx_word' id='word_1_329' title='bbox 659 3608 758 3656; x_wconf 70' lang='lat' dir='ltr'><strong>virtutis</strong></span> <span class='ocrx_word' id='word_1_330' title='bbox 781 3607 881 3672; x_wconf 90' lang='lat' dir='ltr'><strong>accipit.</strong></span> <span class='ocrx_word' id='word_1_331' title='bbox 907 3606 965 3655; x_wconf 91' lang='lat' dir='ltr'><strong>Vid.</strong></span> <span class='ocrx_word' id='word_1_332' title='bbox 988 3605 1059 3657; x_wconf 84' lang='lat' dir='ltr'><strong>Clav.</strong></span> <span class='ocrx_word' id='word_1_333' title='bbox 1082 3605 1136 3658; x_wconf 87' lang='lat' dir='ltr'><strong>Cic.</strong></span> <span class='ocrx_word' id='word_1_334' title='bbox 1157 3605 1284 3673; x_wconf 78' lang='lat' dir='ltr'><strong>111th</strong></span> 
     </span>
     <span class='ocr_line' id='line_1_35' title="bbox 88 3688 1283 3757; baseline -0.002 -16"><span class='ocrx_word' id='word_1_335' title='bbox 88 3699 171 3742; x_wconf 87' lang='lat' dir='ltr'><strong>autern</strong></span> <span class='ocrx_word' id='word_1_336' title='bbox 198 3691 329 3757; x_wconf 71' lang='lat' dir='ltr'><strong>formulam</strong></span> <span class='ocrx_word' id='word_1_337' title='bbox 354 3691 409 3740; x_wconf 78' lang='lat' dir='ltr'><strong>sire</strong></span> <span class='ocrx_word' id='word_1_338' title='bbox 439 3688 513 3757; x_wconf 70' lang='lat' dir='ltr'><strong>legem</strong></span> <span class='ocrx_word' id='word_1_339' title='bbox 539 3690 624 3741; x_wconf 88' lang='lat' dir='ltr'><strong>malim</strong></span> <span class='ocrx_word' id='word_1_340' title='bbox 654 3700 774 3753; x_wconf 74' lang='lat' dir='ltr'><strong>naturae,</strong></span> <span class='ocrx_word' id='word_1_341' title='bbox 805 3707 854 3757; x_wconf 91' lang='lat' dir='ltr'><strong>qua</strong></span> <span class='ocrx_word' id='word_1_342' title='bbox 879 3692 959 3740; x_wconf 90' lang='lat' dir='ltr'><strong>virtus</strong></span> <span class='ocrx_word' id='word_1_343' title='bbox 985 3693 1081 3742; x_wconf 82' lang='lat' dir='ltr'><strong>nititur.</strong></span> <span class='ocrx_word' id='word_1_344' title='bbox 1105 3692 1161 3742; x_wconf 91' lang='lat' dir='ltr'><strong>Vid.</strong></span> <span class='ocrx_word' id='word_1_345' title='bbox 1189 3692 1283 3744; x_wconf 64' lang='lat' dir='ltr'><strong>Gonan-</strong></span> 
     </span>
     <span class='ocr_line' id='line_1_36' title="bbox 89 3773 1282 3843; baseline 0 -15"><span class='ocrx_word' id='word_1_346' title='bbox 89 3777 122 3829; x_wconf 93' lang='lat' dir='ltr'><strong>ad</strong></span> <span class='ocrx_word' id='word_1_347' title='bbox 142 3776 166 3826; x_wconf 91' lang='lat' dir='ltr'><strong>h.</strong></span> <span class='ocrx_word' id='word_1_348' title='bbox 185 3776 202 3826; x_wconf 91' lang='lat' dir='ltr'><strong>l.</strong></span> <span class='ocrx_word' id='word_1_349' title='bbox 223 3775 310 3841; x_wconf 87' lang='lat' dir='ltr'><strong>(Hujus</strong></span> <span class='ocrx_word' id='word_1_350' title='bbox 332 3775 383 3825; x_wconf 92' lang='lat' dir='ltr'><strong>loci</strong></span> <span class='ocrx_word' id='word_1_351' title='bbox 408 3773 571 3827; x_wconf 88' lang='lat' dir='ltr'><strong>Ciceroniani</strong></span> <span class='ocrx_word' id='word_1_352' title='bbox 597 3778 717 3842; x_wconf 88' lang='lat' dir='ltr'><strong>optimum</strong></span> <span class='ocrx_word' id='word_1_353' title='bbox 739 3779 905 3842; x_wconf 87' lang='lat' dir='ltr'><strong>interpretem</strong></span> <span class='ocrx_word' id='word_1_354' title='bbox 931 3775 1064 3828; x_wconf 81' lang='lat' dir='ltr'><strong>Platonem</strong></span> <span class='ocrx_word' id='word_1_355' title='bbox 1087 3794 1146 3828; x_wconf 88' lang='lat' dir='ltr'><strong>esso</strong></span> <span class='ocrx_word' id='word_1_356' title='bbox 1171 3776 1282 3843; x_wconf 69' lang='lat' dir='ltr'><strong>suspicor,</strong></span> 
     </span>
    </p>
   </div>
   <div class='ocr_carea' id='block_1_4' title="bbox 91 3842 1284 3943">
    <p class='ocr_par' dir='ltr' id='par_1_4' title="bbox 91 3842 1284 3943">
     <span class='ocr_line' id='line_1_37' title="bbox 91 3842 1284 3943; baseline -0.002 -23"><span class='ocrx_word' id='word_1_357' title='bbox 91 3885 165 3936; x_wconf 89' lang='lat' dir='ltr'><strong>quem</strong></span> <span class='ocrx_word' id='word_1_358' title='bbox 187 3868 247 3918; x_wconf 87' lang='lat' dir='ltr'><strong>vide</strong></span> <span class='ocrx_word' id='word_1_359' title='bbox 270 3869 302 3919; x_wconf 90' lang='lat' dir='ltr'><strong>de</strong></span> <span class='ocrx_word' id='word_1_360' title='bbox 328 3856 444 3941; x_wconf 69' lang='grc' dir='ltr'><em>παιδείᾳ</em></span> <span class='ocrx_word' id='word_1_361' title='bbox 470 3869 640 3935; x_wconf 81' lang='lat' dir='ltr'><strong>disputantem</strong></span> <span class='ocrx_word' id='word_1_362' title='bbox 663 3871 691 3919; x_wconf 83' lang='lat' dir='ltr'><strong>de</strong></span> <span class='ocrx_word' id='word_1_363' title='bbox 711 3869 782 3935; x_wconf 74' lang='lat' dir='ltr'><strong>Lepp.</strong></span> <span class='ocrx_word' id='word_1_364' title='bbox 805 3869 837 3917; x_wconf 83' lang='lat' dir='ltr'><strong>ll.</strong></span> <span class='ocrx_word' id='word_1_365' title='bbox 858 3866 916 3917; x_wconf 84' lang='grc'><strong>653.</strong></span> <span class='ocrx_word' id='word_1_366' title='bbox 939 3871 1043 3939; x_wconf 81' lang='lat' dir='ltr'><strong>Legitur</strong></span> <span class='ocrx_word' id='word_1_367' title='bbox 1068 3874 1116 3924; x_wconf 85' lang='lat' dir='ltr'><strong>ibi:</strong></span> <span class='ocrx_word' id='word_1_368' title='bbox 1140 3855 1211 3943; x_wconf 71' lang='grc' dir='ltr'><strong>αὕτη</strong></span> <span class='ocrx_word' id='word_1_369' title='bbox 1230 3852 1251 3918; x_wconf 77' lang='lat' dir='ltr'><strong>d&#39;</strong></span> <span class='ocrx_word' id='word_1_370' title='bbox 1263 3842 1284 3933; x_wconf 76' lang='lat' dir='ltr'><strong>&#39;f</strong></span> 
     </span>
    </p>
   </div>
   <div class='ocr_carea' id='block_1_5' title="bbox 51 3953 1285 4132">
    <p class='ocr_par' dir='ltr' id='par_1_5' title="bbox 51 3953 1285 4132">
     <span class='ocr_line' id='line_1_38' title="bbox 51 3953 1285 4046; baseline -0.004 -24"><span class='ocrx_word' id='word_1_371' title='bbox 51 4036 56 4046; x_wconf 37' lang='lat'><strong>·</strong></span> <span class='ocrx_word' id='word_1_372' title='bbox 88 3959 244 4042; x_wconf 79' lang='grc' dir='ltr'><em>’ξυμφωνία</em></span> <span class='ocrx_word' id='word_1_373' title='bbox 275 3955 414 4039; x_wconf 70' lang='grc' dir='ltr'><strong>’ξύμπασα</strong></span> <span class='ocrx_word' id='word_1_374' title='bbox 445 3957 500 4037; x_wconf 74' lang='grc' dir='ltr'><strong>μὲν</strong></span> <span class='ocrx_word' id='word_1_375' title='bbox 525 3953 622 4040; x_wconf 70' lang='grc' dir='ltr'><em>ἀρετή.</em></span> <span class='ocrx_word' id='word_1_376' title='bbox 649 3955 870 4040; x_wconf 76' lang='grc' dir='ltr'><em>Ξυμφωνίαν</em></span> <span class='ocrx_word' id='word_1_377' title='bbox 897 3969 1063 4037; x_wconf 84' lang='lat' dir='ltr'><strong>dicit,quam</strong></span> <span class='ocrx_word' id='word_1_378' title='bbox 1077 3970 1169 4022; x_wconf 84' lang='lat' dir='ltr'><strong>Cicero</strong></span> <span class='ocrx_word' id='word_1_379' title='bbox 1181 3970 1285 4021; x_wconf 62' lang='lat' dir='ltr'><strong>corut*</strong></span> 
     </span>
     <span class='ocr_line' id='line_1_39' title="bbox 85 4041 1283 4132; baseline -0.012 -15"><span class='ocrx_word' id='word_1_380' title='bbox 85 4066 185 4117; x_wconf 88' lang='lat' dir='ltr'><strong>virtutis</strong></span> <span class='ocrx_word' id='word_1_381' title='bbox 202 4041 287 4116; x_wconf 84' lang='lat' dir='ltr'><strong>vocat.</strong></span> <span class='ocrx_word' id='word_1_382' title='bbox 323 4064 374 4114; x_wconf 90' lang='lat' dir='ltr'><strong>Sed</strong></span> <span class='ocrx_word' id='word_1_383' title='bbox 394 4064 475 4132; x_wconf 87' lang='lat' dir='ltr'><strong>magis</strong></span> <span class='ocrx_word' id='word_1_384' title='bbox 496 4065 571 4114; x_wconf 89' lang='lat' dir='ltr'><strong>etiam</strong></span> <span class='ocrx_word' id='word_1_385' title='bbox 595 4064 658 4114; x_wconf 91' lang='lat' dir='ltr'><strong>haec</strong></span> <span class='ocrx_word' id='word_1_386' title='bbox 678 4063 835 4114; x_wconf 88' lang='lat' dir='ltr'><strong>illustrantur</strong></span> <span class='ocrx_word' id='word_1_387' title='bbox 851 4059 947 4110; x_wconf 91' lang='lat' dir='ltr'><strong>collato</strong></span> <span class='ocrx_word' id='word_1_388' title='bbox 966 4059 1030 4111; x_wconf 89' lang='lat' dir='ltr'><strong>Plat.</strong></span> <span class='ocrx_word' id='word_1_389' title='bbox 1051 4063 1080 4112; x_wconf 82' lang='lat' dir='ltr'><strong>de</strong></span> <span class='ocrx_word' id='word_1_390' title='bbox 1100 4063 1161 4130; x_wconf 73' lang='lat' dir='ltr'><strong>Rep.</strong></span> <span class='ocrx_word' id='word_1_391' title='bbox 1180 4061 1220 4109; x_wconf 83' lang='lat'><strong>111.</strong></span> <span class='ocrx_word' id='word_1_392' title='bbox 1235 4044 1283 4103; x_wconf 53' lang='grc' dir='ltr'><strong>Μ</strong></span> 
     </span>
    </p>
   </div>
   <div class='ocr_carea' id='block_1_6' title="bbox 89 4145 1286 4303">
    <p class='ocr_par' dir='ltr' id='par_1_6' title="bbox 89 4145 1286 4303">
     <span class='ocr_line' id='line_1_40' title="bbox 89 4145 641 4215; baseline -0.009 -12"><span class='ocrx_word' id='word_1_393' title='bbox 89 4151 117 4203; x_wconf 80' lang='lat' dir='ltr'><strong>C.</strong></span> <span class='ocrx_word' id='word_1_394' title='bbox 136 4149 167 4202; x_wconf 87' lang='lat' dir='ltr'><strong>D.</strong></span> <span class='ocrx_word' id='word_1_395' title='bbox 191 4149 238 4201; x_wconf 85' lang='lat' dir='ltr'><strong>le.</strong></span> <span class='ocrx_word' id='word_1_396' title='bbox 257 4151 341 4200; x_wconf 67' lang='lat' dir='ltr'><strong>Initia</strong></span> <span class='ocrx_word' id='word_1_397' title='bbox 362 4166 386 4215; x_wconf 87' lang='lat' dir='ltr'><strong>p.</strong></span> <span class='ocrx_word' id='word_1_398' title='bbox 403 4145 450 4210; x_wconf 79' lang='lat'><strong>84,</strong></span> <span class='ocrx_word' id='word_1_399' title='bbox 472 4147 513 4198; x_wconf 87' lang='lat'><strong>88.</strong></span> <span class='ocrx_word' id='word_1_400' title='bbox 533 4179 563 4188; x_wconf 92' lang='lat'><em>-</em></span> <span class='ocrx_word' id='word_1_401' title='bbox 583 4146 641 4213; x_wconf 81' lang='lat' dir='ltr'><strong>Ed.)</strong></span> 
     </span>
     <span class='ocr_line' id='line_1_41' title="bbox 114 4220 1286 4303; baseline -0.003 -17"><span class='ocrx_word' id='word_1_402' title='bbox 114 4234 139 4298; x_wconf 86' lang='lat'><strong>2)</strong></span> <span class='ocrx_word' id='word_1_403' title='bbox 158 4237 279 4287; x_wconf 84' lang='lat' dir='ltr'><strong>Fortasse</strong></span> <span class='ocrx_word' id='word_1_404' title='bbox 311 4235 362 4303; x_wconf 89' lang='lat' dir='ltr'><strong>leg.</strong></span> <span class='ocrx_word' id='word_1_405' title='bbox 389 4234 541 4302; x_wconf 75' lang='lat' dir='ltr'><strong>philosopho.</strong></span> <span class='ocrx_word' id='word_1_406' title='bbox 578 4243 605 4285; x_wconf 91' lang='lat' dir='ltr'><strong>ut</strong></span> <span class='ocrx_word' id='word_1_407' title='bbox 632 4235 713 4285; x_wconf 87' lang='lat' dir='ltr'><strong>visum</strong></span> <span class='ocrx_word' id='word_1_408' title='bbox 744 4231 862 4283; x_wconf 87' lang='lat' dir='ltr'><strong>Ernesto.</strong></span> <span class='ocrx_word' id='word_1_409' title='bbox 881 4257 915 4267; x_wconf 95' lang='lat'>-</span> <span class='ocrx_word' id='word_1_410' title='bbox 932 4229 1051 4283; x_wconf 67' lang='lat' dir='ltr'><strong>Proxima</strong></span> <span class='ocrx_word' id='word_1_411' title='bbox 1075 4246 1090 4282; x_wconf 89' lang='lat' dir='ltr'><strong>a</strong></span> <span class='ocrx_word' id='word_1_412' title='bbox 1114 4230 1216 4291; x_wconf 82' lang='lat' dir='ltr'><strong>Platona</strong></span> <span class='ocrx_word' id='word_1_413' title='bbox 1232 4220 1286 4283; x_wconf 72' lang='lat' dir='ltr'><strong>all</strong></span> 
     </span>
    </p>
   </div>
   <div class='ocr_carea' id='block_1_7' title="bbox 89 4309 1152 4477">
    <p class='ocr_par' dir='ltr' id='par_1_7' title="bbox 89 4309 1152 4477">
     <span class='ocr_line' id='line_1_42' title="bbox 89 4309 1152 4408; baseline -0.001 -29"><span class='ocrx_word' id='word_1_414' title='bbox 89 4329 194 4380; x_wconf 81' lang='lat' dir='ltr'><strong>Ptaedr.</strong></span> <span class='ocrx_word' id='word_1_415' title='bbox 211 4327 268 4404; x_wconf 64' lang='grc'>266.</span> <span class='ocrx_word' id='word_1_416' title='bbox 286 4327 313 4378; x_wconf 88' lang='lat' dir='ltr'><strong>B.</strong></span> <span class='ocrx_word' id='word_1_417' title='bbox 337 4312 434 4379; x_wconf 74' lang='grc' dir='ltr'><em>διώκω</em></span> <span class='ocrx_word' id='word_1_418' title='bbox 462 4314 662 4380; x_wconf 51' lang='grc' dir='ltr'><em>κατόπισθε</em></span> <span class='ocrx_word' id='word_1_419' title='bbox 687 4312 760 4395; x_wconf 75' lang='grc' dir='ltr'><strong>μετ’</strong></span> <span class='ocrx_word' id='word_1_420' title='bbox 787 4314 903 4408; x_wconf 63' lang='grc' dir='ltr'><em>ἴχνιον</em></span> <span class='ocrx_word' id='word_1_421' title='bbox 925 4309 1015 4378; x_wconf 72' lang='grc' dir='ltr'><strong>ὥστε</strong></span> <span class='ocrx_word' id='word_1_422' title='bbox 1038 4315 1152 4378; x_wconf 82' lang='grc' dir='ltr'><strong><em>Θεοῖο.</em></strong></span> 
     </span>
     <span class='ocr_line' id='line_1_43' title="bbox 122 4419 392 4477; baseline 0 -8"><span class='ocrx_word' id='word_1_423' title='bbox 122 4419 203 4477; x_wconf 79' lang='lat' dir='ltr'><strong>3l&#39;De</strong></span> <span class='ocrx_word' id='word_1_424' title='bbox 218 4421 273 4470; x_wconf 83' lang='lat' dir='ltr'><strong>Ft&#39;tt.</strong></span> <span class='ocrx_word' id='word_1_425' title='bbox 302 4421 330 4471; x_wconf 85' lang='lat' dir='ltr'><strong>V.</strong></span> <span class='ocrx_word' id='word_1_426' title='bbox 355 4421 392 4472; x_wconf 77' lang='lat'><strong>¹5.</strong></span> 
     </span>
    </p>
   </div>
   <div class='ocr_carea' id='block_1_8' title="bbox 0 0 1392 5048">
    <p class='ocr_par' dir='ltr' id='par_1_8' title="bbox 0 0 1392 5048">
     <span class='ocr_line' id='line_1_44' title="bbox 0 0 1392 5048; baseline 0 1"><span class='ocrx_word' id='word_1_427' title='bbox 0 0 1392 5048; x_wconf 95' lang='lat' dir='ltr'><strong> </strong></span> 
     </span>
    </p>
   </div>
  </div>
 </body>
</html>
