2774 5048
621 227 708 288 187·

72 391 143 450 Cicero
155 404 195 466 et,
214 390 393 472 paucissimis
410 392 552 468 exceptis,
567 391 738 449 recentiores
756 409 865 448 omnes:
887 409 960 467 quae
980 401 1075 447 tamen
1095 387 1173 448 haud
1190 409 1257 469 pro·

68 487 138 548 banda
150 484 220 547 ratiti
234 502 286 549 est.
307 488 379 547 Nam
393 489 434 546 sic
444 487 551 547 tactum
561 489 593 547 in
604 489 704 568 primis
714 487 845 561 ridetur,
862 501 893 546 ut
902 501 943 547 tot
953 486 1095 564 hodieque
1105 485 1157 545 hoc
1168 507 1257 565 genus

64 585 183 647 nnbendi
206 586 308 659 facile,
338 606 423 644 suave
453 607 504 644 nee
532 586 656 659 inutile,
685 584 765 644 haud
784 607 851 646 vero
867 585 1057 644 necessarium
1083 596 1111 641 ct
1129 581 1193 642 rire
1212 585 1256 642 in·

62 681 157 762 dignum
172 698 317 743 censeant.
347 683 383 741 Et
400 684 526 763 profecto
545 705 617 761 quac
637 685 668 741 in
689 683 835 743 Plutarchi
857 682 1076 759 Symposiacis,
1092 682 1129 751 ‚in
1148 692 1256 757 reptem

58 790 205 858 wentam
223 789 374 854 conuiuio,
400 798 472 857 qnae
492 783 524 839 in
543 782 683 841 Athenaei
703 784 949 858 deipncrophirte's
970 781 1107 860 legimns,
1137 777 1255 840 brevius

56 878 108 939 loc
124 880 378 953 commentatione,
399 900 451 937 nec
478 881 578 938 minus*
600 893 693 938 tamen
713 880 862 960 perspicue
880 878 1020 959 pleneque
1049 877 1123 937 tradi
1142 879 1255 958 potuis-

55 990 109 1037 ont
148 978 228 1037 Esset
246 978 381 1051 sortasse,
402 976 479 1055 quod
499 978 619 1036 formam
648 977 874 1036 desideraremus
902 978 934 1035 in
958 975 1127 1036 Plutarcheo
1154 974 1256 1034 libello

55 1075 158 1164 degaro
175 1083 311 1133 numinis
330 1077 465 1132 uirrdicte
476 1118 484 1148 ,
506 1075 529 1132 si
554 1075 770 1148 commentatio,
792 1097 852 1134 non
876 1074 1007 1153 dialogus
1026 1088 1114 1147 esset,
1149 1093 1257 1131 verun-

55 1186 147 1247 tamen,
167 1173 191 1232 si
211 1172 393 1254 philosophia
414 1187 556 1253 spectatur
580 1174 660 1253 ipsa,
690 1173 758 1231 huie
790 1172 924 1233 videatur
952 1171 1073 1253 perinde
1098 1193 1173 1245 esse,
1200 1172 1254 1230 hac

55 1292 81 1331 m
96 1271 206 1352 vulgari
223 1258 334 1330 ratione
352 1273 474 1351 scriptus
493 1272 591 1330 suerit.
633 1271 718 1344 Quod
738 1270 815 1330 idem
838 1270 875 1330 de
894 1271 964 1351 ipsis
982 1269 1123 1331 affirmare
1140 1271 1256 1328 Cicero-

55 1368 88 1427 nis
102 1367 222 1448 dialogis
247 1391 305 1428 non
330 1368 442 1428 dubito.
485 1369 767 1429 Commendationem
796 1390 812 1427 a
841 1370 931 1428 forma
962 1369 1103 1447 insignem
1130 1368 1255 1442 hahent,

55 1486 109 1543 quac
126 1467 306 1546 quaeritant,
327 1467 424 1526 collati
442 1468 528 1527 facile
552 1468 810 1528 demonstraverint
833 1467 903 1526 lihri
929 1468 963 1525 de
991 1474 1161 1525 inventione
1191 1487 1256 1525 cunr

55 1563 158 1644 dialogis
176 1567 212 1625 de
233 1576 369 1639 oratore,
389 1580 417 1624 et
437 1568 471 1624 de
492 1568 587 1625 eloris
607 1569 786 1626 oratoribus.
838 1567 875 1625 Et
902 1587 970 1625 vero
993 1587 1038 1625 ars
1067 1565 1120 1641 illa
1142 1566 1174 1623 in
1195 1563 1257 1622 elo-

55 1664 172 1739 quentia,
194 1677 226 1723 ut
241 1663 414 1742 putabatur,
436 1685 562 1738 summa,
583 1666 614 1723 in
632 1678 779 1744 utramque
794 1678 904 1744 partem
923 1662 959 1722 dc
974 1663 1073 1724 eodem
1091 1675 1257 1742 argumento

56 1761 148 1840 topiese
166 1760 411 1842 probabiliterque
432 1761 610 1835 disserendi,
631 1783 715 1841 quam
736 1776 768 1821 ut
787 1762 886 1821 docuit
910 1761 1093 1834 Aristoteles,
1115 1762 1155 1819 ita
1175 1761 1255 1819 lacti·

57 1857 323 1938 ttuedialogissuis
342 1859 438 1919 videri
455 1861 662 1942 potest,'hanc
681 1859 822 1938 quomodo
850 1861 949 1919 Cicero
974 1860 1006 1918 in
1031 1858 1096 1917 aliis
1124 1859 1257 1938 scriptis,

59 1966 106 2013 mm
122 1957 153 2014 in
172 1957 274 2036 primis
294 1958 328 2015 da
338 1958 459 2033 finibus
478 1973 536 2017 tam
556 1957 727 2017 mirabiliter
750 1958 894 2039 explicare
913 1957 1069 2038 potuisset,
1091 1957 1147 2015 nisi
1167 1956 1258 2016 dialo-

60 2070 94 2129 gus
110 2055 288 2134 scripsisset?
309 2053 367 2131 Sed
395 2069 484 2114 artem
502 2056 577 2114 hanc
606 2056 696 2135 ipsam
723 2055 857 2136 reprobat
885 2054 1086 2136 philosophia,
1116 2054 1260 2135 siquidem

62 2149 221 2211 audientium
249 2151 364 2227 studia,
393 2174 477 2232 quam
506 2156 568 2213 reri
592 2153 761 2232 inquirendi
789 2153 989 2233 diligentiam,
1018 2153 1106 2233 magis
1139 2166 1256 2233 spectat.

63 2246 103 2307 llec
120 2263 158 2308 est
176 2252 249 2327 quin
267 2251 425 2326 fateamur,
445 2251 512 2332 plus
530 2251 710 2329 eloquentiae
728 2253 760 2311 in
780 2251 901 2332 dialogis
924 2251 1058 2311 tribuisse
1077 2252 1257 2328 Ciceronem,

63 2362 125 2420 team
141 2349 266 2428 simplici
288 2350 415 2409 veritatis
442 2349 630 2430 indagationi.
673 2351 740 2410 ntia
767 2364 808 2409 est
832 2350 972 2431 longeque
998 2349 1113 2411 diversa
1133 2349 1259 2410 Platoni*

64 2460 136 2505 tunm
155 2445 334 2526 dialogorum
351 2447 500 2521 conditio,
521 2461 640 2508 naturae
660 2449 785 2528 ipsorum
794 2494 802 2522 ,
818 2469 904 2526 quam
922 2448 1067 2522 diximus,
1088 2432 1257 2528 congruens.

64 2537 113 2601 Ean
128 2545 235 2605 hahent
253 2566 320 2605 cum
338 2547 460 2605 auctoris
477 2545 659 2627 philosophia
679 2545 919 2605 necessitudinem
928 2591 937 2619 ,
969 2560 999 2604 ut
1019 2568 1077 2605 una
1095 2547 1165 2607 haec
1186 2561 1259 2607 esset

66 2641 185 2703 ltrihendi
204 2645 295 2717 ratio,
315 2666 372 2722 qua
390 2658 418 2702 ct
436 2665 535 2703 sensus
553 2665 618 2702 suos
635 2664 732 2703 omnes
746 2644 891 2724 explicare
907 2657 934 2701 et
950 2664 1031 2700 suum
1050 2643 1166 2723 explere
1184 2646 1261 2704 scri-s

66 2731 131 2799 luti
154 2743 330 2822 propositum
348 2756 451 2822 posset.
492 2740 529 2800 Id
552 2755 645 2801 autem
669 2739 745 2800 effici
769 2741 969 2820 intelligique,
1000 2740 1116 2821 nisiex
1142 2743 1259 2823 propria

66 2849 136 2895 arom
153 2852 180 2897 et
198 2839 343 2900 Socratica
356 2838 443 2919 plane
462 2840 592 2912 ratione,
610 2860 669 2899 non
688 2852 788 2919 potest.

91 2934 149 2997 llam
166 2959 237 3016 quae
255 2936 461 3017 distinguendo
480 2937 619 2996 hactenus
638 2936 674 2996 de
700 2938 815 3018 scriptis
836 2937 965 2997 Platonis
982 2937 1260 3012 animadvertimus,

67 3045 88 3085 tt
100 3031 205 3110 valent,
227 3056 263 3095 ne
282 3035 352 3095 haec
372 3056 437 3094 eum
462 3035 584 3095 aliorum
603 3033 725 3114 dialogis
754 3035 984 3111 confundamus,
1008 3049 1038 3095 ut
1057 3057 1126 3096 vero
1144 3037 1258 3116 privam

67 3142 136 3191 tarum
152 3135 352 3215 propriamque
368 3135 505 3195 virtutem
523 3135 715 3215 percipiamus
724 3179 733 3207 ,
754 3135 821 3194 satis
840 3133 935 3195 valore
956 3156 1016 3195 non
1036 3134 1184 3196 ridentur.
1205 3135 1257 3223 list

66 3236 134 3289 tuem
158 3231 224 3291 talis
251 3232 321 3307 illa,
351 3233 464 3310 qualem
492 3233 552 3312 ipse
580 3232 612 3291 in
636 3231 765 3293 Phaedro
789 3234 947 3312 spectarit,
968 3255 1057 3311 quum
1084 3232 1120 3293 de
1149 3224 1258 3315 optimo

68 3325 179 3408 tuteque
198 3352 266 3391 vero
285 3329 431 3390 scribendi
450 3351 555 3408 genere
574 3331 759 3411 praeciperet.
795 3333 867 3408 Nam
883 3333 982 3412 paucis
997 3333 1123 3413 exceptis
1134 3377 1142 3405 ,
1163 3345 1258 3411 partes

68 3414 93 3477 lt
108 3425 138 3486 iis
164 3430 298 3489 omnibus
323 3430 492 3509 praecipuas
516 3427 603 3487 habet
622 3428 768 3488 Socrates:
790 3429 940 3489 inducitur
967 3446 1061 3490 autem
1088 3430 1139 3490 ille
1151 3475 1159 3503 ,
1179 3427 1258 3506 quod

67 3519 191 3587 ⁸bibendo
209 3526 242 3586 in
267 3528 368 3608 primis
386 3524 581 3597 ‚efficiendum
610 3540 688 3592 ratus
711 3527 792 3587 Plato
811 3541 869 3602 est,
890 3530 1021 3589 excitans
1049 3530 1080 3587 in
1108 3527 1258 3587 hominum
1309 3564 1315 3573 -

67 3617 142 3681 mimis
158 3624 254 3704 pulcri
272 3616 419 3705 honiqd-'i
437 3626 603 3705 praesertim
620 3631 685 3681 uari
705 3645 846 3699 amorem,
868 3627 1059 3705 omninoque,
1079 3623 1157 3704 quod
1175 3645 1257 3684 roca-

61 3703 207 3799 =hr,‘quasr
225 3731 259 3781 a
279 3730 392 3787 earm.
416 3724 571 3781 mrtem
600 3724 741 3782 statem.
783 3722 819 3781 n
845 3724 977 3783 omnim·
1007 3724 1133 3783 institua
1160 3721 1255 3783 xeno-

64 3803 138 3892 lltn,
156 3840 265 3896 quum,
286 3820 447 3880 scribendis
475 3820 729 3893 Memorabilibus,
758 3819 883 3880 Socratis
910 3837 1055 3881 enarraret
1079 3844 1142 3881 eum
1169 3822 1257 3882 variis

63 3896 204 3977 loninihus
223 3919 384 3998 colloquia:
406 3935 434 3978 et
452 3920 522 3978 hinc
540 3920 572 3978 in
591 3920 692 3999 primis
709 3921 787 3977 aurei
807 3919 903 3979 libelli
918 3922 1108 4000 praestantia:
1130 3941 1196 3983 nam
1215 3920 1256 3977 sic

60 3995 153 4075 latrum
171 4038 223 4077 nos
243 4019 275 4076 in
292 4017 415 4077 mediam
434 4017 558 4076 Socratis
575 4017 785 4097 philosophiam
803 4018 898 4098 potuit
916 4017 1064 4078 iuducere.
1106 4018 1136 4100 Si
1154 4037 1255 4077 memo·

59 4112 127 4170 rostet
152 4113 275 4191 doctoris
304 4116 349 4174 sui
372 4115 477 4195 placita
503 4117 675 4196 praecipua,
696 4115 775 4176 haud
794 4115 868 4175 male
885 4117 985 4177 fuisset
1003 4116 1039 4176 de
1057 4115 1256 4196 philosophiae

57 4186 159 4269 littorio
176 4211 502 4272 meritnszhaheremus
531 4226 625 4287 certe,
646 4235 702 4292 quo
731 4214 854 4274 Somnus
882 4198 963 4275 effata
991 4235 1057 4273 cum
1083 4226 1257 4273 caeterorum

55 4287 161 4368 decretis
188 4310 424 4392 philosophorum
454 4333 695 4392 compararemus,
727 4313 777 4373 sed
806 4334 927 4386 novam,
952 4333 1037 4390 quam
1066 4312 1090 4371 is
1119 4310 1256 4387 induxit,

55 4392 265 4495 philosophandi
286 4409 482 4489 algnendique
502 4411 658 4482 rationem,
679 4432 734 4489 qua
755 4433 811 4473 una
832 4412 952 4471 maxime
963 4457 972 4484 ,
994 4431 1053 4469 non
1070 4408 1184 4489 placitis
1207 4423 1256 4470 aut
