2796 5048
121 1426 1231 1536 nevauiarooriiro'uiiu,eiieeoot‘m,
1295 1502 1297 1506 Α
1343 1447 1345 1459 ·

541 1631 813 1696 SGIENTlA.

102 2365 151 2422 Sic
171 2378 265 2422 autem
276 2363 391 2422 secretis
409 2384 424 2419 a
445 2359 628 2443 philosophia
648 2360 778 2420 Platonis
798 2359 956 2418 simillimis
975 2359 1138 2438 quibusque
1155 2381 1221 2420 cum
1239 2361 1306 2441 phi·

65 2461 254 2543 losophorum
265 2460 401 2541 placitis,
423 2473 484 2519 tum
503 2459 595 2518 effatis
613 2459 699 2517 etiam
716 2456 846 2532 divinis,
864 2457 929 2535 quis
946 2458 1008 2534 ejus
1025 2459 1102 2530 ficiis
1115 2460 1152 2518 sit
1171 2461 1306 2533 maxime,

62 2573 164 2640 patere
187 2559 271 2619 nobis
289 2557 501 2638 quodammodo
519 2557 639 2636 incipit:
672 2554 830 2632 videorque
849 2553 923 2612 mihi
943 2574 1080 2629 cernere,
1099 2557 1228 2614 leoninis
1245 2577 1305 2614 eam

57 2658 183 2738 proprie
215 2677 274 2716 esse
303 2659 343 2715 od
372 2663 515 2715 veritatis
544 2661 703 2713 amentiam
733 2660 968 2711 institutionem.
1012 2653 1084 2710 Nam
1103 2653 1141 2713 ad
1159 2657 1306 2713 homiaem

60 2756 190 2815 refertur
210 2767 269 2815 tota
278 2799 287 2829 ,
316 2768 347 2813 ut
376 2753 445 2823 haec
457 2753 559 2812 'omnis
578 2773 632 2811 nos
650 2750 751 2811 docuit
776 2751 945 2829 disquisitio
963 2763 1078 2810 nostra:
1100 2753 1133 2811 in
1146 2753 1307 2833 exploran-

18 2840 23 2845 ’
61 2853 102 2913 (lo
123 2867 218 2912 autern
239 2852 358 2911 bomine
377 2851 421 2911 nil
442 2851 533 2930 magis
552 2863 682 2931 spectat,
700 2870 785 2928 quam
795 2894 804 2924 ,
824 2862 855 2908 ut
876 2848 991 2908 erudiat
1012 2869 1082 2924 nos,
1106 2863 1136 2909 ut
1153 2849 1306 2930 perficiat,

58 2952 92 3010 in
112 2951 209 3030 ipsum
229 2971 281 3009 nos
297 2949 386 3011 ducat
410 2951 540 3010 veritatis
560 2936 692 3028 regnum.
724 2930 930 3026 Qiiaerendum
941 2947 1029 3027 igitur
1045 2969 1125 3007 nunc
1146 2947 1306 3030 nobispor·

57 3070 92 3108 ro
112 3046 150 3107 de
179 3047 233 3106 bac
259 3049 320 3128 ipsa
353 3051 503 3125 veritatis,
532 3045 586 3106 τοῦ
615 3041 715 3124 ὄντος,
749 3041 841 3108 orituri
876 3044 931 3107 τοῦ
955 3039 1057 3120 ὄντος,
1092 3054 1303 3122 scientio,

57 3144 135 3226 quid
155 3146 274 3205 tandem
293 3147 349 3222 sit,
372 3145 511 3222 videtur,
532 3161 563 3207 ut
581 3148 621 3208 de
638 3149 697 3208 line
715 3149 882 3210 Platonicae
901 3147 1104 3230 philosophiae
1123 3158 1234 3205 constet
1249 3167 1306 3205 no-

61 3243 110 3303 bis
129 3242 300 3321 aliquando.
342 3241 453 3317 Quodsi
472 3244 650 3306 talembunc
669 3249 911 3329 compererimus,
925 3247 1040 3327 qualem
1056 3266 1134 3306 nunc
1145 3264 1205 3303 esse
1219 3264 1306 3324 augu-

58 3362 179 3417 ramur,
201 3341 368 3402 videbimus
396 3344 546 3424 prolecto,
578 3343 632 3404 hoc
654 3348 802 3427 proposito
822 3345 971 3428 praeclaro
991 3344 1207 3427 philosophiam
1225 3341 1306 3398 illam

56 3461 126 3499 cum
146 3439 290 3521 distingui
318 3441 443 3499 maximo
473 3442 510 3500 ab
543 3442 660 3502 illorum
689 3444 851 3518 doctrinis,
876 3444 983 3523 quibus
1003 3447 1167 3501 caussarum
1186 3439 1305 3498 scientia

58 3538 166 3597 unicus
184 3537 252 3597 sinis
272 3553 333 3614 est,
353 3554 414 3599 tum
434 3541 598 3619 proximas
619 3539 733 3601 divinis
754 3542 915 3621 praeceptis
935 3539 1043 3599 abesse.
1303 3596 1330 3635 st

98 3635 158 3698 Sed
178 3635 237 3695 huc
256 3636 511 3717 progredientibus
532 3636 650 3697 tandem
660 3684 668 3713 ,
687 3639 719 3696 in
738 3652 865 3697 mentem
875 3636 960 3697 nobis
979 3637 1173 3718 sophistarum
1184 3637 1304 3696 istorum

55 3750 87 3794 et
104 3750 250 3795 oratorum
269 3737 369 3810 venit,
388 3737 484 3815 quiin
502 3737 564 3817 ipso
584 3737 699 3795 itineris
720 3737 811 3795 nostri
837 3737 968 3816 ingressu
982 3733 1012 3815 l)
1032 3736 1132 3795 inania
1152 3734 1324 3814 nosagere,'

54 3834 82 3893 si
102 3834 255 3895 veritatem
275 3848 304 3894 ct
321 3834 473 3893 scientiam
492 3854 711 3913 quaereremus,
738 3834 922 3908 clamabant,
943 3834 1094 3894 veritatem
1114 3855 1174 3893 esse
1193 3831 1304 3891 nullam

51 3931 288 4019 contendentes,
311 3954 399 3992 unam
417 3933 449 3991 in
466 3932 552 3992 rebus
582 3933 719 3993 humanis
747 3941 917 4012 opinionem
936 3931 1091 3993 dominari.
1144 3932 1179 3991 lu
1198 3928 1305 4008 quibus

51 4043 141 4091 erant
160 4031 212 4109 qui
232 4031 269 4090 de
287 4031 343 4090 hac
371 4031 433 4112 ipsa
454 4052 503 4106 re,
532 4030 569 4090 de
586 4041 742 4109 opinione,
770 4032 840 4092 satis
867 4045 967 4105 acute,
987 4033 1091 4112 partim
1112 4032 1200 4090 etiam
1218 4030 1305 4101 ieie,

48 4129 212 4188 dicerent:
231 4129 264 4188 in
286 4129 388 4210 primis
407 4130 590 4210 Protagoras,
623 4131 673 4208 qui
689 4129 772 4212 illud
792 4129 947 4212 crepabat,
966 4139 1099 4191 manium
1130 4150 1233 4186 raram
1255 4128 1306 4186 lio·

48 4234 170 4287 minem
190 4249 251 4287 aare
271 4249 457 4288 masuram.
500 4229 557 4288 Nos
572 4243 635 4289 tum
654 4227 772 4307 quidem
793 4229 859 4289 illos
878 4251 937 4290 non
958 4231 1058 4289 morati
1082 4246 1188 4286 sumus.
1232 4227 1302 4286 Fli÷

91 4433 117 4500 ι)
138 4437 216 4487 iouia
231 4455 257 4504 ρ.
275 4436 330 4489 121.
348 4437 407 4490 aas.
