2796 5048
709 237 748 295 30

107 416 210 456 amore
237 395 347 455 Graeco
372 377 461 456 verbo
482 398 669 476 philosophia
698 420 802 459 nomen
828 401 973 461 invenit.»
996 398 1031 480 ·l)
1061 401 1266 461 Confuderunt
1286 404 1347 463 fere

65 558 69 564 ,
114 493 204 554 Stoici
223 515 286 554 cum
311 494 439 574 sapiente
466 494 689 578 philosophum,
722 511 753 556 ut
771 497 873 578 paullo
899 511 965 557 ante
994 500 1155 579 attigimus:
1177 499 1228 559 sed
1252 500 1310 560 hoc
1330 522 1348 559 a

112 593 271 673 Pythagora
298 606 326 652 et
350 590 462 652 Socrate
487 595 687 670 retinuerunt,
714 609 746 655 ut
764 594 976 679 philosophiam
1000 595 1174 658 delinirent:
1212 591 1270 680 την
1291 595 1348 677 μὲν

113 685 221 771 σοφίαν
252 683 327 751 εἶναι
356 686 449 751 θείων
478 714 509 752 τι
540 691 589 753 καί
624 688 826 776 ἀνθρωπίνων
863 689 1040 778 ἐπιστήμην·
1071 691 1126 778 τήν
1156 695 1191 759 di
1223 703 1347 781 φιλοσο-

107 789 186 874 φίαν
217 787 337 873 ἄσκησιν
371 786 477 874 τέχνης
509 792 683 880 ἐπιτηδείου.
714 796 745 877 2)
792 799 889 876 Itaque
926 798 1049 860 Seneca:
1085 803 1247 882 «sapientia
1283 825 1348 886 per·

113 896 220 954 fectum
249 894 357 955 bonum
384 909 426 954 est
455 899 559 957 mentis
582 899 740 958 humanae:
771 896 954 978 philosophia
976 900 1132 979 sapientiae
1157 922 1235 960 amor
1255 917 1300 962 est
1319 917 1348 963 et

113 993 281 1053 affectatio.»
313 990 346 1073 3)
392 995 457 1053 Rite
488 997 577 1075 igitur
601 998 739 1057 Alcinous
772 997 805 1054 in
834 995 1008 1076 explicanda
1035 997 1163 1056 Platonis
1191 997 1344 1076 doctrina,
1385 1017 1389 1031 ¹

110 1092 243 1170 quamvis
277 1092 309 1150 in
344 1093 444 1151 ceteris
476 1093 619 1175 plerisque
646 1118 663 1154 a
700 1108 795 1154 mente
823 1093 950 1152 Platonis
984 1092 1152 1170 discedens,
1183 1096 1347 1180 φιλοσοφία

112 1186 192 1250 ἐστίν
214 1181 310 1272 ὄρεξις
331 1186 446 1271 σοφίας.
458 1192 489 1273 4)
523 1195 602 1269 Quae
629 1194 727 1255 nativa
754 1191 953 1273 philosophiae
981 1193 1061 1250 notio
1089 1192 1169 1254 haud
1189 1197 1276 1260 latuit
1297 1200 1345 1261 do·

111 1292 270 1351 ctissimum
293 1294 426 1368 Patrum,
458 1294 632 1353 Clementem
660 1290 907 1351 Alexandrinum:
941 1287 1100 1370 φιλοσοφία
1126 1288 1174 1368 di,
1201 1285 1225 1382 ᾖ
1252 1297 1346 1378 φασίν

112 1385 144 1449 oi
173 1383 384 1472 πρεσβύτεροι,
416 1384 614 1473 πολυχρόνιός
645 1387 707 1450 ἐστι
738 1383 911 1470 συμβουλή,
939 1388 1045 1472 σοφίας
1067 1387 1161 1454 (ίίιῒιον
1180 1420 1346 1480 μνηστευο-

112 1485 187 1574 μένη
221 1485 327 1575 ἔρωτα.
369 1493 399 1574 5)
434 1494 480 1553 Ad
513 1515 599 1574 quem
626 1493 720 1552 locum
754 1506 905 1570 apponunt
931 1495 1099 1575 interpretes
1127 1498 1258 1560 Philonis
1284 1525 1346 1564 sen·

112 1595 250 1668 tentiam,
271 1593 322 1652 ubi
344 1593 380 1652 de
400 1592 641 1673 contemplatione
662 1589 751 1651 dicit:
779 1581 832 1668 ἀφ’
857 1580 894 1669 ἦς
920 1591 1068 1671 πληχθείς
1094 1588 1112 1654 ὁ
1138 1596 1219 1672 νοῦς,
1247 1593 1346 1681 ἔρωτα

111 1689 163 1752 καὶ
193 1683 295 1752 πόθον
325 1684 393 1771 ἔσχε
426 1689 481 1771 τῆς
507 1682 620 1750 τούτων
646 1682 824 1771 ἐπιστήμης·
853 1683 929 1753 ὅθεν
954 1687 991 1753 ad
1018 1695 1195 1778 φιλοσοφίας
1222 1696 1345 1782 α’νεβλᾶ-

113 1813 204 1876 στησε
224 1787 313 1873 γένος.
335 1793 365 1874 6)
404 1792 567 1851 Fluxerunt
590 1791 660 1849 haee
684 1792 785 1849 omnia
812 1814 827 1851 e
856 1795 1031 1875 Pythagorae
1066 1801 1194 1876 ratione,
1216 1818 1248 1862 ut
1267 1819 1346 1886 patet

114 1917 297 1971 esemona,
315 1913 400 1973 quem
417 1890 550 1949 habuisse
579 1888 737 1967 aliquando
761 1912 825 1949 cum
846 1893 952 1952 Leonte
972 1895 1072 1955 fertur.
1095 1895 1126 1976 7)
1164 1901 1222 1960 Nec
1250 1916 1343 1963 tamen

116 1993 166 2053 ille
184 2016 242 2054 nem
270 1995 310 2054 ita
328 1991 485 2072 expressit,
507 2002 539 2047 ut
566 1988 697 2047 fecerunt
728 1989 835 2048 deinde
864 1990 991 2050 Socrates
1011 2007 1037 2052 et
1064 1995 1154 2057 Plato.
1196 2001 1298 2061 Artem
1317 2023 1346 2062 se

114 2093 186 2151 seire
205 2092 317 2152 nullam
345 2089 506 2162 fatebatur,
527 2086 577 2146 sed
604 2107 662 2145 esse
687 2088 903 2164 philosophum.
946 2089 1134 2172 Philosophos
1157 2111 1252 2155 autem
1280 2120 1346 2158 eum

114 2192 151 2249 iis
169 2210 353 2271 comparans,
380 2187 429 2264 qui
449 2184 533 2243 ludos
554 2183 669 2243 adirent
696 2186 812 2242 risendi
838 2207 953 2260 caussa,
976 2188 1030 2268 ipsi
1053 2211 1120 2249 vero
1138 2212 1190 2250 nec
1209 2193 1346 2273 plausum

117 2308 170 2346 neo
190 2287 303 2346 lucrum
330 2296 517 2363 quaererent,
537 2283 626 2341 vitam
653 2282 742 2360 magis
769 2286 1046 2360 contemplativam,
1068 2309 1151 2366 quam
1180 2291 1348 2354 insatiabile

115 2384 193 2444 illud
213 2382 346 2444 discendi
365 2379 609 2462 perquirendique
626 2379 754 2438 studium
773 2381 962 2461 significabat.

245 2578 337 2656 Apud
358 2587 469 2662 eeteros
481 2577 670 2654 philosophia
689 2598 747 2635 aeon
767 2579 905 2636 doctrino
926 2591 987 2655 ost,
1008 2584 1057 2640 sed
1068 2603 1182 2661 parens
1199 2595 1228 2642 at

483 2683 680 2753 procreatrix
701 2678 919 2738 doctrinarum.
993 2759 995 2762 Α

158 2877 194 2935 Et
213 2875 283 2934 hinc
303 2875 421 2953 quidem
443 2874 637 2954 intelligitur,
658 2873 730 2953 quid
757 2876 949 2953 spectaverint
976 2876 1105 2954 antiqui,
1126 2897 1214 2956 quum
1244 2878 1347 2959 philo-

117 2974 246 3054 sophiam
275 2986 411 3033 vocarent
441 2994 500 3031 non
527 2973 708 3045 doctrinam,
729 2971 779 3029 sed
807 2972 1002 3031 doctrinarum
1030 2976 1157 3033 omnium
1185 2990 1344 3056 pa1·.entem

117 3072 202 3146 Quod
221 3071 299 3153 apud
326 3073 491 3130 Ciceronem
520 3072 644 3129 occurrit
663 3070 794 3128 maxime.
837 3071 953 3147 »Neque
975 3072 1051 3169 enipi
1071 3086 1098 3130 tc
1124 3073 1215 3152 fugit,
1238 3077 1344 3134 artium

120 3171 248 3230 omnium
267 3168 447 3227 laudatarum
465 3162 682 3248 procreatricem
696 3166 842 3245 quandam
861 3181 888 3226 et
906 3170 985 3247 quasi
1004 3184 1150 3250 parentem
1164 3191 1224 3230 eam
1233 3219 1242 3249 ,
1258 3195 1345 3254 quam

121 3262 339 3348 φιλοσοφίαν
375 3265 478 3325 Graeci
512 3278 636 3339 vocant,
666 3264 703 3323 ab
730 3264 895 3324 bominibus
929 3266 1099 3327 doctissimis
1127 3270 1287 3348 judicari.»
1313 3270 1345 3352 8)

119 3369 237 3429 Scilicet
257 3365 467 3449 philosophiam
486 3363 599 3441 antiqui
618 3384 678 3437 non
706 3365 862 3440 objectiva,
885 3377 916 3423 ut
944 3365 1031 3445 vulgo
1051 3366 1226 3447 loquuntur,
1247 3368 1285 3428 de
1314 3391 1345 3429 re

121 3464 288 3539 tractanda,
309 3463 360 3523 sed
388 3464 547 3539 subjectior
577 3461 613 3520 de
639 3463 680 3520 rei
709 3462 874 3522 tractandae
902 3463 1014 3537 studio,
1037 3487 1088 3523 nec
1113 3466 1204 3524 solum
1227 3465 1266 3525 de
1289 3468 1345 3527 hoc

116 3565 231 3638 studio,
252 3564 302 3622 sed
322 3563 407 3620 etiam
426 3560 462 3619 de
481 3561 543 3637 ejus
562 3560 591 3618 vi
610 3574 637 3618 et
656 3561 801 3619 effectibus
819 3562 947 3643 accipere
972 3563 1111 3622 solebant.
1152 3565 1346 3638 Quamobrem

115 3685 183 3721 cum
211 3664 348 3722 stodiam
374 3658 526 3717 haberetur
553 3657 734 3738 philosophia
753 3658 903 3732 discendi,
925 3648 1114 3740 explorandi,
1135 3663 1347 3742 perquirendi,

200 3875 236 3925 De
253 3873 325 3940 Leqp.
340 3871 359 3921 l.
375 3869 416 3920 22.

198 3959 263 4011 Plut.
278 3961 307 4010 de
319 3959 384 4026 plac.
398 3956 457 4025 phil.
472 3955 527 4005 init.

151 3875 181 3939 ¹)

148 3960 179 4025 2)

149 4045 180 4110 3)
199 4041 303 4113 2239

150 4130 230 4196 2λῦ

150 4217 180 4282 5)
199 4130 320 4284 Prothept.
338 4213 378 4264 ΧΙ.
396 4212 451 4264 112.
468 4229 493 4279 ρ.
508 4211 550 4262 87.

149 4301 180 4367 6)
198 4301 397 4367 Demuodiopif.
413 4299 430 4349 l.
446 4314 470 4364 p.
486 4288 579 4348 50.l’l
567 4296 657 4346 loiffen

150 4388 180 4452 l]
203 4388 271 4438 Tarso.
288 4388 316 4450 Q.
332 4386 361 4436 V.
376 4383 400 4435 3.

149 4471 181 4537 8)
199 4474 317 4524 DeOrot.
333 4471 350 4521 l.
366 4468 389 4520 3.
