2796 5048
620 230 676 292 241

44 412 144 473 tanc,
163 405 195 452 ut
215 391 301 473 logici
320 393 380 459 fere
396 392 507 467 solent,
528 391 615 472 longo
633 391 787 453 verborum
799 393 917 477 ‚ambitu
936 397 1120 478 interpretari
1139 395 1261 459 conaba-

44 490 103 549 nr':
123 489 175 551 sed
192 490 324 551 homines
339 489 493 569 quaerebat
512 491 671 565 continuo,
692 492 742 569 qui
762 484 856 553 esiam
863 495 1015 575 sapientes.
1041 495 1261 576 aSapientiam,

44 587 155 669 lnquit,
171 588 246 669 quid
264 610 325 649 esse
341 587 495 669 dicamus?
525 589 580 648 Dic
600 589 689 648 mihi:
713 603 808 649 utrum
825 590 881 657 tihi
900 593 1043 674 sapientes
1061 594 1093 652 in
1112 594 1165 667 iis,
1186 612 1259 673 quae

44 700 163 762 urunt,
183 687 326 768 sapientes
353 707 411 745 esse
437 686 594 760 videntur,
623 710 661 747 an
688 709 755 748 vero
782 688 873 768 aliqui
901 704 969 749 sunt
989 691 1022 750 iu
1042 691 1078 750 iis
1098 692 1258 772 sapientes,

44 800 113 865 quae
137 785 491 847 nesciunt-Nimirum
510 786 543 845 iu
563 785 623 845 illis
642 787 784 868 sapientes
802 801 884 862 sunt,
910 809 982 867 quae
1001 791 1112 848 sciunt:
1134 791 1262 876 namqui

47 884 128 965 jusit
143 883 251 963 aliquis
271 903 331 969 esse
346 884 460 964 sapiens
477 883 510 942 in
527 882 614 957 illis,
634 905 706 963 quae
726 886 841 946 nesoitl
861 924 897 936 -
917 887 992 945 Num
1010 887 1100 966 igitur
1118 889 1260 973 sapientes

49 981 159 1049 fienda
181 993 250 1042 sunt
275 982 442 1062 sapientes?
463 1009 498 1032 -1
518 982 648 1055 Quanam
676 981 733 1041 alia
761 1003 791 1040 re
819 984 933 1063 sapiens
950 984 1056 1064 aliquis
1076 985 1181 1059 luerit,
1202 987 1259 1047 nisi

55 1078 179 1153 aaut?
208 1120 245 1133 -
273 1080 349 1140 Num
376 1100 444 1139 vero
470 1068 572 1159 putas,
592 1079 675 1140 aliud
695 1080 835 1159 quiddam
863 1103 922 1141 esse
949 1076 1119 1164 sapientiam
1148 1098 1261 1165 praeter

60 1174 135 1263 W,
160 1200 218 1260 quo
233 1177 365 1238 homines
380 1177 522 1256 sapientes
535 1181 627 1239 sunt?
649 1218 683 1229 -
712 1179 776 1237 Non
797 1178 940 1258 equidem.
961 1219 996 1230 -
1025 1180 1100 1261 Ergo
1117 1181 1259 1261 sapientia

44 1266 240 1359 {fluimua'l
269 1317 304 1330 -
334 1275 411 1335 Mihi
428 1274 547 1353 quidem
563 1276 689 1337 videtur.
710 1316 744 1328 -
775 1277 886 1358 Ergone
906 1278 961 1338 tibi
980 1277 1097 1342 videtur
1114 1277 1199 1338 homo
1217 1299 1262 1341 res

96 1404 107 1426 n
120 1404 133 1425 a:
162 1378 236 1435 scire
260 1376 365 1458 posse?
394 1414 429 1423 -
458 1372 500 1433 Ne
528 1374 576 1434 vel
603 1356 712 1456 partem
736 1374 855 1455 quidem
872 1368 968 1434 rerum
988 1376 1205 1456 aliquantulam.
1225 1412 1261 1424 -

47 1487 83 1536 ι,
125 1507 128 1525 ι
156 1474 244 1554 igitur
271 1474 303 1534 in
319 1471 463 1532 ¹omnibus
489 1472 590 1550 nequit
616 1492 676 1531 esse
701 1473 841 1553 sapiens?
861 1514 897 1525 -
934 1474 1040 1552 Nequit
1066 1477 1203 1556 prolecto.
1224 1513 1259 1524 -

139 1572 171 1632 in
196 1591 229 1631 eo
255 1583 297 1630 est
315 1570 466 1657 sapiens,
478 1568 557 1647 quod
575 1569 708 1629 scit?-
737 1570 813 1630 Mihi
830 1572 948 1652 quidem
963 1572 1116 1633 videtur.»
1143 1571 1172 1654 l)
1213 1573 1262 1634 Si-

62 1715 63 1720 ,
104 1695 122 1718 11
163 1667 199 1727 de
227 1669 350 1749 pietate,
379 1666 416 1726 de
441 1646 630 1739 fortitudine,
660 1666 697 1726 de
725 1668 792 1727 aliis
814 1669 973 1729 vinalibus
995 1691 1155 1749 quaerens,
1185 1671 1260 1752 ipsos

56 1767 71 1846 ξ’
107 1787 169 1828 »es
172 1765 369 1847 respiciebat
398 1765 554 1838 continuo,
586 1764 635 1842 qui
662 1780 756 1825 essent
778 1767 841 1847 pii,
872 1768 976 1841 fortes,
1011 1768 1077 1829 aliis
1103 1768 1260 1830 virtutibus

59 1881 67 1908 *-
124 1894 142 1915 υ
164 1880 224 1925 ent.
254 1865 300 1923 Sic
319 1864 442 1944 maxime
461 1885 522 1923 non
541 1861 630 1923 verba
649 1862 764 1939 verbis,
785 1863 836 1947 sed
855 1885 899 1923 res
917 1865 993 1946 ipsas
1013 1866 1079 1947 apul
1096 1886 1192 1926 earum
1212 1867 1260 1930 vel

61 1959 66 1976 ²
90 1984 187 2021 ,mum
204 1961 433 2022 consideratione
449 1959 624 2022 declarabat.
710 1988 712 1993 ⁴

64 2054 211 2139 allaturam
234 2060 309 2119 hanc
338 2061 426 2119 fuisse
452 2059 581 2119 diximus
609 2057 732 2153 Socratis
745 2058 925 2121 facultatem.
967 2063 1039 2121 Nam
1056 2075 1146 2121 artem
1166 2062 1198 2120 in
1214 2060 1261 2120 his

103 2159 173 2219 r'urs
193 2181 252 2219 non
269 2158 405 2238 cogitasse
421 2157 555 2233 videtur,
577 2145 634 2216 imo
652 2177 720 2217 vero
738 2157 791 2216 hac
811 2170 930 2218 naturae
945 2159 993 2218 vra
1003 2157 1114 2219 artibus
1123 2157 1261 2233 dicendi,

44 2246 114 2329 'ms
128 2257 360 2365 excogitaverant
376 2255 552 2364 publiceque
568 2254 725 2335 crepabant
744 2270 773 2315 et
793 2255 938 2317 docebant
956 2257 1117 2338 sophistae,
1137 2276 1262 2345 oppone·

49 2340 178 2432 hesse,
200 2355 307 2435 quippo
325 2368 354 2412 et
372 2351 443 2433 ipsis
461 2354 544 2413 vanis
562 2368 590 2413 et
606 2353 644 2414 ad
664 2375 740 2414 vana
757 2357 852 2414 omnia
870 2376 903 2414 ac
920 2356 1069 2416 temeraria
1087 2354 1264 2414 adducenti-
1327 2430 1328 2434 ἵ

47 2438 107 2517 h
125 2454 181 2514 Sed
199 2453 330 2533 quamvis
350 2464 482 2510 naturam
498 2450 617 2510 haberet
636 2450 740 2511 ducem
760 2452 912 2512 dialectica
923 2452 1065 2527 Socratis,
1087 2454 1261 2512 artistamen

44 2546 119 2623 Ultro
134 2566 162 2613 et
179 2551 321 2611 rationem
340 2548 487 2624 tenebat,
506 2563 621 2627 eratque
640 2551 758 2630 propria
775 2551 803 2608 ei
821 2550 1043 2625 methodus,.ut
1060 2551 1185 2630 primum
1203 2553 1244 2610 sic
1254 2597 1263 2625 ,

44 2658 82 2735 ξι
96 2649 241 2725 diximus,
270 2669 316 2708 res
338 2645 492 2722 definiret,
523 2660 585 2706 tum
609 2669 694 2722 vero,
724 2646 802 2726 quod
827 2643 912 2707 nobis
933 2649 1061 2708 omnium
1079 2663 1120 2706 est
1139 2650 1262 2708 maxime

44 2736 350 2824 μιιιὶιιιι(Ιιιιιιιιᾶιιιιι,
377 2768 394 2805 a
414 2744 500 2804 rebus
519 2744 614 2803 obviis
632 2744 670 2804 ad
689 2765 735 2804 eas
752 2743 955 2824 interrogando
974 2744 1157 2832 escenderet,
1188 2768 1261 2824 quae

44 2834 151 2925 &uotae
172 2860 267 2906 essent
277 2891 285 2921 ,
307 2846 408 2904 saltem
426 2844 522 2904 minus
538 2843 601 2903 'sive
618 2843 750 2924 pateient
765 2844 826 2903 sive
844 2826 1069 2903 attenderentur.
1091 2844 1264 2924 Exemplum

44 2942 130 3017 ¹*ultis
149 2945 276 3006 occurrit
293 2945 325 3005 in
343 2943 447 3004 iisdem
465 2943 527 3019 ejus
543 2962 610 3000 cum
626 2940 794 3015 Glaucone,
813 2962 883 3020 quos
902 2943 1139 3026 memoravimus,
1161 2963 1264 3002 sermo·

44 3040 137 3113 uibus.
178 3042 304 3103 Tacebat
322 3042 390 3115 hic,
410 3053 564 3119 quaerente
583 3038 717 3114 Socrate,
738 3038 816 3099 unde
840 3039 896 3119 ipsi
915 3053 986 3098 esset
1003 3039 1219 3114 inchoandum,
1241 3043 1265 3100 si

70 3208 77 3229 ι
113 3163 171 3203 esse
192 3141 305 3201 civitati
326 3139 463 3199 studeret.
505 3136 633 3197 Socrates
654 3160 737 3213 vero,
758 3152 790 3198 ut
809 3138 945 3212 haberet,
965 3137 1044 3218 quod
1062 3137 1264 3218 responderet,

44 3140 215 3403 §amici
237 3239 355 3299 domum
376 3236 557 3318 memorabat.
607 3237 708 3312 Hanc,
729 3236 864 3316 rogabat,
885 3237 909 3296 si
925 3237 1029 3314 juvare
1046 3237 1137 3311 velis,
1167 3257 1265 3296 nonne

44 3398 57 3425 ..·
71 3334 174 3399 'tiorem
192 3337 312 3398 reddere
332 3336 473 3396 studeas?
495 3335 584 3394 Notae
603 3350 670 3395 sunt
687 3336 781 3395 cuivis
799 3357 843 3395 res
861 3334 1031 3395 domesticae
1049 3349 1172 3414 suntque
1182 3332 1268 3393 rebus

44 3434 166 3515 ',tliticis
183 3435 392 3516 simpliciores:
413 3455 451 3494 es
472 3432 533 3494 illis
552 3434 641 3513 igitur
664 3433 810 3494 declarare
828 3411 1086 3497 bascenitebatur.
1128 3432 1267 3492 Similiter
1345 3470 1354 3489 .·

44 3520 117 3621 'nem
140 3537 172 3596 in
201 3533 412 3614 elegantissimo
439 3553 504 3590 cum
526 3531 680 3592 Charmide
699 3551 836 3591 sermone.
879 3532 1028 3591 Contraria
1049 3530 1136 3609 hujus
1152 3530 1269 3608 juvenis

96 3633 169 3695 ditio
187 3645 265 3692 erat:
288 3652 354 3691 nam
374 3644 405 3689 ut
425 3627 535 3690 Glauco
555 3650 699 3710 capessere
716 3650 824 3688 summa
841 3629 873 3688 in
892 3628 1043 3708 republica
1060 3648 1180 3687 munera
1199 3650 1269 3689 ave·
1314 3650 1318 3654 ’

44 3644 108 3808 Π,
129 3732 170 3807 ita
189 3726 237 3790 hic
259 3728 297 3788 ad
315 3728 453 3810 populum
472 3727 626 3809 procedere
647 3748 714 3807 prae
727 3727 902 3786 verecundia
914 3747 974 3785 non
987 3726 1121 3786 audebat.
1143 3726 1269 3787 Inhunc

44 3818 130 3911 &nn
149 3827 284 3889 incidens
301 3828 429 3887 Socrates
453 3848 467 3879 (ι
481 3825 630 3899 dicmihi,
650 3826 764 3904 inquit,
786 3824 826 3882 mi
837 3822 1022 3899 Charmides,
1044 3825 1160 3935 siquis,
1181 3845 1269 3903 quum

44 3918 77 4005 lq
100 3927 178 3989 ludis
200 3929 316 3987 vincere
336 3926 441 4007 possit,
472 3946 560 4004 eaque
580 3946 610 3984 re
629 3946 696 3985 cum
714 3925 775 4003 ipse
796 3922 935 3982 honorem
953 3923 1108 4002 consequi,
1139 3937 1201 3982 tum
1218 3943 1267 4003 pa·

44 4026 151 4103 [tiam
144 4048 176 4087 tn
195 4025 315 4086 Graecia
335 4023 523 4084 illustriorem
543 4022 683 4099 reddere,
712 4022 858 4081 decertare
874 4021 969 4097 nolit,
990 4021 1105 4100 qualem
1123 4006 1270 4079 existimas

44 4116 120 4184 hunc
140 4124 288 4184 hominem
308 4124 448 4182 essel-
479 4122 598 4181 Mollem
618 4142 685 4179 sane
696 4120 841 4199 ,inquit,
864 4133 948 4198 atque
966 4121 1167 4198 ignavum-
1133 4117 1267 4176 -At
1244 4139 1268 4176 ει
1349 4111 1351 4115 ¹

44 4223 122 4303 quis,
152 4243 240 4300 quum
266 4222 372 4301 possit,
399 4220 627 4302 rempublicam
625 4219 790 4294 ·,obeundo
817 4239 883 4279 eum
909 4219 1066 4279 civitatem
1073 4214 1268 4296 amplificare,

44 4358 293 4373 μ-

72 4429 101 4499 υ
118 4431 184 4482 ran.
203 4432 256 4482 eoa.
275 4430 295 4493 a
314 4433 339 4482 ι.
359 4428 406 4482 cu.
424 4430 502 4481 raaia
518 4427 614 4497 aare.
633 4455 635 4459 -
695 4412 700 4419 ‘
