2796 5048
667 234 726 297 297

67 399 331 481 ltreviloquentiee
346 400 444 459 cauni
463 398 600 459 nonnihil
617 397 705 458 lrab'et
720 399 903 465 obscuritatis
909 401 950 474 ,si
970 399 1203 459 commentarium
1217 418 1300 479 quoe
1321 445 1324 451 .

69 501 193 575 rimus,
213 497 331 559 laudato
348 496 402 557 illo
420 496 580 556 Aristotelis
607 517 692 577 opere
720 496 913 563 haud-leaile
942 496 1156 577 diligentiorem
1175 499 1302 580 reperio*

68 616 153 657 mue.
197 595 306 671 Quodsi
327 595 487 678 pleniorem
507 596 591 653 etiem
612 596 806 674 requirimur,
822 608 931 679 queen
949 594 1087 655 cernendi
1106 594 1258 677 diligentia
1276 606 1304 657 et

66 698 125 757 zie
145 693 344 783 persuadendi
362 707 390 753 et
408 716 478 756 vero
496 693 650 754 flexanima
669 694 807 761 orationie
825 695 918 756 virtue
935 693 1082 754 Platonici
1101 696 1230 770 ratione,
1254 696 1305 756 sed

72 794 198 869 furius,
218 792 269 852 sed
287 791 440 867 disertius,
462 791 512 850 sed
532 792 594 872 ipsd
612 792 792 871 eloquentiae
809 791 844 853 ni
861 806 889 851 et
905 792 986 873 copie
1006 793 1185 874 exprimatur
1195 839 1204 868 ,
1224 795 1305 854 Cice·

71 892 162 953 renis
182 892 218 950 de
240 889 367 949 Oratore
386 888 508 970 dialogis
535 889 636 949 nullus
664 889 725 949 ullo
751 910 821 950 acro
840 890 950 953 exstitit
979 890 1141 971 perfectior.
1183 890 1305 951 Senten·
1384 908 1390 916 ·

75 990 137 1053 tine
154 1008 193 1048 ex
213 988 274 1046 illis
292 1007 435 1069 opponere
445 1032 454 1063 ,
474 1008 547 1066 quae
574 986 752 1047 Platonicam
770 1002 863 1053 artem
887 976 1036 1064 referunt,
1065 1008 1307 1069 supervacaneum

76 1087 143 1163 eit,
167 1106 237 1146 aum
256 1098 347 1146 totum
365 1106 436 1166 opus
455 1099 483 1145 et
502 1086 605 1145 referat
627 1085 713 1147 illam
735 1098 763 1145 et
780 1085 917 1166 explicet.
959 1086 1017 1147 Sed
1036 1108 1123 1148 unam
1140 1086 1216 1147 hanc
1242 1070 1304 1148 non

76 1204 199 1267 pomum
219 1206 280 1244 non
300 1204 533 1260 commemorare,
554 1206 626 1263 quae
645 1184 751 1244 medici
769 1184 838 1242 item
862 1199 890 1244 et
915 1186 1049 1260 oratorie,
1072 1200 1104 1245 ut
1132 1185 1209 1267 apud
1238 1186 1306 1245 Pla-

67 1298 181 1347 ·lunem
202 1297 263 1358 est,
284 1283 523 1364 comparationem
543 1283 683 1343 continet.
736 1282 824 1343 Valet
845 1286 1102 1365 igitur-’multum
1128 1286 1168 1342 ad
1186 1291 1304 1343 uincen-

67 1382 173 1458 fin,
192 1384 318 1460 probari
347 1402 460 1456 meree,
480 1388 626 1440 ineunda
655 1391 688 1440 et·
707 1384 801 1458 facta
829 1391 859 1441 et
883 1389 979 1440 eitam
1004 1403 1124 1458 aarum,
1145 1390 1199 1462 qni
1215 1392 1307 1464 agent

64 1488 227 1556 mee,
253 1491 282 1539 et
309 1502 429 1555 earum,
456 1501 513 1557 pro
535 1483 667 1558 quidue:
696 1490 727 1538 et
754 1487 826 1539 item
851 1483 1015 1559 improbari
1042 1482 1306 1539 adversariorum:

65 1586 257 1658 &maeque
285 1601 405 1653 aarum,
436 1580 516 1656 apud
543 1601 615 1656 puae
641 1588 753 1659 agetur
765 1623 774 1654 ,
806 1580 965 1637 conciliari
990 1601 1081 1658 quam
1111 1586 1241 1638 manime
1267 1580 1311 1639 ai·

63 1679 314 1741 &inolentiom
339 1698 407 1736 eum
435 1697 509 1757 erga
532 1686 699 1752 oratorem,
725 1687 790 1734 tum
818 1697 893 1757 erga
921 1678 1027 1752 illum,
1053 1700 1110 1757 pro
1142 1699 1198 1756 quo
1228 1678 1308 1735 dicet

62 1787 199 1843 :nean
223 1773 252 1855 l)
275 1804 309 1814 -
328 1776 410 1836 Huic
439 1785 540 1834 autem
568 1785 613 1834 eet
640 1778 697 1834 illa
723 1776 829 1852 diepar
856 1775 1003 1850 adjuncta
1030 1783 1112 1834 ratio
1141 1782 1306 1850 orationis,

63 1896 159 1961 pte
175 1876 240 1934 alio
255 1876 380 1952 quadem
392 1862 501 1955 genere
513 1884 626 1933 menter
636 1876 779 1950 judicum
795 1883 960 1951 permovet,
974 1876 1179 1953 impellitque,
1200 1884 1236 1932 ut
1250 1884 1306 1933 aut

58 1978 208 2039 derint
224 1975 445 2055 aut‘diligant,
467 1984 523 2031 aut
539 1974 714 2046 invideant,
736 1983 792 2030 aut
810 1974 927 2031 calaum
944 1974 1057 2048 uelint,
1078 1983 1134 2031 aut
1150 1982 1305 2049 nectuant,

58 2074 140 2137 'utet
154 2082 292 2150 opereat,
307 2083 363 2130 aut
376 2080 516 2149 cupiant,
533 2082 589 2130 aut
601 2073 798 2151 allemanni,
812 2081 869 2129 ont
881 2074 1049 2146 laetentur,
1069 2081 1125 2129 aut
1139 2081 1303 2146 moereant,

61 2168 140 2233 iant
159 2177 383 2244 misereantur,
405 2180 460 2228 aut
478 2178 592 2247 punire
619 2172 732 2245 velint,
753 2181 809 2229 aut
835 2171 875 2227 ad
902 2192 947 2255 eae
974 2181 1071 2230 awaus
1091 2172 1304 2244 adducantur,

71 2278 107 2333 εἰ
128 2277 187 2348 qui
195 2270 331 2346 finitimi
348 2279 421 2328 eunt
439 2279 469 2327 et
480 2276 644 2348 propinqui
663 2270 711 2328 leia
728 2290 763 2326 ac
782 2271 893 2328 talibus
911 2277 1009 2328 animi
1017 2272 1304 2348 perturbationibus.

76 2367 195 2446 Atque
209 2369 288 2425 illud
304 2369 464 2446 optandum
481 2377 526 2426 eat
540 2370 678 2442 oratori,
699 2378 735 2425 ut
754 2369 889 2446 aliquam
904 2378 1119 2448 permotionem
1136 2377 1306 2428 animorum

76 2487 148 2527 m
172 2476 271 2542 pente
295 2473 355 2544 ipee'
375 2466 513 2544 afferunt
540 2467 580 2524 ud
607 2487 744 2525 causeum
764 2467 905 2542 judi'cea,
932 2469 972 2525 ud
998 2469 1049 2542 id,
1079 2469 1156 2546 quael
1181 2469 1304 2527 utilitas

73 2570 221 2627 oratorie
241 2566 353 2640 seret,
383 2565 639 2624 accommodatam.
690 2563 827 2623 Facilius
854 2576 899 2625 eet
924 2573 1004 2622 enim
1031 2577 1230 2642 currentem,
1269 2576 1306 2623 ut

66 2671 200 2743 nsunt,
219 2669 371 2737 incitare,
392 2684 481 2741 quam
499 2682 674 2721 commouere
695 2663 897 2742 languentem.
948 2661 1005 2720 Sin
1021 2664 1055 2720 id
1073 2674 1129 2722 aut
1148 2686 1206 2722 non
1226 2671 1307 2739 erit,

66 2772 144 2823 leet
170 2768 234 2821 erit
256 2767 428 2838 olecum'ue,
449 2765 531 2820 sicut
557 2763 666 2820 medice
686 2762 846 2842 diligenti,
863 2769 1046 2838 priusquam
1065 2772 1190 2819 conetur
1218 2742 1308 2841 aegro

70 2862 231 2921 uitione
258 2862 455 2936 medicinam,
482 2881 540 2918 non
564 2862 659 2919 celum
683 2862 801 2918 morlue
827 2866 911 2936 ejua,
932 2866 984 2917 cui
1010 2860 1123 2917 mederi
1144 2862 1238 2935 uolet,
1259 2861 1309 2919 aed

81 2966 184 3021 otiam
212 2962 389 3019 consuetudo
419 2961 549 3019 valentia
578 2969 608 3017 et
635 2969 750 3018 natura
778 2965 911 3036 emperie
937 2960 1133 3038 cognoscenda
1161 2969 1206 3018 eet
1221 2983 1231 3015 .·
1262 2966 1305 3018 ee'c

84 3058 227 3139 equidem
236 3101 245 3131 ,
264 3079 332 3116 cum
351 3059 514 3139 aggredior
531 3065 693 3137 ancipitem
710 3080 847 3116 causeam
870 3067 900 3116 et
915 3078 1041 3137 parem
1066 3058 1106 3115 ad
1124 3066 1239 3117 animae
1249 3064 1310 3134 ju·

89 3158 194 3216 &eum
210 3158 458 3234 pertractandae,
479 3164 559 3215 omni
576 3166 673 3215 mente
681 3164 716 3214 in
736 3177 770 3215 ea
788 3164 966 3238 cogitatione
986 3179 1118 3235 curaque
1135 3178 1262 3233 uereor,
1275 3167 1311 3214 ut

87 3256 216 3330 darer,
243 3277 331 3333 qnam
358 3261 548 3335 eagacieeime
575 3263 706 3335 poeeim,
733 3256 807 3334 quid
835 3265 987 3332 sentiant,
1019 3258 1093 3336 quid
1119 3263 1309 3330 eaietiment,

83 3353 167 3433 guid
185 3374 223 3411 ea
289 3364 371 3429 tent,
392 3354 464 3432 quid
491 3355 604 3430 uelint,
625 3377 680 3432 quo
699 3356 804 3413 deduci
830 3362 963 3414 oratione
974 3357 1130 3431 facillime
1151 3375 1235 3431 poete
1261 3361 1310 3412 ai-

88 3452 237 3512 ieonmr.
285 3451 321 3512 Si
338 3474 368 3511 ee
384 3454 477 3528 dant,
497 3463 545 3529 et,
561 3444 601 3513 st
617 3463 689 3512 ante
708 3454 792 3528 diei,
813 3475 869 3512 eua
888 3466 1007 3533 sponte,
1029 3475 1084 3532 qna
1110 3454 1311 3528 impellimur,

84 3552 250 3611 'inclinant
269 3562 359 3631 atque
377 3553 583 3631 propendent,
604 3559 718 3629 accipio
737 3553 814 3629 quad
841 3554 952 3627 datur,
974 3562 1004 3610 et
1023 3552 1062 3610 ad
1081 3552 1132 3625 id,
1154 3551 1231 3608 unde
1250 3551 1312 3608 ali-

92 3656 176 3731 perie-
177 3651 282 3726 statue
307 3651 493 3726 attenditur,
514 3654 579 3709 oela
608 3652 651 3710 do.
704 3649 760 3710 Sin
789 3661 833 3709 eat
850 3659 970 3732 integer
999 3656 1173 3728 quietueque
1193 3646 1312 3726 judea,

81 3750 165 3829 plue
182 3758 228 3807 eet
245 3757 361 3828 aperie:
383 3759 455 3808 eunt
472 3757 552 3808 enim
575 3756 674 3808 amnia
700 3749 821 3808 dicendo
849 3731 1027 3823 cecitanela,
1049 3749 1130 3805 nileil
1147 3749 1314 3825 adjuvante

58 3848 63 3859 '
92 3858 221 3908 natura.
252 3848 313 3908 'Sed
328 3858 447 3907 tantam
465 3856 526 3906 eim
545 3850 630 3906 labet
647 3849 723 3923 illa,
743 3868 818 3926 quae
837 3858 916 3906 recte
934 3870 953 3904 a
974 3850 1042 3906 lano
1060 3856 1148 3925 pnite
1168 3848 1251 3906 dicta
1268 3854 1313 3903 eet

80 3949 338 4027 fleaanima
363 3958 489 4028 atque
517 3954 694 4006 amnium
716 3952 870 4027 regina
889 3967 1048 4022 rerum,
1066 3955 1181 4020 aratia,
1199 3955 1234 4002 ut
1253 3963 1311 4000 non

90 4047 177 4107 nodo
203 4047 402 4107 inclinantem
429 4048 580 4125 impellere
611 4057 667 4106 aut
695 4055 823 4106 alentem
841 4048 1006 4121 inclinare,
1027 4047 1186 4105 sedetiam
1205 4042 1313 4098 aduer-

90 4136 214 4207 nntem
226 4155 255 4203 et
271 4156 502 4227 repugnantem,
513 4155 549 4204 ut
565 4153 730 4222 imperator
748 4146 838 4204 lanne
856 4166 891 4204 ac
903 4148 1023 4222 sertio,
1043 4162 1149 4222 capere
1160 4147 1266 4220 poerit.
1280 4135 1313 4217 2)

98 4418 103 4423 ,
128 4353 158 4417 t)
176 4355 213 4406 oe
230 4356 300 4407 oeae.
317 4355 348 4407 11.
366 4354 407 4407 ee.

126 4438 159 4503 2>
176 4441 237 4492 rae.
255 4441 296 4493 m.
