2796 5048
595 208 791 297 -sao'

77 412 201 489 juvenes
228 404 313 466 facile
340 404 441 463 sinunt
468 400 674 484 patrimonium
695 422 791 462 ,suum
818 401 980 481 negligere,
1011 402 1045 460 in
1070 402 1229 463 emtionibus
1249 424 1271 462 ae
1335 415 1342 477 1

79 506 245 568 foenoribus
271 522 369 563 eorum
398 501 577 580 acquirentes
604 499 700 577 bona,
720 499 916 581 opulentiores
932 499 1020 559 etiam
1039 513 1124 580 atque
1140 499 1274 561 honormo
1337 519 1342 549 1

79 625 123 665 res
150 603 231 664 liant.
272 601 318 661 Sic
349 598 477 660 reddunt
502 596 717 673 illos-molles,
745 596 905 672 delicatos,
934 596 1085 672 socordes,
1106 598 1280 680 voluptatibus

79 723 111 765 ae
135 701 284 762 doloribus
311 696 539 759 succumbentes.
580 696 627 756 Fit
653 711 769 772 autem,
789 710 821 756 ut
850 716 1007 777 pauperes,
1028 694 1067 755 ad
1091 695 1167 757 hanc
1196 695 1282 774 abjecti

78 792 295 873 conditionem,
315 797 440 857 divitum
465 796 582 857 illorum
611 797 713 858 luxum
733 817 792 857 non
810 795 952 870 ferentes,
973 794 1023 855 vel
1040 795 1098 876 ipsi
1118 795 1166 854 vel
1184 794 1285 854 aliunde
1339 819 1342 831 ¹

81 898 192 961 auxilia
218 896 295 957 nacti
320 894 476 955 seditiones
503 909 647 957 moveant.
688 895 723 955 ln
752 893 857 974 quihus
884 893 909 953 si
929 893 1074 970 vicerint,
1097 895 1194 955 statim
1210 893 1287 954 demo

79 999 170 1058 cratia
197 995 320 1058 exsistit.
360 991 411 1052 Est
435 1007 529 1053 autem
556 994 608 1054 illa
636 993 811 1071 hujusmodi.
852 991 950 1053 Liberi
976 1005 1062 1053 erunt
1080 1013 1199 1067 omnes,
1218 992 1288 1053 liber

83 1096 204 1175 tutisque
223 1094 278 1153 erit
296 1106 324 1152 et
343 1084 505 1174 παῤῥησῖας
534 1093 622 1173 plena
641 1093 764 1153 civitas:
787 1090 888 1152 licebit
912 1089 984 1151 adro
1003 1091 1164 1169 unicuique
1181 1090 1215 1151 id
1230 1089 1291 1170 quod

84 1194 150 1254 vult
168 1212 312 1275 peragere.
354 1193 494 1268 Quocirca
512 1191 685 1273 pulcerrima
706 1190 856 1252 videbitur
870 1190 940 1249 haec
960 1188 1143 1269 reipublicae
1160 1188 1292 1264 conditio,

82 1293 191 1373 quippe
210 1310 282 1370 quae
300 1311 436 1372 perquam
450 1291 530 1351 varia
549 1290 679 1351 continet
695 1288 844 1349 hominum
863 1307 975 1368 genera.
1017 1288 1107 1347 Porro
1125 1285 1230 1348 divina
1246 1287 1293 1347 illit

83 1390 137 1451 erit
158 1390 266 1450 civium
287 1389 365 1465 vita,
385 1411 450 1450 cum
478 1409 570 1469 neque
591 1408 690 1469 cogare
712 1384 923 1468 magistratibus
947 1385 1093 1466 fungi,si
1120 1385 1171 1446 vel
1190 1387 1295 1445 maxime

22 1470 28 1480 ¹
84 1488 191 1569 passis,
222 1507 315 1565 neque
342 1507 460 1568 parere,
490 1488 514 1547 si
541 1486 638 1562 nolis,
659 1506 751 1564 neque
779 1484 891 1544 bellum
920 1504 1015 1564 gerere
1042 1482 1113 1545 aliis
1132 1484 1244 1545 bellum
1260 1505 1296 1565 ge·

85 1584 236 1660 rentibus,
257 1605 349 1665 neque
369 1607 468 1667 pacem
485 1605 566 1666 agere
585 1583 736 1665 agentibus
754 1582 838 1657 aliis,
860 1574 917 1644 nisi
935 1581 967 1642 id
993 1581 1128 1663 placeat:
1152 1583 1297 1657 imovero,

35 1709 40 1717 ·
86 1683 110 1743 si
128 1703 184 1762 qua
203 1695 231 1742 te
251 1683 300 1744 lex
320 1685 564 1766 imperaregvetet
583 1704 615 1742 ac
643 1682 799 1743 sententias
818 1681 909 1757 ferre,
931 1668 1128 1745 nihilominus
1148 1695 1179 1742 et
1197 1682 1298 1764 imperat

85 1795 113 1843 et
134 1782 290 1842 sententias
309 1783 383 1843 feras
407 1783 440 1842 in
456 1782 587 1862 judicio,
608 1780 692 1842 modo
712 1780 766 1842 hoc
786 1779 842 1839 tihi
862 1779 956 1839 visum
977 1780 1076 1842 fuerit.
1122 1781 1206 1856 Quid
1223 1795 1298 1842 auten

83 1879 121 1939 de
139 1879 258 1940 lenitate
273 1901 337 1962 erga
357 1881 507 1942 damnatos
529 1880 647 1941 dicam?
665 1880 808 1949 ,Homines
826 1879 859 1937 in
876 1865 1065 1949 hacoivitate
1087 1879 1226 1941 videmus
1240 1926 1249 1958 ,
1261 1879 1300 1940 vel

88 1992 177 2039 morte
202 1977 249 2038 vel
273 1980 382 2040 exsilio
411 1979 633 2054 condemnatos,
655 1977 847 2038 nihilominus
868 1977 968 2036 urbem
994 1976 1128 2038 incolere
1149 2000 1185 2038 ac
1205 1978 1298 2061 prodire

89 2076 122 2136 in
147 2077 294 2153 medium,
324 2091 352 2137 et
380 2100 480 2160 saepe,
509 2078 590 2158 quasi
621 2098 705 2136 nemo
732 2075 764 2137 id
792 2075 890 2137 videat
919 2088 968 2135 aut
988 2089 1089 2151 curet,
1112 2077 1296 2138 heroisiostar

23 2233 26 2241 ,
89 2195 140 2255 per
162 2176 263 2236 urbem
284 2175 428 2236 incedere.
469 2176 517 2236 Sic
533 2177 622 2257 igitur
638 2175 804 2236 suavissima
825 2174 881 2233 erit
897 2175 967 2235 haec
985 2175 1179 2257 respublica,
1200 2165 1297 2255 loitqtd

89 2296 154 2334 τινα
184 2267 296 2351 ὁμοίως
325 2269 398 2348 ibose
427 2296 471 2351 τε,
488 2272 537 2334 καὶ
567 2269 675 2348 ἀνίσοις
697 2267 889 2352 διανέμουσα·
921 2279 1143 2355 aequalitatem
1172 2280 1312 2358 quondan·

85 2374 241 2434 ‘similiter
259 2378 433 2454 aequalibus
451 2379 716 2457 inaequaliduaque
735 2378 927 2437 distribuam.
938 2401 952 2433 o
977 2375 1005 2457 l)

134 2471 179 2534 Sit
205 2494 272 2533 sane
298 2475 358 2550 ita,
387 2476 483 2557 prouti
511 2476 656 2537 diximus:
678 2478 825 2535 dominam
843 2475 875 2535 in
893 2475 1150 2553 disquisitionibus
1167 2477 1247 2539 hisce
1263 2496 1303 2536 ma·

93 2573 156 2653 gis,
176 2592 261 2651 quam
290 2580 444 2633 civitatem
474 2595 574 2653 resque
603 2574 705 2636 civiles
732 2573 928 2655 exploraverit
952 2572 1166 2655 philosophus,
1190 2588 1302 2638 terente

95 2692 161 2731 men
169 2716 180 2746 ‚
199 2671 278 2751 quod
296 2671 371 2733 hanc
388 2673 492 2733 attinet
507 2673 681 2754 oligarchiae
700 2673 732 2733 in
749 2672 949 2737 democratiam
959 2673 1182 2733 conversionem
1193 2718 1202 2748 ,
1213 2672 1304 2734 etiami

94 2769 148 2828 hoo
179 2791 268 2829 uuum
298 2771 446 2835 habuisset
471 2767 644 2847 consilium,
666 2785 698 2831 ut
714 2792 776 2832 eam
796 2770 992 2832 avarissimae
1011 2769 1152 2850 politicae
1168 2771 1305 2853 principib

96 2865 298 2944 adumbraret,
328 2891 388 2930 rem
416 2891 483 2930 sane
511 2869 646 2951 perficere
675 2870 836 2929 accuratius
862 2891 922 2930 non
949 2869 1098 2950 potuisset.
1153 2871 1304 2932 caventur

95 2977 206 3040 autem,
228 2987 265 3025 ne
284 2967 486 3048 reprehensam
503 2970 731 3049 exagitatamque
755 2989 772 3027 a
801 2969 925 3041 Platone,
948 2967 1154 3051 democratiam
1174 2984 1305 3050 putemus,

96 3061 190 3142 qualis
218 3084 234 3121 a
264 3063 367 3124 Solone
394 3066 488 3126 fuerat
514 3067 636 3127 Athenis
662 3067 818 3126 constituta
844 3088 877 3127 ac
904 3066 1041 3147 deinceps
1059 3066 1098 3125 ah
1119 3068 1239 3149 optimis
1255 3067 1305 3148 qui-

99 3160 209 3240 busque
235 3160 394 3222 oratorihus
428 3167 554 3241 Atticis,
581 3165 617 3223 ab
644 3165 705 3245 ipso
733 3164 941 3240 Demosthene,
972 3164 1089 3224 laudata
1117 3180 1162 3226 est
1188 3189 1223 3227 ac
1250 3185 1305 3227 cour

98 3259 241 3318 mandata.
282 3260 345 3341 lpse
372 3281 433 3320 eam
460 3263 492 3321 in
513 3261 671 3322 Meaaaeaa
689 3263 857 3325 celebravit.
880 3261 912 3349 2)
951 3264 993 3322 De
1010 3265 1253 3326 conversionibus
1266 3265 1307 3325 tu

99 3358 162 3418 loeo
189 3358 339 3418 civitatum
368 3380 384 3418 a
409 3359 526 3419 meliore
554 3361 591 3421 ad
620 3363 744 3442 pejorem
772 3361 967 3423 conditionem
996 3362 1071 3440 agit:
1092 3365 1215 3445 respicit
1237 3366 1308 3446 igitur

99 3458 209 3516 Atticae
238 3457 355 3536 quidem
381 3457 559 3540 reipublicae
579 3459 801 3535 democratiam,
823 3480 922 3521 verum
941 3459 975 3518 ed
992 3461 1117 3520 maxime
1136 3461 1309 3534 conditione,

99 3576 155 3635 qua
175 3557 224 3614 sul
252 3570 312 3616 erat
339 3571 439 3617 aetate.
480 3558 564 3633 Quod
591 3558 642 3618 ubi
667 3559 890 3634 attenderimus,
912 3558 1052 3639 quadrare
1073 3560 1161 3620 nohis
1182 3562 1252 3622 haec
1269 3561 1309 3622 de

100 3654 243 3728 mocratici
271 3655 384 3734 imperii
414 3655 570 3738 descriptio
599 3658 631 3716 in
658 3657 788 3717 civitates
817 3678 915 3717 omnes
940 3671 968 3716 et
994 3678 1080 3737 regna
1103 3657 1270 3736 videbitur,
1287 3662 1310 3718 iu

7 3767 20 3816 ,·
100 3750 222 3830 quibus,
243 3753 338 3831 spreti
366 3755 544 3815 auctoritate.
560 3756 654 3836 legum
680 3776 712 3814 ac
739 3776 850 3814 sursum
880 3755 1068 3835 deorsumque
1094 3763 1219 3819 versatis
1238 3759 1310 3819 omni·

101 3851 174 3926 bus,
205 3870 291 3934 unam
321 3853 418 3910 cuncti
447 3853 549 3914 insano
579 3835 676 3919 stddio
706 3868 735 3914 et
763 3853 863 3914 ardore
882 3854 1044 3920 libertatem
1063 3872 1196 3938 crepant.
1238 3863 1311 3919 Accu·

101 3949 237 4009 ratissima
268 3962 361 4006 autem
389 3949 493 4010 traditi
519 3952 657 4012 et‘v'eluti
678 3954 710 4011 in
730 3953 829 4012 tabula
850 3955 983 4034 expressi
1001 3955 1113 4015 Atticae
1136 3957 1312 4019 democratiae

103 4047 287 4122 conditione,
318 4069 402 4127 quam
429 4051 584 4108 admodum
613 4050 668 4110 sihi
697 4062 797 4110 notam
824 4051 934 4112 Glauco
962 4050 1054 4129 dicit,
1086 4054 1243 4117 advirum
1264 4059 1314 4135 jan

103 4237 360 4252 ’.ψ-η

14 4314 16 4324 =
42 4401 44 4406 .
135 4357 161 4420 1)
179 4360 216 4410 De
233 4361 293 4428 liep.
311 4360 372 4413 Vlll.
391 4359 449 4414 555.
468 4361 497 4414 B.
516 4389 549 4400 —
567 4360 624 4414 558.
646 4359 673 4414 G.
1282 4307 1311 4384 ὁ

138 4443 162 4507 2)
181 4446 275 4497 Manca.
295 4445 354 4498 238.
811 4467 817 4475 ‘
