2796 5048
695 197 756 257 360

107 373 303 436 moneantur,
330 370 383 440 qui
410 369 541 437 imperia
569 370 599 417 at
626 369 689 436 ipse
717 358 921 438 significando
948 364 1069 433 aceepit
1087 356 1128 414 ab
1148 377 1210 431 ao,
1226 378 1325 434 patret
1380 390 1392 426 1

107 484 220 540 qaam
250 481 403 519 somma
430 469 493 517 111
522 466 711 536 imperii.
766 447 857 516 Οὕτω
887 447 950 536 χρή
989 451 1041 514 καὶ
1073 451 1148 536 περὶ
1184 448 1327 534 odium
1380 486 1392 523 1

107 561 239 642 φρονεῖν·
262 551 322 619 11πό
345 551 401 638 γάρ
424 555 495 634 μιᾶς
515 553 612 639 ῥοπῆς
634 551 841 638 irenopoleos
865 551 1017 634 ἁπάντων,
1048 553 1167 637 γίνεται
1187 551 1226 618 ui
1249 558 1328 621 11111111·
1382 586 1392 621 1

106 663 202 721 eodem
224 683 274 719 nor
294 662 374 719 modo
393 681 512 718 censere
531 661 566 717 da
586 668 725 719 universo
744 662 845 719 decet:
872 682 965 738 quum
983 667 1067 719 anim
1087 661 1128 717 ab
1149 682 1215 719 uno
1241 669 1269 719 oi
1290 669 1331 721 in·
1383 684 1392 720 r

101 762 238 838 palmea
257 767 401 817 eiectatur
420 765 520 817 omorio
532 803 541 832 ,
552 759 600 836 fit
615 766 722 837 utiquo
737 760 815 837 quod
834 752 943 838 cuique
959 759 1152 817 ammodum
1172 769 1219 817 est
1237 770 1266 819 st
1280 782 1334 821 ooa-
1384 782 1392 817 1

105 867 256 919 veniens.»
284 855 313 937 l)
974 896 977 903 -
1386 873 1392 914 t

147 957 289 1016 Sublimis
311 955 381 1015 haec
399 976 458 1014 esse
478 969 507 1014 et
527 954 680 1035 magnifica
703 955 739 1014 de
759 957 812 1015 Dei
832 970 934 1016 natura
952 956 1054 1031 effata,
1087 955 1163 1034 quis
1182 944 1337 1038 negaverit?
1388 954 1392 1012 l

106 1056 165 1115 Nec
185 1076 253 1115 vero
272 1055 336 1128 erit,
354 1053 403 1132 qui
424 1053 547 1133 indigna
566 1054 664 1112 eadem
686 1075 745 1112 esse
766 1054 930 1113 Platonicae
947 1052 1160 1135 philosophiae
1177 1053 1340 1115 sublimitate

105 1167 196 1234 putet.
238 1153 305 1211 Sint
325 1151 396 1210 adeo
415 1151 532 1210 sortasse
543 1197 552 1226 ,
573 1152 623 1228 qni
643 1151 721 1209 hisce
744 1151 885 1210 illustrari
907 1151 960 1211 illa
987 1138 1201 1227 existiment,
1218 1173 1291 1232 quae
1313 1152 1341 1213 111

106 1254 173 1311 boni
199 1254 267 1310 ideo
296 1250 377 1310 Plato
405 1247 551 1310 disseruit.
593 1251 665 1309 Nam
693 1250 770 1309 hanc
800 1250 852 1309 ille
882 1250 977 1309 ideam
1006 1263 1033 1309 et
1053 1270 1160 1309 rerum
1178 1272 1344 1333 quarumqm

106 1352 280 1431 optimarum
306 1370 434 1408 caussam
464 1368 523 1407 esse
551 1347 649 1423 dixit,
680 1363 708 1408 et
738 1349 792 1408 soli
814 1348 886 1408 adeo
906 1348 1096 1428 comparavit.
1144 1349 1263 1410 Verum
1288 1349 1347 1409 alias

106 1449 256 1507 Platonem
286 1446 487 1520 intellexisse,
519 1468 606 1524 quam
634 1461 718 1507 antea
748 1450 965 1527 Anaxagoram,
1005 1461 1106 1527 postea
1151 1448 1347 1521 Aristotelen,

107 1567 239 1621 caussas,
257 1547 318 1623 jam
336 1544 597 1606 demonstravimus
616 1546 763 1626 superiore
783 1545 1000 1625 disputatione,
1030 1557 1061 1604 et
1080 1567 1159 1606 vero
1179 1547 1284 1605 ideam
1310 1567 1348 1606 ro
1390 1614 1392 1619 ¹

18 1680 21 1691 ι
107 1664 171 1703 care
191 1643 308 1722 proprie
327 1643 366 1701 sic
389 1641 496 1701 dictam
516 1664 645 1702 caussam
663 1642 823 1702 absurdum
843 1657 893 1702 est.
935 1643 1024 1701 Nemo
1044 1642 1139 1703 tacite
1174 1645 1349 1725 gravissimae

106 1741 175 1800 huic
201 1740 401 1818 disquisitioni
419 1740 551 1800 criticam
573 1740 760 1816 adhibuerit,
782 1741 875 1820 quin,
896 1755 1092 1801 consentanea
1113 1763 1182 1803 esse
1203 1744 1289 1805 effata
1307 1743 1350 1803 1111

107 1839 144 1899 (11
163 1840 224 1898 Deo
242 1839 455 1919 metaphysicae
474 1839 674 1899 Aristotelicae
683 1885 692 1914 ,
715 1861 730 1897 a
751 1840 880 1899 Platonis
899 1859 968 1900 vero
985 1838 1022 1899 de
1042 1840 1113 1897 ideo
1133 1844 1210 1901 boni
1227 1824 1350 1902 doctrici

110 1937 266 1996 abhorrere
284 1937 402 1997 viderit.
444 1939 644 2018 Anaxagoram
665 1938 696 1997 in
717 1938 779 1997 illis
799 1938 907 2018 magis,
928 1958 1013 2016 quam
1033 1936 1193 2001 Socratem
1221 1955 1274 2001 aut
1299 1940 1350 2000 Pla·
1390 2010 1392 2029 Ι

110 2050 207 2095 touem
225 2037 424 2115 agnoscimus:
448 2051 475 2094 et
496 2037 544 2098 vel
563 2037 651 2095 fallor
675 2037 828 2116 equidem,
859 2036 926 2110 vel,
947 2037 1052 2094 sinon
1082 2036 1251 2100 sublimior
1278 2041 1351 2099 etiam

110 2133 171 2192 illis
199 2134 475 2214 placitis-Platonis
505 2136 638 2195 doctrina
668 2149 729 2209 cst,
761 2135 873 2203 homini
900 2135 972 2194 haec
990 2148 1088 2210 certe,
1110 2149 1148 2196 ut
1168 2116 1392 2201 11111111111111·Ι

112 2232 249 2303 escendat
268 2232 492 2312 perfectionem,
514 2232 608 2313 aptior
626 2233 718 2293 multo
739 2249 781 2294 est
799 2248 883 2313 atque
902 2231 1055 2292 efficacior.

176 2426 259 2485 Non
281 2425 395 2486 Daue
416 2439 478 2487 est
509 2430 617 2506 opud
646 2429 867 2488 Platonem
893 2431 989 2488 ideo
1016 2431 1137 2504 horti,
1162 2434 1304 2507 sadud

293 2527 397 2585 111111
429 2529 561 2586 ideam
593 2525 707 2588 Deus
737 2529 930 2588 noandum
953 2530 1192 2604 formavit.

154 2726 197 2782 De
217 2724 321 2785 divina
340 2736 444 2784 natura
464 2723 596 2784 nondum
616 2724 701 2784 nobis
721 2724 932 2803 inquirendum
951 2737 1002 2784 est.
1043 2723 1108 2783 Nisi
1124 2722 1168 2784 de
1180 2733 1276 2803 justo
1282 2746 1351 2807 prae·

115 2824 255 2902 cipueque
274 2822 310 2882 de
332 2834 435 2882 taneto
455 2823 628 2903 diligentius
646 2823 804 2902 egerimus,
834 2836 1034 2902 argumentum
1049 2820 1125 2896 hoc,
1159 2826 1296 2884 omnium
1312 2844 1351 2882 ar-

113 2933 314 2998 gumentorum
333 2943 475 2980 summum
493 2935 522 2980 et
540 2922 758 3001 gravissimum,
781 2942 842 2980 non
862 2920 964 2980 licebit
982 2933 1115 2981 tractare.
1163 2922 1228 2985 Sed
1256 2922 1351 2986 11111111

114 3038 167 3075 nos
185 3018 257 3077 illuc
277 3019 406 3078 Platonis
424 3020 495 3078 haec
515 3019 552 3079 de
570 3020 642 3078 boni
662 3017 727 3079 idea
749 3019 901 3094 doctrina,
923 3019 1031 3098 quippe
1050 3040 1125 3095 quae
1135 3066 1146 3095 ,
1173 3035 1210 3080 ut
1225 3023 1350 3103 exipsius

121 3114 239 3172 Timaeo
257 3130 353 3196 patet,
374 3139 459 3196 quarn
479 3118 611 3198 proxime
640 3132 681 3176 est
701 3139 767 3176 cum
795 3117 882 3176 rebus
909 3116 1023 3177 divinis
1049 3119 1229 3196 conjuncta.
1270 3121 1349 3180 Dein

117 3212 195 3270 enim
225 3212 286 3271 illic
313 3212 351 3272 ad
379 3214 456 3273 hanc
484 3217 575 3295 ipsam
593 3215 689 3273 ideam
711 3215 854 3274 mundum
874 3216 1045 3274 formantem
1062 3218 1236 3297 proposuit.
1276 3214 1348 3293 Quod

116 3311 280 3389 eujusmodi
300 3312 356 3385 sit,
376 3312 514 3392 princeps
532 3312 617 3371 nobis
637 3313 753 3393 dialogi·
766 3334 907 3394 persona,
928 3313 1081 3388 Timaeus,
1103 3313 1328 3377 demonstrabit.

157 3409 286 3469 Primum
313 3409 386 3486 ille,
417 3406 454 3467 de
481 3422 561 3468 tanta
589 3409 701 3468 scilicet
729 3432 759 3469 re
789 3409 921 3469 dicturus
932 3455 941 3485 ,
963 3411 1088 3469 Deorum
1108 3432 1199 3492 opem
1218 3413 1349 3496 implorat.

116 3509 189 3568 Nam
206 3508 306 3584 Plato,
326 3530 383 3589 qua
400 3508 586 3588 simplicitate
606 3520 635 3568 ct
655 3508 833 3570 verecundia
852 3509 885 3567 in
913 3508 1019 3568 Politia
1041 3508 1077 3568 de
1108 3509 1186 3571 boni
1219 3512 1285 3574 idea
1310 3510 1348 3570 So

163 3684 370 3693 ..ψη-1..

148 3784 173 3847 l)
194 3785 272 3836 Arist.
291 3787 506 3839 demandasti.
526 3805 553 3855 [1.
574 3788 614 3838 15.
625 3788 665 3838 De
682 3788 763 3838 libelli
779 3789 935 3839 auctorit-ate
953 3788 1042 3839 variae
1063 3790 1134 3840 omni
1159 3806 1236 3844 aevo
1260 3792 1349 3844 luerunt

119 3872 278 3925 cruditorum
295 3873 457 3935 sententiae,
477 3890 541 3941 quas
556 3876 688 3925 recensuit
708 3874 810 3925 Fabric.
828 3875 893 3925 Bibl.
915 3875 959 3926 Gr.
979 3873 1021 3925 111.
1040 3873 1065 3925 6.
1087 3891 1114 3942 p.
1140 3874 1207 3928 127.
1243 3878 1290 3930 1111
1301 3892 1348 3945 qut

118 3959 176 4008 dem
198 3973 348 4026 germanum
366 3956 514 4010 Aristotelis
533 3961 657 4026 seriptum
671 3975 731 4012 csso
750 3960 902 4023 contendit;
919 3969 1047 4029 negarunt
1064 3975 1131 4011 vero
1148 3964 1289 4030 principes
1306 3961 1349 4013 cri-

117 4045 176 4107 tici,
195 4042 324 4106 llluretus,
345 4042 476 4110 Scaliger,
503 4045 690 4108 Casaubonus,
722 4045 878 4109 Salmasius,
906 4047 1032 4110 Vossius,
1058 4046 1111 4096 alii.
1148 4046 1225 4100 Sane
1247 4058 1274 4101 et
1295 4048 1347 4099 ratio

117 4130 197 4181 libelli
214 4139 240 4180 et
256 4130 339 4181 oratio
353 4131 479 4179 seriorem
493 4139 604 4182 aetatem
619 4131 708 4182 refert.
744 4131 845 4182 Miscuit
860 4131 916 4182 iere
932 4140 1024 4182 auctor
1039 4147 1096 4182 curu
1112 4130 1271 4185 Aristotelis
1283 4139 1348 4184 meta

117 4215 225 4280 physica
249 4213 365 4265 Platonis
387 4214 491 4281 placita.
526 4217 573 4267 Est
589 4225 675 4268 autem
696 4218 947 4284 praestantissimum
970 4218 1130 4285 antiquitatis
1154 4227 1346 4273 monumentum·

118 4298 221 4365 Lipsius
245 4318 350 4352 aureum
368 4300 476 4352 libellam
496 4310 590 4366 vocat,
614 4304 644 4354 de
669 4304 808 4354 constantio
829 4301 847 4353 l.
867 4301 907 4354 18.
929 4303 989 4354 vid.
1009 4303 1122 4356 bleincrs
1137 4305 1168 4357 da
1182 4323 1248 4357 nero
1259 4306 1309 4358 tta
1326 4319 1345 4369 11

115 4383 174 4434 tat.
1093 4403 1097 4410 '

1168 4564 1199 4613 β
