2796 5048
672 228 733 289 teo

80 395 168 456 cratis
192 392 373 454 sermonibus
399 392 532 474 perfecit.
572 392 670 474 lpsum
700 393 786 454 nobis
814 392 959 456 Socratem
989 395 1020 454 in
1051 393 1105 455 hoc
1133 393 1254 455 dramate
1269 395 1300 456 sie

80 494 248 574 proposuit,
269 505 301 551 ut
327 511 446 551 cernere
463 491 496 551 iu
520 512 554 552 eo
569 493 680 568 justum
708 491 811 568 illum,
833 492 1017 572 eundemque
1038 493 1214 574 sapientem,
1232 515 1303 573 quen

81 590 115 650 iu
131 591 251 649 Politia
277 591 502 662 informaverat,
526 588 688 652 videamur.
730 589 880 671 Expressit
907 589 957 651 hle
985 591 1133 671 imagine,
1152 589 1229 670 quod
1253 591 1305 651 illie

80 687 168 748 nobis
196 686 388 767 disquirendo
418 684 702 767 demonstrandoque
732 686 904 768 persuadere
936 701 1059 749 conatus
1087 689 1193 749 luerat.
1239 688 1307 762 Quid

80 783 178 846 dicam
206 785 244 846 de
272 784 397 844 Socratis
418 785 451 843 in
478 783 581 845 iisdem
611 784 792 845 sermonibus
821 787 965 862 oratione,
996 785 1050 845 ubi
1069 784 1109 847 de
1138 786 1229 846 animi
1253 805 1309 866 prae

82 902 202 964 corpore
224 882 418 963 praestantia,
443 879 482 939 de
510 879 614 942 divina
642 883 705 960 ejus
726 896 829 942 natura
847 905 880 943 ac
900 885 952 959 ri,
974 883 1011 944 de
1030 880 1146 943 officiis·
1157 882 1310 964 philosophi

79 978 152 1040 hinc
173 978 288 1056 ductis,
307 1001 341 1039 ac
369 977 406 1040 de
433 979 525 1061 ipsius
551 978 755 1061 philosophiae
784 978 881 1041 officio
909 1002 943 1040 ac
962 979 1082 1041 sublimi
1106 979 1167 1040 line
1184 979 1311 1041 dissent?

81 1077 191 1139 Divina
216 1076 287 1138 haee
317 1079 409 1138 oratio
438 1090 498 1151 est,
528 1090 556 1137 et
585 1091 737 1158 postquam
763 1077 853 1138 linem
870 1078 923 1138 ille
942 1077 1064 1139 dicendi
1082 1078 1212 1154 lecerat,
1231 1091 1313 1139 ortum

80 1173 190 1236 dicitur
219 1196 271 1257 per
300 1174 418 1256 longum
447 1188 560 1256 tempus
588 1176 621 1235 iu
647 1197 762 1236 carcere
794 1176 965 1253 silentium,
996 1188 1028 1235 ut
1061 1176 1113 1256 qui
1143 1174 1313 1237 audivissent

79 1275 214 1333 commoti
231 1274 349 1355 penitus
369 1294 401 1334 ac
419 1274 509 1333 ferme
530 1272 657 1354 perculsi
679 1288 783 1335 essent.
809 1272 839 1354 l)
890 1277 949 1336 Nos
967 1294 1057 1349 sane,
1077 1274 1126 1334 his
1145 1273 1230 1333 lectis
1240 1319 1249 1349 ,
1264 1295 1313 1335 non

79 1390 230 1452 possumus
249 1392 309 1431 non
326 1371 431 1446 lateri,
452 1371 486 1430 in
503 1371 558 1432 hoc
580 1370 697 1431 demum
724 1371 840 1455 dialogo
860 1373 1029 1447 Platonem,
1051 1370 1189 1433 nondum
1209 1373 1312 1432 veroin

78 1468 216 1544 Politia,
234 1468 450 1550 philosophiam
469 1470 540 1547 justi
569 1471 686 1548 ejusque
714 1470 873 1531 ubertatem
899 1491 932 1530 ac
961 1470 1177 1529 sublimitatem
1204 1490 1312 1551 expres·

79 1569 149 1629 sisse
178 1565 276 1647 plane.
319 1564 377 1625 Sed
406 1567 471 1644 quis
495 1579 642 1646 praeterea
668 1568 700 1626 in
731 1569 848 1650 scriptis
876 1567 1005 1628 Platonis
1028 1565 1165 1647 dialogus
1190 1580 1251 1643 est,
1269 1588 1315 1647 quo

79 1679 139 1727 tam
156 1677 240 1746 apte,
260 1684 346 1743 quam
372 1665 404 1723 in
434 1663 524 1724 hoece
544 1666 631 1740 lecit,
654 1665 834 1747 Pythagorae
856 1667 963 1748 placita
981 1686 1047 1725 cum
1065 1664 1215 1724 Socratica
1233 1665 1315 1746 philo·

77 1764 180 1847 sophia
207 1763 418 1841 conjunxerit?
461 1763 541 1822 Hinc
576 1779 674 1824 autem
695 1764 728 1824 in
754 1765 857 1846 primis
875 1764 1026 1825 doctrinae
1048 1763 1221 1823 Platonicae
1239 1762 1314 1822 subli·

79 1865 164 1923 mitas
188 1859 324 1920 ducenda
351 1860 479 1921 videtur.
536 1861 572 1920 In
594 1857 734 1921 Phaedro
762 1876 878 1923 exstant
907 1859 1095 1942 Pythagorica
1135 1860 1247 1938 multa,
1276 1860 1316 1920 sed

78 1960 192 2043 poetica
226 1972 296 2018 sunt
323 1958 376 2018 illa
405 1958 485 2032 lere,
516 1978 589 2035 quae
616 1960 765 2040 primum,
796 1973 828 2019 ut
853 1981 907 2041 par
933 1972 994 2033 est,
1020 1972 1049 2018 et
1077 1957 1213 2036 juvenili
1240 1973 1315 2017 aetate

78 2055 238 2119 admiratus
257 2056 339 2117 Plato
367 2071 426 2118 est:
448 2071 509 2116 tum
536 2057 650 2138 copiose
675 2057 739 2117 illic
767 2057 806 2117 de
834 2058 958 2139 pristina
982 2057 1148 2116 animorum
1170 2056 1235 2117 vita
1253 2058 1314 2137 agit,

78 2158 206 2218 suturam
236 2158 299 2235 ejus
324 2155 525 2216 conditionem
550 2157 603 2217 vix
630 2156 757 2236 attingit.
812 2156 848 2214 ln
872 2154 986 2237 Gorgia
1005 2151 1123 2212 demum
1145 2167 1174 2213 et
1192 2151 1314 2225 Politia,

78 2254 158 2334 quod
182 2254 332 2315 maturiori
357 2254 445 2313 aetati
469 2255 683 2330 conveniebat,
705 2254 832 2313 futuram
853 2253 930 2313 hane
946 2253 1036 2312 animi
1057 2251 1264 2313 conditionem
1280 2251 1314 2311 di·

79 2351 204 2433 ligenter
227 2350 401 2431 descripsit:
432 2351 465 2410 in
494 2348 653 2411 Phaedone
677 2372 745 2412 vero
763 2350 820 2411 hue
839 2365 929 2411 totam
946 2351 1116 2433 principum
1135 2349 1316 2431 Pythagoreo·

79 2471 144 2509 rum
161 2446 326 2509 doctrinam
347 2446 497 2510 adhibuit.
529 2447 615 2524 Quod
635 2469 672 2508 ex
690 2450 752 2530 ipsa
772 2448 883 2529 dialogi
899 2449 1012 2508 ratione
1032 2445 1227 2528 intelligitur.
1256 2449 1316 2508 Nan

79 2548 131 2627 qui
160 2546 283 2607 maxime
311 2566 378 2605 cum
402 2545 518 2607 Socrate
549 2567 695 2607 sermones
719 2547 860 2620 miscent,
883 2545 974 2605 Cebes
993 2559 1021 2605 et
1041 2543 1199 2622 Simmias,
1222 2545 1313 2627 Pytha·

78 2645 158 2726 gorei
177 2658 264 2705 suut:
286 2658 382 2721 certe,
405 2659 437 2705 ut
453 2645 510 2727 ipsi
531 2645 678 2720 latentur,
700 2643 865 2704 Philolaum
878 2642 1089 2724 Pythagoreum
1106 2642 1222 2705 Thebis
1240 2630 1315 2704 audi-

80 2756 201 2821 verant,
218 2740 258 2823 2)
276 2763 420 2803 sermones
439 2757 535 2804 autem
554 2743 610 2825 ipsi
634 2765 650 2802 a
672 2743 781 2825 placito
799 2741 1005 2824 Pythagoricae
1030 2739 1147 2801 scholae
1168 2743 1315 2823 primario,

79 2840 160 2922 quod
188 2855 230 2901 est
258 2839 296 2900 de
320 2841 581 2924 metempsychosi,
603 2841 772 2918 ducuntur,
801 2854 863 2900 tum
887 2841 1026 2922 princeps
1052 2840 1086 2925 in
1113 2840 1153 2899 iis
1182 2839 1315 2922 longeque

78 2939 309 3020 elegantissimus
337 2939 417 2998 locus
443 2939 495 2999 ille
517 2954 577 3016 est,
600 2939 651 2999 ubi
676 2937 713 2999 de
733 2939 884 2999 harmonia
902 2938 1016 3019 agitur,
1036 2936 1085 2995 cui
1110 2938 1244 2998 animum
1262 2939 1318 2998 assi·

79 3037 223 3097 milabant
249 3037 430 3119 Pythagorei.
450 3035 480 3118 3)
521 3037 569 3099 Fit
596 3039 656 3113 ita,
679 3051 712 3098 ut
737 3037 945 3097 sublimitatem
975 3034 1089 3095 scholae
1119 3035 1318 3119 Pythagoricae

77 3156 145 3194 curn
163 3134 311 3195 Socratica
333 3132 497 3196 disserendi
521 3135 674 3218 diligentia
694 3136 734 3194 sic
755 3137 940 3213 conjunctam
950 3178 959 3208 ,
982 3146 1014 3192 ut
1034 3135 1067 3193 in
1086 3129 1251 3195 Phaedone
1267 3149 1318 3210 est,

79 3233 113 3293 in
140 3233 206 3293 aliis
234 3232 365 3293 Platonis
400 3230 524 3314 dialogis
551 3233 632 3293 haud
661 3235 845 3315 reperiamus.
897 3234 933 3292 ln
962 3231 1016 3292 hoc
1044 3231 1182 3313 equidem
1211 3234 1317 3315 dialogo

79 3332 173 3412 ipsam
193 3330 267 3391 mihi
295 3328 398 3413 videor
428 3330 539 3411 ingenii
569 3330 712 3392 Platonici
741 3332 935 3391 maturitatem
965 3351 1136 3411 agnoscere:
1164 3354 1241 3412 quae
1267 3355 1317 3394 non

78 3429 173 3489 solum
199 3431 232 3489 in
258 3428 507 3511 philosophandi,
530 3428 582 3489 sed
610 3430 697 3490 etiam
719 3428 869 3490 scribendi
897 3429 1027 3504 ratione,
1048 3450 1135 3508 quam
1157 3432 1316 3512 usurpavit,

79 3529 219 3589 cernitur.
261 3528 297 3587 ln
327 3527 442 3586 Politia
472 3526 626 3587 scribenda
646 3527 729 3589 Plato
746 3547 843 3586 rerum
861 3527 1023 3607 gravitate,
1044 3547 1114 3607 quas
1139 3528 1317 3608 inquirebat,

80 3639 237 3705 occupatus
262 3626 456 3709 abreptusque
476 3625 612 3702 videtur,
634 3648 690 3706 quo
719 3626 816 3686 minus
845 3624 983 3701 dramatis
1002 3625 1152 3707 rationein,
1162 3639 1317 3687 constanter

79 3736 254 3803 sequeretur.
305 3725 487 3785 Praeclarum
516 3726 693 3807 prooemium
721 3738 782 3801 est,
814 3738 861 3799 et,
889 3723 1029 3804 quamdiu
1062 3724 1246 3784 sermonibus
1280 3724 1315 3780 in·

80 3835 167 3883 terest
193 3822 445 3903 Thrasymachus,
467 3824 558 3884 forma
586 3823 694 3904 dialogi
723 3844 841 3903 prorsus
866 3837 909 3883 est
923 3822 1108 3900 -dramatiea3
1132 3823 1166 3882 in
1185 3821 1315 3904 proximis

81 3909 150 3979 uero
178 3940 267 3998 usque
295 3920 334 3981 ad
360 3922 471 3981 exitum
491 3923 585 4003 operis
611 3921 712 3983 drama
732 3942 792 3982 esse
808 3919 917 3982 desinit
933 3920 1083 4002 dialogus,
1105 3943 1167 3982 non
1187 3934 1248 3996 est,
1265 3917 1312 3978 nisi

116 4247 256 4310 atroam.
275 4250 317 4303 84.
336 4251 366 4303 B.

116 4331 143 4397 2)
161 4336 224 4388 ma
242 4335 285 4389 61.
303 4335 335 4388 D.

116 4417 143 4482 3)
162 4421 223 4473 Eud.
241 4420 283 4472 85.
303 4421 333 4472 E.
