2774 5048
637 269 694 329 231

78 444 122 493 tm
142 432 171 491 in
201 430 263 491 istis
289 430 451 509 aequalium
475 431 522 491 vel
550 430 705 511 duplorum
737 431 782 490 vel
811 430 887 488 alius
915 430 1064 508 cujusdam
1081 432 1271 512 proportionis

76 543 248 615 reperturus.»
276 526 305 607 1)
346 528 383 586 Et
397 529 544 609 profecto,
562 527 715 588 delineatis
734 528 846 608 liguris,
865 542 1004 607 geometra
1024 550 1084 587 non
1100 528 1152 588 has
1169 530 1272 608 cogitat

75 640 120 689 arte
142 627 300 701 confectas,
330 625 381 684 sed
407 647 506 701 veras,
536 627 586 685 sed
616 627 710 706 ipsas,
738 648 808 706 quas
826 639 920 685 mente
939 639 1027 685 tenet.
1070 626 1154 700 Quod
1175 646 1271 687 omnes

74 724 241 810 intelligunt,
260 725 310 803 qui
329 723 378 785 vel
398 724 503 783 leviter
522 738 589 783 sunt
599 770 607 798 ,
629 738 661 783 ut
680 746 724 783 mc
742 746 800 783 esse
814 723 966 796 confiteor,
987 723 1153 804 geometriae
1169 726 1269 804 periti:

73 844 106 883 stc
120 822 248 883 docendo
267 821 356 882 iidem
377 820 408 881 id
426 824 616 903 experiuntur
635 824 767 882 maxime.
795 819 958 880 Attendunt
975 820 1114 902 discipuli
1132 822 1270 883 continuo

73 921 246 1002 triangulum,
285 921 443 996 circulum,
469 942 587 997 ,conum
613 922 645 980 in
673 920 772 980 tabula
807 919 943 993 ductum;
985 917 1018 977 id
1037 932 1142 989 ¹autern
1170 920 1270 979 lerunt

73 1019 203 1100 aegerrime
231 1018 378 1078 doctores:
406 1018 510 1097 jubent
528 1018 595 1077 illos
612 1019 682 1078 haec
701 1019 813 1078 mittere
837 1031 896 1075 arte
914 1016 1076 1095 confecta,
1091 1018 1185 1098 ipsum
1202 1037 1269 1076 vcro

70 1116 173 1197 bogitare
198 1116 393 1196 triangulum,
421 1118 514 1198 ipsum
531 1116 690 1191 circulum,
710 1119 803 1197 ipsum
822 1135 935 1174 conum.
976 1113 1052 1173 Mihi
1062 1159 1072 1190 ,
1092 1114 1268 1173 institutioni

73 1204 151 1317 ψ
171 1229 313 1274 resumet
333 1200 552 1295 probationibus
569 1216 731 1294 praesenti,
752 1216 812 1273 sere
832 1215 864 1272 in
881 1226 1005 1271 mentem
1023 1211 1104 1273 verrit
1123 1211 1268 1284 Platonis,
1296 1215 1321 1244 ⁵

72 1312 117 1393 pari
142 1332 258 1392 prorsus
275 1314 385 1372 ratione
404 1311 534 1371 homines
561 1332 577 1371 a
605 1312 732 1391 pulcris,
761 1333 832 1389 quac
862 1310 953 1369 oculis
976 1311 1212 1390 conspiciuntur,
1232 1308 1269 1367 ad

72 1408 144 1491 ipsum
170 1410 322 1491 pulcrum,
353 1410 512 1491 anegotiis
530 1401 649 1488 ὁρατοῖς
675 1408 713 1469 ad
740 1410 852 1490 negotia
871 1401 961 1488 νοητὰ
982 1408 1153 1468 revocantis.
1192 1405 1266 1466 Sunt
1291 1408 1295 1425 ¹

71 1506 136 1587 plane
153 1508 224 1568 haec
241 1509 364 1567 similia:
386 1522 414 1568 et
433 1508 502 1567 hinc
524 1510 608 1569 nobis
626 1512 754 1569 omnium
774 1524 852 1590 patet
870 1507 1101 1579 evidentissime,
1122 1525 1267 1585 quareper

70 1607 229 1684 geometriam
249 1606 337 1666 Plato
364 1606 508 1665 hominem
537 1629 596 1667 esse
624 1608 807 1668 evehendum
826 1609 856 1666 in
876 1606 1017 1666 mundum
1036 1597 1143 1685 repetis
1161 1603 1265 1662 eristi-

72 1705 183 1765 uaverit.
404 1768 406 1773 y

98 1784 148 1861 de
174 1800 391 1883 procedendum
423 1803 506 1862 nobis
534 1817 591 1863 est:
615 1807 646 1864 in
674 1806 764 1885 ipsam
787 1802 987 1861 astronomiam
1004 1800 1168 1882 applicabat
1186 1798 1265 1859 Plato

69 1894 126 1959 lanc
147 1901 315 1982 geometriae
337 1899 500 1960 tradendae
528 1904 677 1961 rationem,
722 1901 803 1974 «Qui
824 1914 917 1959 autem
936 1920 1001 1958 vere
1021 1912 1062 1957 cst
1079 1876 1265 1979 astu'ffmiac

68 1998 173 2074 petitus,
194 2019 292 2057 nonne
321 1998 398 2057 hunc
419 1998 496 2058 idem
514 2013 710 2080 reputaturum
729 2018 828 2056 censes
846 2018 878 2055 ac
898 2010 1084 2078 geometram,
1105 1986 1159 2053 ubi
1176 2006 1261 2053 astro·

69 2112 115 2155 nm
130 2111 221 2155 motus
239 2095 390 2155 attendit?
411 2096 624 2155 Arbitraturum
642 2097 771 2168 scilicet,
791 2116 850 2153 csse
868 2095 937 2153 haec
956 2096 1071 2168 omnia,
1090 2090 1186 2172 quoad
1204 2091 1264 2169 ejus

68 2188 115 2252 ten·
140 2195 171 2254 in
199 2193 307 2253 talibus
334 2194 471 2275 operibus
497 2195 603 2274 possit,
624 2195 796 2274 pulcerrime
823 2192 935 2251 acoeli
954 2191 1101 2251 conditore
1119 2189 1269 2344 persepe&

67 2286 202 2368 alardum
230 2312 297 2350 vero
325 2313 402 2366 esse,
423 2293 447 2351 si
472 2293 537 2370 quis
553 2292 645 2351 noctis
665 2291 702 2351 ad
722 2291 817 2366 diem,
838 2291 995 2368 horumque
1014 2288 1051 2348 ad
1071 2284 1214 2363 menscm',

67 2389 151 2448 unsis
175 2389 214 2449 ad
231 2411 353 2464 annum,
372 2391 494 2468 itemque
513 2403 651 2448 astrorum
670 2388 708 2448 ad
727 2388 797 2448 haec
816 2389 912 2447 omnia
932 2402 959 2447 et
979 2389 1105 2449 invicem
1123 2386 1262 2445 rationem
1353 2448 1364 2469 ,

59 2500 172 2547 mutuam
200 2508 309 2569 semper
335 2487 468 2546 similiter
494 2486 647 2567 procedere
671 2486 875 2560 contenderet,
897 2499 928 2544 ut
947 2485 1026 2545 nihil
1046 2485 1157 2566 uspiam
1172 2496 1263 2541 muta·
1362 2482 1364 2501 ²

63 2582 132 2645 tionis
158 2585 307 2660 subirent,
328 2607 392 2643 cum
421 2605 465 2643 res
492 2586 551 2644 sint
579 2605 729 2664 corporeae
759 2598 787 2643 et
816 2583 1007 2664 spectabiles,
1028 2583 1160 2661 idemque
1179 2580 1258 2640 omni

64 2682 131 2743 nodo
149 2685 180 2742 in
199 2683 278 2742 hisce
297 2684 444 2744 veritatem
462 2685 629 2761 quaereret?
647 2709 682 2718 -
702 2681 749 2740 Sic
768 2681 841 2739 milri
860 2666 949 2754 certer,
970 2693 998 2738 te
1017 2700 1095 2739 nunc
1115 2677 1261 2748 audienti,

63 2779 170 2841 ridetur.
190 2812 223 2820 —
253 2780 370 2839 Scilicet
396 2778 623 2860 problematibus
650 2793 780 2854 utentes,
801 2779 841 2837 sic
860 2778 1077 2850 astronomiam,
1099 2789 1131 2834 ut
1149 2795 1261 2855 geome-

61 2878 147 2954 triam,
166 2877 370 2955 tractabimus,
393 2899 465 2956 quae
483 2898 550 2936 vero
570 2878 602 2935 in
621 2876 700 2937 coelo
719 2890 876 2958 apparent,
897 2877 980 2935 missa
998 2876 1153 2947 faciemus,
1174 2873 1259 2950 siqui·

61 2970 121 3037 Η
137 2999 204 3038 vere
232 2977 418 3035 astronomiae
446 2975 611 3050 studentes,
632 2975 709 3055 quod
735 2975 839 3033 natura
866 2976 956 3033 menti
982 2988 1094 3034 nostrae
1116 2992 1261 3052 ‹ppomprov

61 3067 136 3148 nen,
165 3072 198 3132 id
226 3073 349 3133 velimus
375 3074 446 3133 utile
474 3094 509 3132 ex
539 3074 638 3133 inutili
669 3071 816 3132 efficere.»
834 3069 866 3152 2)
906 3073 941 3131 In
969 3072 1014 3132 his
1041 3074 1128 3148 item,
1150 3074 1259 3147 fateor,

60 3162 121 3230 llam
144 3170 309 3231 dominatur
335 3173 455 3252 perfecti
483 3173 600 3251 verique
629 3171 777 3245 studium,
797 3192 853 3250 quo
878 3193 936 3231 uno
955 3173 1079 3231 maxime
1098 3171 1258 3230 ducebatur

60 3261 140 3328 Plato:
169 3268 303 3348 quodque
330 3271 427 3327 minus
453 3283 579 3349 spectare
598 3270 691 3329 solent
708 3271 863 3329 astronomi
882 3270 1031 3351 vulgares,
1053 3284 1084 3328 ut
1110 3262 1259 3351 χρήσιμον

60 3356 183 3447 tdptioar
204 3360 348 3449 φρόνιμον
369 3364 401 3426 ἓν
421 3366 463 3453 τῇ
483 3367 574 3453 ψυχῇ
595 3364 626 3438 ἔξ
648 3359 801 3448 ἀχρήστου
822 3369 951 3444 faciant,
978 3370 1031 3429 hoc
1051 3372 1174 3430 maxime
1192 3369 1258 3429 effi-

60 3483 108 3526 cere
133 3468 213 3528 Plato
239 3469 368 3546 studuit3
400 3469 451 3530 sed
477 3467 579 3544 iidem,
610 3482 642 3528 ut
668 3469 722 3528 hoc
750 3483 832 3543 utar,
854 3468 904 3527 ubi
933 3468 1061 3528 defectus
1079 3471 1172 3549 agitur
1190 3468 1259 3527 solis

62 3557 182 3642 lanaeve,
212 3567 273 3626 sive
299 3588 397 3627 cursus
427 3581 469 3627 est
497 3565 682 3627 definiendus
700 3581 823 3626 cometae
842 3566 889 3627 vel
906 3565 1058 3648 planetae,
1079 3585 1177 3624 nonne
1195 3565 1259 3647 pri-

61 3676 122 3722 um
147 3678 283 3725 avertunt
310 3679 434 3725 mentem
458 3686 475 3723 a
501 3658 590 3723 rebus'
608 3664 831 3744 spectabilibus,
850 3677 883 3723 ut
902 3684 1001 3723 verum
1016 3675 1136 3736 motum,
1158 3684 1258 3723 verum

62 3772 158 3821 waram
175 3774 204 3820 et
220 3761 308 3821 lunae
327 3776 356 3821 et
375 3761 553 3843 planetarum
573 3775 801 3841 cometarumquc
821 3763 945 3842 cogitent
960 3774 1110 3839 menteque
1130 3760 1258 3841 comple·
1302 3816 1306 3823 .

62 3861 179 3918 entur?
210 3860 313 3918 Nonne
341 3861 408 3920 vcra
435 3860 488 3919 hac
515 3861 663 3940 perspecta
689 3872 717 3918 et
745 3861 825 3939 quasi
854 3859 1008 3919 constituti
1037 3859 1255 3939 consignataque

62 3966 158 4017 murae
177 3958 253 4038 lege,
273 3972 335 4017 tum
352 3955 466 4017 demum
486 3958 626 4017 mundum
645 3957 830 4038 spectabilem
848 3956 1020 4033 attendunt,
1042 3955 1255 4016 vicissitudines

61 4046 253 4117 eruderantes
270 4069 373 4116 -motus
399 4076 552 4135 cursusque
581 4070 609 4114 et
631 4056 819 4116 aberrationis
846 4054 1178 4137 corporum'coelestium
1202 4073 1254 4133 per

59 4154 266 4231 ⁰Pportunitatcs
295 4155 404 4231 varias,
435 4154 610 4215 attractionis
638 4155 670 4214 in
698 4156 797 4235 primis
825 4156 986 4217 vicinorum
1011 4142 1161 4232 corporum
1187 4170 1255 4209 coe-

57 4272 91 4295 *
158 4280 172 4313 ,
1053 4288 1057 4293 .
1186 4234 1230 4335 ’ᾗ

58 4358 434 4434 summme

78 4445 101 4511 2)
119 4452 178 4502 aar.
198 4450 256 4502 530.
274 4452 305 4502 A.
