2796 5048
58 402 109 443 ron
138 383 249 447 civium
277 381 469 443 conventibus
501 379 665 453 factitabat,
695 376 1005 456 non¹assequebantur
1035 377 1182 457 aequales3
1214 401 1271 461 quo

58 481 171 557 ecidit,
202 494 236 539 ut
261 478 488 561 peculiareallroc
518 477 665 537 videretur
690 478 867 554 sophisticae
886 496 974 556 genus
1002 496 1078 549 esse,
1106 491 1190 557 atqm
1210 446 1272 561 iste

58 602 63 637 .·
88 580 227 652 manicis,
248 590 391 656 ,tanquam
418 598 493 635 unus
520 576 747 656 Sophistarum,¹
764 575 797 633 in
830 594 912 633 scena
932 566 1269 655 traduceretur3⁵posteri

58 676 165 737 lmum
192 677 226 736 id
252 675 477 749 intellexerunt,
507 688 656 756 postquam
686 694 752 731 cum
779 672 831 732 alii
850 672 1004 747 Socratici,
1024 687 1085 730 turn
1105 672 1270 756 Xenophon

58 788 74 835 t
101 776 187 835 Plato
205 775 292 835 banc
321 795 416 833 teram
444 772 644 845 dialecticam,
673 771 823 831 tradendis
840 772 901 848 ejus
919 772 1113 855 sermonibus,
1134 792 1270 853 exposue-

58 886 128 933 ttttt.
170 872 207 933 Id
236 885 330 933 autem
359 892 425 951 prae
456 870 575 929 caeteris
599 870 721 927 maxime
747 869 907 949 patefacere
926 869 1005 931 Plato
1024 869 1153 943 studuit,
1173 873 1223 951 qui
1242 888 1270 933 et

58 970 188 1031 udonem
216 971 303 1047 hujus
324 952 496 1028 dialecticae
513 980 541 1025 et
560 969 637 1040 uim,
658 988 742 1046 quam
759 969 791 1024 in
809 966 990 1025 audientium
1008 968 1117 1025 animos
1133 966 1269 1047 haberet,
1287 970 1291 979 “

58 1068 212 1149 μῦειιᾶἰε
239 1067 380 1147 dialogis,
412 1066 606 1146 exprimeret:
638 1065 715 1124 idem
743 1063 813 1122 adeo
841 1063 944 1123 iisdem
972 1064 1112 1144 dialogis,
1132 1089 1203 1145 quae
1222 1070 1270 1130 vel

58 1164 110 1247 ips
139 1166 172 1225 in
200 1166 254 1223 huc
283 1178 343 1224 arte
372 1168 543 1238 invenerat,
566 1163 613 1223 vel
634 1185 648 1222 e
666 1163 787 1222 Socratis
805 1162 984 1240 aliorumque
1002 1163 1111 1222 ratione
1130 1166 1270 1243 duxerat,

58 1264 216 1347 tbtnplexus
237 1276 296 1321 est:
320 1277 351 1321 ut
371 1262 456 1322 nobis
476 1283 553 1321 nunc
578 1261 712 1340 quidem,
734 1263 757 1320 si
777 1281 926 1341 germanae
944 1259 1111 1320 dialecticae
1130 1265 1271 1324 rationem

58 1380 146 1421 tuem
165 1362 275 1440 assequi
296 1362 418 1421 velimus
428 1407 437 1436 ,
459 1381 496 1418 ex
514 1360 560 1419 his
577 1361 700 1417 maxime
717 1358 847 1418 fontibus
862 1358 1055 1417 hauriendum
1073 1362 1119 1420 sit.
1160 1363 1272 1423 Patebit

58 1456 98 1545 itr
110 1460 263 1532 amnibus,
283 1461 361 1539 quod
386 1459 516 1519 nondum
535 1479 632 1518 omnes
651 1456 772 1532 rident,
794 1477 853 1516 uon
874 1456 1088 1533 confirmando,
1108 1461 1271 1543 probando,

60 1554 272 1626 dmonstrando
299 1572 428 1617 constare
458 1556 658 1629 dialecticam,
680 1554 729 1613 sed
756 1555 881 1635 primum
908 1557 1075 1632 quaerendo
1098 1558 1270 1637 procedere:

64 1674 113 1715 uun
140 1658 266 1716 fructum
294 1678 329 1715 cx
354 1677 386 1714 ea
413 1656 497 1714 unice
525 1655 604 1713 bunc
626 1653 805 1734 capiendum
829 1674 906 1727 esse,
928 1666 976 1727 ut,
997 1675 1069 1731 quae
1086 1676 1155 1713 vera
1175 1659 1272 1716 existi·
1367 1730 1371 1735 ἦ

64 1768 177 1828 untur,
199 1755 284 1814 nobis
307 1754 428 1833 aliisque
455 1751 675 1836 persuadeamus
697 1766 780 1830 atque
800 1774 816 1810 a
837 1749 1068 1809 dissentientium
1086 1755 1273 1833 opinionibus

63 1846 260 1928 defendamus,
293 1853 342 1911 sed
371 1854 403 1912 in
431 1851 551 1933 primis,
583 1864 614 1909 ut
637 1857 826 1909 inveniamus
842 1872 928 1910 vera:
950 1871 1003 1908 nec
1022 1863 1134 1910 tanturn
1151 1873 1203 1911 nos
1221 1874 1273 1933 per

64 1964 116 2007 ecto
141 1950 178 2010 ad
207 1951 283 2010 bene
311 1949 495 2031 cogitandum
506 1995 515 2024 ,
554 1948 712 2008 dicendum
751 1947 991 2026 scribendumque
1020 1947 1176 2027 prolicere,
1204 1951 1272 2025 sed,

60 2047 129 2121 quod
154 2049 268 2109 Platoni
293 2049 425 2130 placebat
453 2048 646 2128 potissimum,
677 2067 711 2105 eo
737 2045 822 2104 simul
852 2045 947 2105 valere
969 2047 1029 2123 ejus
1047 2044 1174 2105 studium
1191 2069 1272 2129 opor·

59 2150 129 2222 bre,
157 2162 188 2205 ut
218 2148 272 2228 ipsi
301 2148 359 2206 totl
387 2160 482 2205 mente
505 2147 585 2224 quasi
605 2154 821 2204 convertemur
842 2144 880 2203 ad
899 2145 1056 2205 veritatem.
1096 2145 1155 2205 Sed
1172 2144 1208 2205 de
1227 2146 1274 2205 his

58 2236 172 2322 singolis
191 2244 357 2324 singulatim
377 2245 424 2304 ria
439 2258 473 2305 -et
491 2245 600 2303 ratione
617 2265 740 2324 agamus.

413 2441 636 2501 Socratico
666 2443 910 2500 dialectica.

68 2634 153 2697 ’.Νοιι
180 2637 306 2698 dicendo
332 2639 423 2698 solum
449 2638 567 2720 publice
593 2652 641 2697 aut
671 2635 823 2697 scribendo
850 2652 1002 2697 exercetur
1022 2637 1192 2714 dialectica,
1222 2639 1273 2699 sed

58 2738 234 2810 Praesertim,
267 2750 298 2796 ut
323 2737 415 2817 ipsum
444 2736 527 2796 docet
553 2736 622 2793 artis
642 2756 764 2810 nomen,
793 2733 839 2818 τῷ
853 2729 1055 2814 διαλέγεσθαι,
1077 2739 1272 2815 colloquendo.

58 2818 88 2885 ld
114 2848 207 2893 autem
234 2835 357 2894 Socratis
376 2835 555 2897 sermonibus
572 2835 719 2915 proprium
739 2836 814 2911 fuit,
828 2880 831 2884 ·
847 2852 877 2897 ut
887 2885 895 2912 ,
926 2839 1091 2918 priusquam
1110 2839 1134 2897 is
1149 2839 1273 2914 juvenes

58 2922 89 2995 ld
104 2952 203 2993 verum
221 2933 428 3013 assequendum
448 2934 565 2993 duceret
576 2980 584 3007 ,
610 2948 744 3015 purgaret
763 2956 860 2995 eorum
879 2938 989 2995 animos
1011 2938 1157 3009 vanitate,
1177 2949 1274 2993 tumo-

58 3036 100 3099 ΓΕ,
130 3031 335 3112 praejudicatis
364 3032 500 3110 falsisque
529 3031 732 3112 opinionibus,
760 3035 867 3115 quippe
886 3056 956 3114 quas
975 3034 1121 3114 cogitandi
1140 3032 1274 3091 censebat

58 3134 182 3209 ltotaque
210 3129 328 3212 dicendi
358 3129 562 3208 scribendique
588 3130 752 3209 gravissima
774 3131 991 3212 impedimenta.
1035 3133 1201 3212 Neglectum
1219 3129 1273 3189 huc

58 3227 129 3287 llluri
150 3248 221 3289 aevo
238 3249 253 3285 a
273 3228 420 3309 plerisque
438 3242 480 3286 est
490 3274 498 3301 ,
527 3229 577 3306 qui
597 3226 778 3287 dialecticam
797 3230 1001 3290 tradiderunt:
1024 3229 1172 3290 methodos
1190 3247 1273 3307 quae·

58 3312 181 3386 iverunt
191 3374 199 3400 ,
219 3326 325 3405 quibus
335 3372 343 3399 ,
364 3340 499 3405 tanquam
519 3327 733 3400 instrumentis,
755 3330 832 3388 viam
849 3331 980 3388 veritatis
994 3330 1139 3409 aperirent
1149 3352 1157 3403 3
1180 3328 1273 3406 ipsum

58 3428 123 3482 tero
147 3423 338 3505 cognoscendi
348 3410 538 3504 'principium
556 3445 697 3483 summum
708 3471 716 3498 ,
738 3426 799 3484 veri
821 3447 960 3501 amorem,
982 3428 1032 3505 qui
1051 3446 1178 3486 exserere
1195 3443 1273 3495 sese,

58 3510 110 3577 'liti
126 3522 248 3581 sublatis
267 3520 497 3603 impedimentis,
521 3544 579 3580 non
599 3535 708 3601 potest,
730 3524 781 3585 vix
804 3524 1001 3584 attenderunt.
1023 3527 1086 3599 Quo
1104 3523 1192 3602 magis
1207 3542 1273 3596 nos,

59 3601 87 3667 i¹¹
112 3619 291 3699 exquirendo
313 3620 367 3680 hoc
395 3621 560 3702 principio,
580 3613 729 3698 κάθαρσιν
749 3621 830 3682 illam
856 3621 1027 3682 Socraticam
1057 3638 1085 3683 et
1106 3613 1274 3701 μαιευτικήν

61 3702 117 3773 lure
141 3716 353 3797 diligenterque
383 3721 576 3801 exposuimus.
620 3721 726 3780 Verum
752 3720 895 3779 Socratem
914 3720 1008 3779 adhuc
1029 3722 1274 3783 consideravimus

64 3798 262 3891 Platonicum,
279 3818 303 3876 -ί,
326 3838 350 3876 e.
373 3818 414 3876 uti
435 3817 512 3898 apud
529 3818 675 3878 Platonem
695 3841 753 3878 non
775 3838 854 3877 suam
872 3818 961 3878 solius
971 3866 979 3893 ,
1010 3821 1060 3880 sed
1083 3822 1170 3899 huius
1188 3820 1273 3880 simul

66 3914 222 3973 “atentiam
242 3914 384 3991 declarat;
406 3915 454 3973 htc
475 3936 542 3975 vero
561 3938 649 3997 quum
667 3925 745 3997 apso,
770 3931 801 3976 ut
816 3917 951 3997 cogitavit
968 3918 1134 3998 locutusque
1150 3933 1205 3993 est,
1224 3919 1273 3977 So·

65 4020 142 4070 entes
157 4025 274 4092 agatur,
304 4013 423 4094 prodeat
440 4012 524 4073 nobis
543 4036 557 4073 e
577 4014 780 4096 Xenophontis
808 4016 1063 4092 Memorabilibus,
1093 4018 1136 4077 nil
1164 4017 1273 4076 babens

62 4105 152 4171 tdsoiti
164 4110 310 4188 etalieni,
332 4112 432 4172 sedsic
442 4160 450 4188 ,
473 4114 643 4189 utsolebat,¹
662 4116 792 4196 cogitans
801 4115 966 4195 dicensque.
986 4115 1272 4194 Inciderataliquan-

58 4206 91 4270 do
110 4207 141 4266 in
152 4206 344 4285 Glauconem,
359 4211 486 4271 Platonis
505 4214 639 4289 fratrem,
661 4213 803 4291 eundem,
824 4236 907 4294 quem
917 4215 963 4274 hic
974 4215 1118 4274 dicentem
1127 4215 1159 4273 in
1169 4214 1271 4274 Politia

58 4308 193 4373 induxit;
222 4309 358 4381 jrrrcnern
379 4333 439 4369 non
457 4310 531 4369 malo
550 4311 686 4390 ingenio,
713 4313 763 4372 sed
779 4313 913 4373 inflatum
927 4314 1063 4394 opinione
1082 4314 1273 4393 praestantiae

58 4428 113 4473 uae
135 4419 166 4465 et
188 4408 283 4465 nescio
302 4408 373 4486 quid
390 4411 486 4489 magni
505 4423 533 4469 et
550 4410 689 4491 praeclari
709 4432 774 4470 cnm
794 4433 842 4492 spe
861 4411 1103 4492 praecipientem,
1124 4424 1186 4469 tum
1200 4413 1272 4487 jum·
