2796 5048
574 161 579 173 '
674 191 734 250 sss

79 359 200 423 Phidiae
228 360 359 439 signum,
381 357 567 438 spectandam
593 355 763 438 praeberet,
793 355 845 417 sed
872 352 951 415 illud
981 356 1186 437 potissimum,
1208 372 1238 418 ut
1267 380 1308 418 uos

79 460 136 541 ipsi
154 460 186 518 in
204 456 333 538 perfecta
350 456 470 515 civitate
495 456 732 535 exquireremus,
755 453 875 514 ubinam
894 453 999 513 lateret
1014 455 1155 532 justitia,
1176 455 1309 536 indeque,

68 557 152 637 quid
177 555 295 615 tandem
325 568 398 614 esset
422 555 536 631 justitia
547 600 556 629 ,
587 552 775 614 efficeremus.
817 553 965 612 Habemus
996 553 1125 629 iccirco,
1146 553 1224 633 quod
1244 577 1310 614 nune

79 655 219 734 deinceps
246 673 432 734 peragamus,
463 653 665 712 suavissimum
696 653 862 733 negotium:
894 649 1047 711 videamus
1077 672 1166 727 vero,
1189 653 1309 729 quemad·

78 751 197 812 modum
216 750 292 810 hanc
319 751 551 830 disquisitionem
570 772 635 810 cum
657 750 809 810 Glaucone
829 765 858 810 et
878 749 1037 810 Adimanto
1054 751 1253 831 eaeterisque,
1271 752 1310 859 qui

78 849 219 923 adn-‚ans
241 851 375 909 instituat
393 849 533 909 Socrmates

126 1044 290 1104 Ubinam
318 1048 464 1104 latere
485 1054 531 1103 in
552 1053 759 1121 civitate,
781 1053 1040 1124 maximeque
1061 1051 1107 1101 im
1129 1045 1281 1101 bomine

422 1152 659 1222 justitiam
681 1142 989 1223 suspicemur?‘

462 1241 478 1268 Ο

120 1337 168 1396 Sic
200 1339 288 1419 igitur
312 1337 441 1398 Socrates
473 1340 655 1400 «constituta
679 1361 744 1420 ergo
761 1341 822 1416 jam
842 1338 916 1414 tibi,
938 1358 955 1396 o
975 1337 1124 1397 Aristonis
1143 1335 1211 1414 fili,
1233 1336 1268 1395 sit
1283 1334 1312 1394 ci·

82 1436 166 1496 vitas.
218 1438 303 1496 Nunc
333 1450 428 1496 autem
456 1437 613 1519 deinceps,
644 1459 713 1518 age,
744 1437 866 1495 lumine>
882 1456 1021 1509 accenso,
1047 1447 1077 1492 et
1108 1434 1173 1514 ipse
1203 1435 1269 1496 vide
1292 1446 1313 1492 et

81 1533 199 1593 fratrem
228 1533 339 1594 advoca
369 1550 397 1595 et
424 1536 642 1595 Polemarchum
663 1551 692 1596 et
713 1548 858 1610 caeteros,
879 1553 950 1592 num
968 1533 1042 1592 forte
1061 1553 1240 1609 cernamus,
1259 1531 1313 1590 ubi-

83 1650 150 1701 nam
181 1631 220 1689 sit
248 1633 368 1693 tandem
404 1635 536 1711 justitia,
568 1634 744 1712 ubinamque
774 1632 936 1709 injustitia:
968 1628 1041 1709 quid
1069 1631 1152 1688 inter
1182 1645 1314 1710 utramque

86 1726 266 1789 discriminis
294 1731 350 1791 sit:
381 1745 410 1790 et
438 1744 530 1790 utram
558 1733 671 1810 assequi
698 1732 723 1790 is
743 1730 865 1804 debeat,
885 1730 937 1808 qui
958 1728 1059 1787 beatus
1077 1728 1203 1788 futurus
1223 1731 1259 1790 sit
1274 1729 1317 1788 sire

86 1826 173 1885 lateat
200 1828 261 1888 sive
288 1851 349 1888 non
378 1829 466 1889 lateat
486 1851 584 1889 omues
604 1831 678 1889 Deos
698 1844 782 1908 atque
803 1828 943 1887 homines.
985 1828 1061 1886 Tum
1083 1825 1221 1903 Glauco,
1242 1826 1318 1900 nibil,

87 1924 200 2001 inquit,
224 1925 317 1986 dicis:
339 1943 371 1988 tu
391 1931 469 1988 enim
491 1930 552 2010 ipse
572 1928 769 2009 investigandi
791 1928 937 2008 negotium
957 1925 1128 2005 suscepisti:
1150 1927 1318 2008 quippecuu

89 2023 212 2103 impium
239 2025 314 2084 soret
343 2047 403 2085 non
432 2046 599 2086 succurrere
624 2014 774 2104 justitiae,
804 2025 900 2104 quoad
930 2026 992 2102 ejus
1019 2023 1083 2082 fieri
1105 2025 1221 2105 possit,
1242 2023 1319 2104 quali·

88 2141 204 2200 cunque
229 2123 348 2182 tandem
376 2125 497 2183 ratione.
520 2156 549 2167 -
574 2126 662 2184 Recte
690 2144 788 2183 mones
816 2138 844 2183 et
872 2123 912 2182 sic
933 2121 1104 2192 faciendum
1124 2122 1265 2182 omnino:
1283 2141 1320 2181 ms

89 2234 185 2278 autem
212 2243 257 2280 me
286 2222 425 2298 adjurare
454 2236 575 2303 oportet.
597 2262 631 2273 -
661 2223 718 2281 Nos
746 2242 815 2282 vero
843 2222 883 2279 ita
919 2214 1043 2301 agemus.
1064 2220 1219 2302 -Spero
1245 2235 1320 2279 auten

90 2317 170 2391 fore,
193 2332 225 2376 ut
241 2320 282 2377 sic
304 2318 382 2378 illud
400 2320 595 2380 inveniamus.
628 2320 736 2401 Nempe
755 2320 899 2394 arbitror,
921 2318 1089 2392 civitatem,
1111 2319 1137 2377 si
1157 2333 1239 2379 recte
1254 2318 1321 2377 uobis

93 2415 182 2472 fuerit
202 2416 377 2491 constituta,
398 2417 559 2497 perfectum
579 2419 609 2476 in
629 2417 747 2477 modum
767 2418 874 2477 bonam
893 2419 1029 2477 futuram.
1045 2418 1227 2476 ‘Necesse
1243 2431 1288 2475 est.

92 2513 211 2578 Constat
241 2514 329 2593 igitur
357 2516 486 2574 futuram
513 2537 576 2574 eam
601 2525 785 2594 sapientem,
807 2518 946 2592 fertem,
977 2525 1202 2594 temperantem
1230 2529 1258 2575 et
1266 2523 1320 2592 jeu·

91 2620 165 2670 tam.
186 2637 222 2651 ··
242 2614 425 2674 Constat.¹-
446 2615 550 2674 Nonne
580 2616 603 2674 si
634 2617 688 2675 tria
719 2615 837 2674 illorum
862 2615 895 2674 in
923 2635 956 2673 ea
974 2613 1189 2694 repererimus,
1212 2612 1244 2672 id
1259 2609 1320 2692 quod

92 2708 237 2787 reliquum
265 2724 307 2770 est
338 2711 415 2772 illud
442 2713 516 2788 erit,
537 2714 615 2791 quod
633 2714 765 2774 nondum
785 2714 874 2772 fuerit
893 2713 1061 2793 repertum?
1083 2737 1121 2750 -·
1141 2711 1279 2786 Quidni?
1294 2735 1320 2748 -

92 2807 144 2866 Uti
164 2822 258 2868 autem
287 2810 319 2869 in
348 2810 501 2885 omnihus,
532 2832 605 2890 quac
633 2826 755 2890 quatuor
784 2822 1006 2884 numerosum,
1028 2810 1050 2868 si
1072 2831 1168 2868 unum
1188 2827 1319 2888 quaerere·

93 2926 156 2963 mus
166 2950 175 2979 ‚
196 2906 220 2964 si
249 2905 328 2965 iilud
347 2909 490 2968 continuo
510 2911 731 2990 reperissemus,
753 2907 916 2967 sufficeret:
938 2907 1041 2987 quodsi
1058 2908 1113 2966 tria
1131 2908 1319 2987 reperissemus

21 3078 26 3083 .
93 3002 236 3080 primum,
267 3003 322 3062 hoc
353 3007 417 3086 ipso
445 3022 663 3087 cognosceretur
690 3008 786 3081 illud,
815 3006 894 3086 quod
923 3026 1146 3085 quaereremus:
1168 3027 1230 3064 non
1257 3005 1319 3063 enim
1350 3036 1353 3045 ·

94 3097 178 3160 aliud
197 3114 288 3174 esset,
310 3104 367 3162 nisi
387 3103 439 3177 id,
460 3104 538 3183 quod
562 3121 690 3166 restaret.
712 3135 747 3145 -
767 3105 858 3166 Probe
883 3105 1075 3184 loqueris'-
1095 3105 1139 3164 De
1158 3103 1208 3164 bis
1227 3104 1318 3183 igitur,

92 3217 166 3276 quae
183 3211 307 3275 quatuor
324 3221 445 3260 numero
463 3216 532 3261 sunt
540 3249 549 3275 ‚
571 3225 670 3263 nonne
689 3205 751 3285 pari
772 3218 814 3263 cst
834 3203 925 3263 nobis'
938 3203 1050 3262 ratione
1064 3202 1319 3282 quaerendum?-

92 3295 179 3355 Vero.
204 3329 234 3339 -
256 3297 345 3375 Atqui
367 3299 491 3377 primum
513 3300 585 3358 mibi
606 3303 638 3360 in
661 3302 724 3359 istis
745 3301 862 3380 videtur
882 3310 1034 3380 sapientia
1055 3301 1201 3360 elucere.»
1229 3298 1257 3379 l)

358 3493 528 3555 Ubinam
548 3506 591 3554 in
612 3506 802 3556 civitate
823 3472 1070 3575 sapi'sntia?

133 3689 189 3747 Hic
208 3704 302 3748 autem
320 3693 425 3750 mirum
443 3690 499 3750 sibi
518 3693 590 3773 quid
608 3714 745 3774 apparere
764 3694 838 3754 dicit
855 3694 994 3754 Socrates.
1026 3694 1196 3774 «Sapiens,
1218 3693 1317 3773 inquit,

66 3831 68 3837 .
92 3786 165 3845 mihi
193 3807 251 3844 esse
281 3787 417 3864 videtur,
437 3812 523 3868 quam
549 3791 755 3867 condidimus,
777 3795 897 3870 civitas3
922 3814 989 3852 nam
1016 3793 1091 3853 bene
1120 3794 1253 3853 consulta
1270 3804 1317 3861 est,

94 3985 352 3995 ———·--—--

124 4107 211 4170 oue
233 4107 294 4205 dep.
321 4107 363 4158 1v.
390 4102 448 4159 427.
468 4108 550 4160 G.-
568 4111 626 4164 428.
645 4112 677 4164 Α
714 4113 981 4166 Animadvertendum
1001 4120 1122 4210 corrupte
1141 4112 1211 4182 legi:
1230 4097 1319 4162 mirem

85 4217 119 4253 o
130 4212 157 4251 τι
179 4184 216 4249 eir
237 4183 337 4249 αὐτῶν
358 4182 492 4271 eiipurperr
518 4191 551 4254 ἕν
577 4189 669 4280 αὐτῇ,
696 4217 729 4254 το
759 4188 957 4256 υπόλοιπον
945 4189 1027 4254 ἔσται
1049 4216 1083 4254 το
1113 4189 1175 4274 οὐχ
1203 4217 1291 4274 suppra
1271 4185 1318 4270 μ-ἕ

86 4305 154 4355 :eosq
178 4315 218 4333 ⁴-
240 4291 397 4343 Neoessario
420 4291 474 4361 legi
499 4304 622 4362 oportet,
642 4304 670 4348 ut
689 4302 751 4347 suus
767 4298 914 4392 sqntentiae
933 4311 1027 4348 sensus
1045 4296 1095 4346 sit:
1114 4281 1224 4351 οὕκοῦν
1243 4279 1319 4348 oret

55 4372 167 4455 epia
187 4370 340 4436 cdrtdv—
305 4381 398 4434 —.Cs
418 4380 477 4435 483.
497 4381 526 4435 0
546 4375 572 4437 εἰ
591 4372 634 4438 roi
656 4374 741 4459 τρία
762 4369 905 4459 εὕροιμεν.
