2796 5048
655 174 791 303 asp

63 373 146 433 nobis
164 393 232 454 pars
250 372 301 431 illa
320 371 541 430 Stobaeanorum
559 385 776 451 excerptorum,
796 374 868 449 qitae
898 387 1026 433 veterum
1055 372 1117 432 loca
1144 373 1277 431 contine·

62 471 111 529 bat
135 469 176 528 de
204 468 401 551 philosophia:
432 469 518 548 periit
545 470 604 529 fere
633 482 727 544 totus,
746 488 831 547 quem
850 471 938 549 magis
957 471 1042 529 etiam
1070 468 1278 543 desideramus,

62 568 211 628 Ciceronis
238 567 425 640 Hortensius,
455 588 512 644 quo
539 565 750 647 philosophiam
776 566 987 627 commendavit
1016 582 1044 626 et
1070 568 1280 648 propugnavit:

59 686 132 745 quae
151 665 260 745 scripta
278 666 300 724 si
322 678 518 744 superessent,
542 663 658 744 plenius
686 664 770 721 etiam
790 663 826 722 de
843 664 962 742 antiqua
980 663 1162 745 philosophia
1179 665 1281 724 existi-

60 766 137 822 mare
168 762 277 822 liceret.
328 761 524 820 Veruntamen
555 760 736 820 ciceroniani
767 761 859 841 operis
887 763 1077 841 fragmentum
1108 762 1193 821 uobis
1220 782 1280 820 ser-

60 873 160 920 vatum
189 873 231 919 est
257 859 453 941 praeclarum,
483 859 540 923 imo
567 857 713 918 conclusio
740 872 832 917 exstat
858 860 945 918 totius
972 859 1193 940 disputationis,
1227 881 1281 938 qua

59 957 142 1017 haud
159 958 202 1017 ita
220 956 390 1037 magnifice,
418 971 449 1016 ut
468 956 638 1016 Posidonius
657 969 685 1015 et
712 955 837 1031 Seneca,
860 955 910 1015 sed
930 971 1077 1033 accurate,
1107 957 1158 1016 sed
1186 956 1282 1016 Plato-

61 1055 209 1117 uicerim
229 1056 368 1136 expressit
387 1067 415 1112 et
434 1056 609 1135 propositum
631 1052 844 1134 philosophiae·
885 1055 991 1128 «Quae
1020 1055 1121 1129 nobis,
1142 1055 1200 1129 ait,
1221 1055 1283 1116 dies

62 1165 216 1231 noctesque
234 1151 504 1227 considerantibus,
524 1151 754 1235 acuentibusque
769 1151 992 1231 intelligentia!
1002 1197 1011 1228 ,
1032 1165 1163 1238 quaeest
1181 1155 1284 1213 mentis

60 1251 156 1326 acies,
173 1250 399 1329 caventibusque
410 1295 418 1323 ,
443 1271 480 1308 ne
509 1247 629 1329 quando
650 1248 702 1306 illa
725 1247 876 1324 hebescat,
897 1271 998 1329 magna
1021 1270 1084 1330 spes
1110 1264 1170 1325 est,
1190 1263 1240 1309 aut
1259 1252 1284 1308 si

60 1348 136 1423 hoc,
153 1348 359 1426 quosentimus
372 1363 401 1408 et
420 1348 561 1429 sapimus,
579 1347 695 1406 mortale
714 1361 742 1406 et
765 1346 905 1407 caducum
925 1362 966 1407 est
972 1394 980 1423 ,
1001 1347 1165 1425 jucundum
1183 1348 1284 1421 nobis,

60 1445 227 1526 perfunctis
244 1446 412 1505 muneribus
429 1446 580 1520 humanis,
605 1466 734 1505 occasum
751 1466 844 1524 neque
862 1444 1009 1505 molestam
1027 1447 1244 1506 exstinctionem
1258 1460 1287 1505 et

59 1544 144 1622 quasi
163 1543 288 1622 quietem
306 1544 382 1602 vitae
402 1544 480 1602 fore:
502 1556 551 1602 aut
567 1544 610 1618 si,
631 1558 663 1603 ut
681 1544 808 1622 antiquis
826 1530 1023 1625 philosophis,
1043 1544 1134 1623 iisque
1153 1544 1286 1603 maximis

61 1641 205 1721 longeque
234 1641 399 1700 clarissimis
424 1641 553 1722 placuit,
583 1654 711 1700 aeternos
741 1642 851 1701 animos
874 1663 906 1701 ac
935 1640 1051 1702 divinos
1070 1641 1223 1701 habemus:
1245 1643 1285 1700 sic
1384 1672 1387 1683 ν

59 1737 288 1798 existimandum
305 1753 365 1813 est,
383 1760 440 1818 quo
459 1740 548 1819 magis
568 1737 600 1796 hi
618 1739 728 1798 fuerint
747 1759 856 1819 semper
874 1741 906 1799 in
926 1761 976 1798 suo
994 1760 1080 1798 cursu
1090 1783 1099 1814 ,
1119 1738 1152 1799 id
1172 1753 1231 1812 est,
1252 1741 1285 1797 in

61 1837 175 1895 ratione
194 1850 223 1896 et
241 1836 436 1916 investigandi
455 1837 631 1917 cupiditate,
652 1849 681 1895 et
707 1857 762 1914 quo
788 1838 884 1896 minus
906 1857 946 1901 se.
963 1835 1169 1896 admiscuerint
1197 1852 1281 1915 atque

61 1932 262 2014 implicuerint
285 1934 433 1993 hominum
461 1936 541 1996 vitiis
561 1948 589 1993 et
615 1932 852 2006 erroribu's,hoc
876 1935 912 1992 iis
931 1933 1091 1993 faciliorem
1116 1933 1285 1993 adscensum

59 2045 89 2090 et
108 2029 235 2091 reditum
256 2032 288 2089 in
307 2031 418 2097 coelum
442 2033 512 2091 fore.
553 2031 753 2112 Quapropter,
781 2044 813 2089 ut
840 2029 998 2110 aliquando
1027 2031 1196 2089 terminetur
1223 2026 1298 2091 ora·x

60 2129 123 2203 tio,
141 2129 165 2186 si
183 2142 233 2187 aut
250 2130 394 2209 exstingui
413 2129 570 2208 tranquille
593 2127 745 2202 volumus,
775 2149 841 2188 cum
861 2130 893 2188 in
912 2128 957 2187 his
976 2127 1086 2187 artibus
1110 2128 1285 2202 vixerimus,

59 2240 112 2286 aut
141 2226 165 2284 si
188 2240 225 2284 ex
242 2224 296 2285 hac
324 2227 356 2285 in
383 2227 468 2286 aliam
494 2226 574 2286 haud
599 2224 699 2335 paullo
717 2225 863 2287 meliorem
881 2226 1038 2286 domum
1017 2245 1078 2286 stne
1098 2246 1175 2285 mora
1197 2225 1286 2286 demi·

60 2342 164 2403 grare,
183 2330 217 2380 in
238 2324 286 2385 laia
305 2326 415 2383 studita
435 2324 518 2383 nobis
536 2325 629 2383 omnis
651 2344 736 2404 opera
754 2338 782 2383 et
799 2345 867 2382 cura
886 2323 1021 2404 ponenda
1044 2337 1094 2384 est.
1098 2348 1112 2380 n

103 2420 129 2479 E
145 2419 242 2479 studio
257 2418 321 2485 hoe,
332 2435 359 2480 et
377 2442 470 2481 amore
488 2422 646 2501 sapientiae
656 2466 665 2497 ,
685 2443 742 2500 quo
769 2422 885 2481 nomine
903 2423 1062 2501 antiquitus
1086 2320 1287 2510 applellahr*

60 2515 266 2604 philosophia,
287 2520 458 2578 exstiterunt
476 2519 712 2599 philosophorum
732 2519 839 2600 placita
858 2540 890 2578 ac
909 2518 1075 2595 doctrinae,
1097 2518 1175 2579 unde
1195 2533 1288 2600 syste-
1346 2518 1350 2523 ’

62 2629 140 2674 mata
158 2616 311 2696 composita
330 2631 397 2675 sunt
415 2615 627 2698 philosophiae:
667 2618 822 2698 positisque
840 2616 957 2675 tandem
975 2616 1173 2698 philosophiae
1193 2619 1286 2675 termi-

62 2714 130 2786 nis,
152 2711 300 2773 doctrinae
323 2713 462 2792 quaedam
490 2727 619 2792 artesque
646 2713 780 2785 liberales
800 2714 837 2773 ab
862 2704 896 2773 ¹ea
922 2713 1076 2774 distinctae
1104 2728 1180 2774 sunt.
1227 2714 1288 2773 Ve-

62 2824 218 2869 runtamen
247 2832 356 2892 semper
371 2825 480 2872 veteres
493 2812 655 2892 principem
674 2814 706 2872 in
721 2813 758 2871 iis
778 2812 873 2872 locum
897 2810 1095 2892 philosophiae
1113 2812 1287 2871 tribuerunt.

62 2913 173 2968 Auctor
206 2906 276 2967 libri
310 2908 346 2968 de
377 2930 529 3018 puerorum
562 2908 749 2984 educatione,
778 2911 828 2989 qui
857 2909 1004 2968 Plutarchi
1034 2909 1151 2967 nomine
1180 2909 1287 2983 fertur,

61 3004 276 3087 philosophiam
312 3006 427 3066 dicit
419 3029 451 3066 in
480 3008 580 3088 primis
610 3006 759 3066 colendam
789 3028 866 3081 esse,
903 3009 935 3065 in
965 3026 1052 3084 eaque
1080 3005 1286 3066 habitandum.

62 3096 165 3185 ω’σπερ
191 3104 376 3186 capitiarium
405 3101 461 3182 μὲν
485 3099 594 3178 πολλάς
618 3099 715 3178 πόλεις
741 3098 882 3177 :oluff
867 3102 1010 3184 ενοικῆσαι
1033 3098 1130 3163 δὲ
1088 3126 1127 3189 tp
1148 3102 1288 3199 κρατίστη

61 3199 223 3286 χρήσιμον.
253 3205 284 3289 2)
312 3207 396 3266 Bioni
423 3207 603 3266 tribuebatur
631 3206 700 3265 haec
727 3202 916 3286 corriparatio:
948 3207 1023 3265 sicut
1047 3206 1202 3286 Penelopes
1221 3227 1289 3286 pro-

66 3308 115 3381 ci,
139 3326 229 3384 quum
247 3325 306 3364 non
323 3319 436 3385 possent
456 3325 521 3363 cum
539 3304 681 3384 Penelopa
700 3304 907 3379 concumbere,
928 3325 987 3362 rem
1008 3325 1074 3362 cum
1092 3305 1152 3382 ejus
1173 3303 1287 3362 ancillis

61 3404 252 3464 habuissent:
282 3404 339 3478 ita,
369 3401 658 3483 quiphilosophiam
686 3423 747 3460 non
777 3416 891 3481 possent
915 3400 1153 3482 apprehendere,
1183 3422 1228 3460 eos
1258 3402 1290 3460 in

62 3503 131 3561 aliis
160 3496 272 3561 nullius
300 3501 385 3580 pretii
415 3499 579 3581 disciplinis
608 3520 666 3558 sese
696 3513 849 3560 conterere.
891 3498 922 3580 3)
961 3499 1098 3558 Similiter
1122 3498 1228 3558 Seneca
1255 3499 1290 3557 ab

63 3599 177 3659 artibus
204 3597 373 3657 liberalibus
397 3586 519 3656 secernit
545 3596 772 3677 philosophiam:
795 3611 868 3656 artes
886 3596 1020 3656 liberales
1043 3609 1213 3676 praeparant
1242 3583 1293 3663 in-

63 3698 201 3779 genium,
221 3708 392 3777 praeparant
419 3696 548 3753 animum
569 3694 607 3755 ad
630 3693 828 3774 accipiendam
851 3696 1004 3755 virtutem:
1036 3715 1089 3752 nec
1116 3708 1212 3759 tamen
1230 3720 1291 3779 per·

63 3796 179 3854 ducunt
198 3792 244 3853 'ad
268 3794 421 3868 virtutem,
450 3793 500 3853 sed
527 3792 702 3874 expediunt:
734 3813 824 3850 unum
851 3791 978 3852 studium
1007 3812 1075 3855 vere
1098 3795 1216 3856 liberale
1236 3811 1291 3871 est,

63 3893 143 3973 quod
164 3891 287 3951 liberum
306 3891 395 3966 lacit,
415 3893 469 3961 hoc
489 3907 529 3951 est
548 3892 721 3973 sapientiae,
743 3891 883 3965 sublime,
905 3891 978 3954 fone
988 3938 997 3967 ,
1018 3895 1238 3974 magnanimum.
1251 3892 1291 3973 ll)

64 3993 175 4053 Pariter
207 3990 339 4050 Clemens
376 3990 609 4051 Alexandrinus:
644 3983 685 4062 ὥς
715 3983 752 4050 roi
785 3983 917 4071 ἐγκύκλια
951 3985 1123 4074 μαθήματα
1158 3985 1291 4070 συμβάλ-

74 4134 520 4240 'Ufflmddpffibml

98 4255 262 4324 fflpbst

97 4340 508 4421 &mmdmmdmm

100 4426 253 4496 rimae
