2796 5048
663 269 721 330 557

90 459 158 496 cere
178 445 212 495 iu
230 442 356 496 ciuitate
369 415 444 512 eua,
464 444 493 496 ei
510 440 593 496 bonis
611 443 737 497 institui
754 439 869 520 legibue
886 445 997 497 civitae
1014 439 1111 515 debet,
1129 440 1176 499 oel
1191 441 1318 516 audire,

89 545 153 596 eive
169 544 211 596 eit
226 537 416 616 illejuete'or,
436 542 497 596 eice
516 543 644 613 senior,
661 545 722 599 aiae
745 537 933 596 carminibus
951 531 1022 615 baec
1040 540 1335 619 termonem-,cece

90 638 189 695 soluti
211 640 348 706 oratione
373 644 580 694 enarrentur:
606 645 713 716 quippe
740 657 815 715 quoe
833 656 885 694 uec
904 645 1010 694 macta
1023 637 1179 698 bonertaoe
1192 649 1271 717 rint,
1290 649 1319 702 ei
1368 665 1375 679 ·

89 735 253 808 ἀκακίαν,
272 746 365 812 meque
383 736 477 794 atilio
494 736 595 810 medie,
614 757 707 814 neque
724 741 809 793 inter
829 755 858 792 ee
877 755 1038 796 consona.»
1063 733 1093 817 1)
1131 816 1133 821 ⁴
1188 741 1191 748 '

130 833 222 892 Locus
247 831 295 891 bic
324 847 398 892 sane‘
421 832 501 915 apud
520 817 689 910 Platonem,
710 847 743 894 ut
762 832 1023 917 sublimemipsius
1039 833 1075 894 de
1095 834 1317 898 divinamtura

80 931 261 992 sententiam
290 931 496 1012 percipiamus,
527 953 601 991 unus
630 933 662 991 in
690 933 791 1014 paucis
821 934 945 994 maxime
972 934 1118 995 notandus
1145 934 1229 995 nobis
1257 951 1315 998 est:

88 1027 168 1090 valet
194 1027 266 1088 adeo
294 1027 332 1089 ad
358 1043 488 1090 nostrum
515 1029 552 1090 de
577 1029 696 1090 sublimi
726 1047 892 1112 argumento
916 1032 1063 1111 judicium
1081 1055 1146 1093 cum
1163 1034 1318 1097 illustran-

87 1117 177 1202 dum,
196 1141 258 1186 tum
278 1126 518 1189 confirmandum.
558 1129 631 1188 Nam
650 1128 859 1210 distinguenda
878 1131 1038 1207 nobie'est,
1066 1131 1144 1212 quod
1159 1132 1318 1215 negligitur
1355 1166 1358 1177 ·

87 1226 241 1302 amultis,
261 1223 373 1308 duplex
395 1227 473 1287 vocis
491 1228 608 1287 ionitae
626 1227 810 1308 significatio.
851 1231 1031 1311 Usurpamus
1046 1251 1113 1291 cam.
1125 1230 1163 1291 de
1179 1233 1233 1292 Dei
1250 1255 1316 1314 erga

86 1345 141 1385 nos
165 1323 337 1414 clementia,
363 1338 396 1384 ut
423 1323 501 1407 apud
530 1325 696 1414 Ciceronem
724 1348 784 1385 non
811 1327 898 1386 semel
926 1322 1071 1406 occurrit;
1093 1352 1123 1391 v.
1150 1351 1175 1390 c.
1201 1331 1253 1391 ubi
1277 1331 1317 1397 de.

90 1419 229 1505 Dionysio
255 1436 366 1483 narrat:
380 1431 453 1501 jam
479 1447 597 1486 mensae
615 1435 778 1506 argenteae
792 1426 827 1483 de
845 1429 979 1486 omnibus
996 1428 1129 1510 delubris
1138 1436 1240 1509 jecerit
1256 1451 1316 1490 au-

81 1527 192 1602 ferri:
222 1529 257 1579 im
286 1525 393 1601 quibus
423 1524 499 1601 quod
526 1546 606 1610 more
635 1531 747 1584 ceteris
777 1523 921 1583 Graeciae
948 1532 1136 1605 inscriptum
1153 1539 1248 1605 emet,
1268 1551 1315 1590 eo·

84 1643 180 1682 soum
204 1641 333 1696 neom,
359 1627 413 1679 ¹uti
440 1643 470 1680 ee
496 1640 598 1686 eorum
622 1624 813 1682 bonitate
833 1625 915 1683 ‹oeHe
942 1625 1068 1687 dicebat.
1095 1622 1128 1706 2)
1177 1627 1226 1686 Fit
1252 1628 1314 1705 ite,

85 1736 118 1782 ut
143 1742 197 1781 nos
226 1721 293 1784 fere
313 1719 349 1780 dc
375 1721 429 1781 Dei
455 1720 604 1781 attributis
634 1737 763 1803 agentes,
793 1724 953 1803 bonitatem
981 1725 1036 1786 Dei
1056 1723 1093 1785 de
1112 1725 1313 1789 munificentia

82 1822 146 1899 ejus
170 1819 261 1899 inque
285 1818 442 1878 hominem.
458 1819 608 1879 voluntate
637 1820 821 1902 accipiamus.
871 1822 909 1882 Et
936 1835 1013 1882 recte
1043 1844 1096 1883 nos
1125 1822 1253 1902 quidem.
1279 1821 1313 1905 3)

82 1920 283 1980 Veruntamen
307 1917 434 1978 estaealia
460 1916 529 1978 item
556 1917 684 1997 ejusdem
713 1921 792 1981 vocis
817 1921 879 1996 vis,
899 1920 950 1980 ubi
969 1921 1007 1982 de
1021 1924 1152 1982 bonitate
1171 1943 1200 1985 v.
1218 1944 1244 1984 c.
1263 1932 1310 1983 in·

79 2025 185 2101 genii,
214 2024 310 2093 cocis,
339 2038 481 2093 caussae,
509 2017 667 2094 similium,
696 2019 813 2100 agimus.
855 2017 1005 2099 Significat
1023 2021 1064 2081 ita
1082 2021 1125 2081 rei
1146 2029 1310 2099 uirtutem,

79 2123 322 2197 praestantiam,
340 2118 565 2193 perfectionem.
607 2116 643 2177 ld
670 2117 711 2177 sie
738 2115 948 2179 traducendum
967 2117 1005 2180 ad
1024 2118 1158 2180 divinam
1178 2134 1312 2182 naturam

83 2228 144 2290 est,
165 2227 198 2272 ut
215 2214 360 2273 moralem
370 2259 379 2290 ,
400 2235 486 2293 quam
510 2237 562 2276 nos
581 2237 715 2278 vocamus
725 2260 734 2292 ,
755 2218 915 2276 bonitatem
933 2217 954 2278 i.
972 2237 997 2278 e.
1013 2219 1155 2279 ¹virtutem
1173 2240 1311 2280 summam

85 2312 313 2392 perfectamque,
343 2296 557 2394 intelligamus,
584 2335 702 2396 eamque
730 2336 788 2375 nou
817 2316 932 2391 miuus,
961 2337 1046 2395 quam
1072 2315 1255 2378 clementiam
1282 2331 1313 2379 et

85 2407 309 2489 benignitatem,
340 2409 377 2470 ad
404 2412 458 2471 Dei
488 2412 625 2472 attributa
636 2458 645 2487 ,
676 2414 733 2472 imo
762 2435 830 2475 vero
857 2413 907 2474 ad'·
924 2412 1044 2474 divinae
1072 2429 1191 2475 naturae
1209 2412 1312 2479 eiciar
1348 2428 1351 2435 '

82 2514 247 2576 referamne.
297 2514 333 2574 ld
361 2515 474 2575 scilicet
501 2515 685 2596 intelligebat
712 2516 833 2577 divinus
858 2517 977 2579 divinae
1005 2532 1124 2578 naturae
1152 2521 1310 2600 interpres,

80 2623 171 2693 quum
193 2614 318 2692 juverii,
340 2614 390 2694 qul
408 2615 502 2696 ipsum
519 2615 633 2696 vulgari
649 2616 761 2676 ratione
776 2618 882 2676 bonum
897 2624 1080 2697 magistrum
1097 2617 1310 2697 appellaverat,

79 2710 160 2772 illud
179 2712 355 2793 reponebat:
389 2711 431 2773 Τι’
451 2735 488 2792 με
509 2707 600 2795 λέγεις
622 2707 755 2795 ebacide,-
774 2709 871 2789 οὐδεὶς
890 2707 1022 2795 iperii,
1039 2712 1065 2775 ci
1078 2708 1124 2796 μή
1140 2705 1231 2788 εἷς,ὁ
1252 2713 1311 2776 Θε-

40 2867 46 2872 .
80 2810 123 2892 ὅς
135 2815 168 2900 4)
186 2808 188 2810 ⁵
207 2817 265 2904 Sed
296 2839 348 2878 nos
369 2816 406 2877 de
424 2817 515 2877 altero
534 2816 603 2877 item
621 2817 750 2877 Platonis
776 2815 844 2901 arpi
865 2814 1023 2899 θεολογίας
1036 2799 1126 2903 ’τύπῳ
1149 2815 1309 2879 videamus.

124 2920 252 2982 «Bonus
277 2923 366 3004 igitm·
392 2924 470 2983 Deus
495 2936 555 2998 est,
584 2923 625 2982 ait
643 2921 791 2996 Socrates,
813 2923 896 3002 eique
916 2922 1060 2999 contraria
1080 2934 1148 2981 sunt
1165 2943 1308 3009 quaecuu-

76 3034 136 3100 'qtle
155 3018 211 3086 nos¹
227 3024 308 3081 naula
327 3042 428 3084 vocare
448 3019 588 3081 solemus:
609 3021 715 3081 horum
732 3008 863 3094 homines
883 3019 1309 3100 auctores*existimandisuut,

38 3161 40 3165 -
77 3113 157 3182 Deus
182 3142 243 3180 non
271 3135 370 3181 auctor
395 3132 445 3182 est.
487 3119 568 3195 Quid
597 3142 665 3182 vcro
693 3119 837 3179 secundus
855 3119 903 3179 bic
922 3113 1038 3196 vino„
1069 3120 1144 3179 Num
1159 3120 1309 3211 'existimas

77 3227 321 3308 praestigiatorem
350 3247 409 3286 esse
439 3227 547 3302 Deum,
581 3240 624 3302 et,
646 3226 737 3288 veluti
763 3247 806 3311 cx,
820 3224 955 3300 insidiis,
976 3223 1047 3283 alias
1067 3223 1124 3284 alia
1140 3224 1194 3284 sub
1213 3226 1308 3306 speeie

77 3328 240 3406 apparere?
271 3347 310 3385 an
326 3347 404 3386 ¹vero
434 3325 595 3406 simplicem
624 3347 682 3386 esse
711 3327 808 3406 potius
838 3325 1013 3404 minimeque
1033 3319 1160 3384 omnium
1183 3324 1308 3404 speciem

77 3410 339 3504 mmmcmlii)
376 3423 546 3506 ingreditur
572 3425 611 3484 ita
640 3423 767 3508 Socrates
790 3424 833 3485 'de
860 3423 1106 3482 immutabilitate
1133 3422 1187 3480 Dei
1207 3442 1239 3479 ae
1257 3445 1307 3480 ee-

77 3529 210 3582 racitate
249 3521 364 3583 dicere:
406 3536 554 3603 utramque
591 3537 685 3584 autem
719 3544 735 3582 e
768 3521 889 3606 divinae
919 3532 1038 3580 naturae
1067 3518 1166 3578 indole
1193 3522 1306 3602 repetit.

80 3620 278 3701 «Quidquid,
298 3623 358 3698 ait,
379 3621 502 3703 speciem
519 3633 611 3681 mutat
629 3642 728 3704 suam,
760 3619 807 3681 vel
826 3641 878 3702 per
897 3631 983 3700 semet
1003 3619 1097 3700 ipsum
1115 3617 1306 3696 intrinsecus,

76 3718 127 3778 vel
153 3720 331 3780 extrinsecus
356 3719 394 3779 ab
409 3719 478 3779 'alio
504 3733 640 3782 mutatur.
682 3719 767 3805 Quod
794 3740 861 3782 vero
889 3718 995 3809 optime
1013 3737 1042 3777 se
1060 3715 1167 3793 babet,
1186 3717 1306 3778 minime

111 4033 137 4100 1)
155 4037 193 4090 Dc
208 4041 271 4109 liep.
286 4041 315 4092 ll.
332 4039 384 4092 3⁷9
396 4039 425 4096 G.
440 4068 475 4080 -
489 4038 540 4094 380
557 4037 587 4095 G.

83 4164 87 4171 .
108 4120 137 4187 2)
157 4122 209 4176 Cic.
227 4125 534 4181 ueNu.Dm.111.34.

109 4207 139 4275 3)
156 4209 244 4280 Nuper
263 4211 297 4265 de
314 4211 446 4278 hocloco,
462 4213 488 4264 ia
507 4213 576 4266 omni
590 4205 724 4283 theologia
738 4209 907 4282 gravissime,
922 4202 1033 4280 'elegans
1054 4207 1123 4277 apud
1141 4224 1190 4260 noe
1208 4205 1305 4276 prodiit

75 4298 223 4367 disquisitio
237 4300 263 4350 J.
278 4299 311 4350 H.
329 4298 493 4352 sctotecm·
511 4300 541 4351 de
556 4298 605 4351 Dei
622 4314 682 4366 erqo
701 4298 819 4351 braduam
839 4313 931 4350 amore·
949 4295 1016 4359 Trai.
1031 4294 1063 4347 ud
1075 4293 1123 4346 llh.
1140 4292 1214 4346 ¹836.

63 4454 66 4458 ,
109 4381 136 4448 b)
154 4385 253 4453 Euam.
273 4385 358 4437 bacae
370 4383 455 4447 xvtlt.
473 4382 514 4436 19.

110 4471 137 4534 s)
156 4472 194 4522 m
207 4472 269 4541 aq.
284 4472 312 4523 11.
328 4468 379 4522 seo
392 4469 423 4523 u.
