2796 5048
620 236 687 296 209

80 398 143 463 Nec'
152 386 232 464 ‘tero
250 402 311 484 ipse
330 400 466 460 Horatius
483 419 499 456 a
519 396 624 458 studiis
647 397 775 458 Platonis
793 410 822 457 et
839 395 1046 459 Socraticorum
1063 401 1176 463 alienus
1196 410 1283 464 erat(

58 494 150 565 lauit
167 499 239 560 hinc
256 497 335 557 idem
355 509 383 557 et
401 497 468 557 aliis
487 495 681 557 hauriendum
701 496 833 579 putarit:

71 590 246 683 'fidendi
262 607 360 671 reete,
381 616 484 681 rapere
504 605 549 654 ert
567 605 596 654 et
610 602 799 674 principium
816 603 846 653 et
853 597 947 670 form

62 724 65 731 ·
89 694 163 757 Rern
181 699 237 756 tibi
267 695 524 759 Socraticae
549 703 693 772 poterunt
710 694 861 752 ostendere
880 692 1013 757 channe.
1037 694 1066 776 l)

64 788 110 857 dd
134 795 166 855 in
194 794 342 855 Ciceronis
368 788 515 867 oiatione,
546 789 597 850 ubi
624 791 661 853 de
689 789 784 850 laudis
813 791 975 870 gloriaeque
993 793 1106 869 studio,
1137 793 1173 856 de
1198 791 1282 858 tite-⁸

67 910 144 955 urum
170 914 284 967 amore,
304 889 341 951 de
358 892 389 951 ri
407 890 509 950 horum
527 888 688 950 studiorum
706 888 744 948 ad
764 889 840 949 ritae
859 891 1028 951 suavitatem
1045 888 1268 974 felicitatemque

71 990 131 1071 egit,
147 992 213 1073 quis
237 1005 297 1066 est,
317 989 390 1069 quin
417 985 487 1046 haec
514 987 612 1067 legens
631 987 722 1070 ipsius
741 986 883 1063 Phaedri,
904 985 1063 1048 alacerrimi
1077 992 1214 1068 juvenis,
1234 994 1268 1054 in

72 1084 197 1153 librorum
214 1088 310 1149 studia
327 1080 458 1146 ardoreui
476 1098 627 1166 agnoscat,
648 1099 731 1163 atque
752 1083 850 1145 eodem
870 1084 968 1146 videat
986 1100 1124 1147 oratorem
1143 1090 1276 1155 arderet·

59 1184 134 1261 Quid
148 1185 183 1246 tle
200 1186 350 1268 Symposio
368 1184 481 1258 dicant,
502 1203 559 1263 quo
577 1183 610 1241 in
628 1183 730 1263 primis
745 1183 826 1242 Plato
843 1183 1065 1246 immortalitatis
1082 1206 1178 1267 spem,
1196 1209 1269 1268 quae

73 1280 109 1345 his
128 1284 226 1346 studiis
254 1285 362 1358 alitur,
392 1282 557 1362 expressit?
591 1281 696 1339 Nonne
722 1280 810 1340 refert
834 1278 922 1361 plane
949 1280 1085 1343 divinum
1112 1305 1269 1347 sermonem

73 1378 140 1441 lton
161 1382 231 1443 haec
259 1380 407 1442 Ciceronis
435 1380 602 1451 sententia?
646 1378 683 1438 Si
710 1379 792 1437 nihii
810 1386 932 1438 animur
948 1389 1152 1457 persentiret
1168 1390 1203 1442 in
1221 1406 1268 1462 po·

73 1486 184 1557 mare,
204 1491 235 1541 et
253 1487 300 1554 ei,
321 1481 429 1558 quidue
457 1479 632 1557 regionibus
659 1486 740 1535 ritae
770 1484 903 1555 epatium
924 1479 1189 1558 circumscriptum
1207 1495 1269 1559 eet,

73 1579 156 1637 Meni
181 1601 278 1638 omnen
305 1585 501 1658 cogitationes
529 1582 712 1635 terminaret
740 1596 811 1634 tuae
820 1595 834 1646 ;
856 1597 908 1633 nec
938 1586 1034 1637 tantis
1063 1600 1093 1639 te
1121 1581 1271 1643 Motibus

68 1675 214 1758 frangeret
224 1723 232 1752 ,
252 1698 347 1756 neque
374 1685 418 1735 tot
435 1683 520 1733 curie
539 1677 715 1765 vigiliisque
734 1685 918 1754 angeretur,
938 1658 1031 1755 neqiee
1050 1685 1136 1737 toties
1151 1680 1186 1737 de
1205 1688 1270 1739 rita

73 1776 128 1849 ipre
142 1779 308 1835 dimicaret.
352 1772 440 1832 Nune
456 1774 569 1832 ineidat
587 1775 732 1852 quaedam
752 1780 786 1830 in
805 1780 912 1850 optimo
929 1795 1041 1853 queque
1058 1783 1176 1852 virtue,
1196 1801 1272 1858 quae

73 1881 151 1955 taeter
178 1872 207 1933 e't
232 1876 295 1935 diae
322 1880 459 1931 animum
484 1873 602 1952 gloriae
628 1873 762 1930 stimulis
785 1879 916 1930 amentor
933 1881 1022 1951 atque
1038 1876 1192 1952 admonet,
1212 1901 1270 1939 aon

72 1980 219 2032 eumeitae
240 1984 369 2057 ternpore
389 1992 449 2029 esee
466 1971 677 2029 dimittendam
695 1977 999 2037 rememorationem
1015 1980 1145 2032 neminie
1158 1985 1272 2054 nestri,

73 2069 113 2126 eti
136 2093 203 2130 eum·
217 2079 298 2130 mani
313 2077 490 2149 posteritate
508 2070 743 2147 adaequandum.
765 2065 796 2148 2)
836 2069 901 2127 Non
921 2067 987 2128 dico
997 2115 1006 2144 ,
1027 2084 1185 2134 mutuatum
1202 2075 1272 2136 haec

74 2180 120 2225 ttae
136 2191 150 2228 a
167 2171 286 2230 Platone
305 2169 488 2243 Ciceronem,
510 2181 542 2227 ut
560 2168 687 2227 rhetores
715 2164 826 2242 solent,
847 2189 903 2246 quo
922 2167 1031 2228 scilicet
1051 2186 1165 2231 ornaret
1183 2174 1273 2235 orati·

76 2279 140 2324 onem
165 2288 264 2344 suam,
288 2266 339 2326 sed
367 2267 499 2348 apueris
519 2266 570 2325 ille
590 2279 690 2346 captus
708 2264 836 2323 Platonis
855 2286 966 2340 amore,
987 2267 1027 2325 sie
1043 2282 1136 2329 autem
1154 2287 1254 2353 captus
1264 2319 1273 2348 ,

77 2371 116 2436 ¹11,
132 2368 223 2445 prouti
244 2365 392 2425 Phaedrus
420 2365 551 2444 Lysiam,
573 2365 612 2423 ita
642 2365 702 2444 ipse
725 2363 871 2422 Platonem
898 2364 1049 2442 omnibus,
1070 2366 1120 2446 qui
1147 2390 1272 2449 unquam

79 2452 193 2523 literant
222 2448 450 2545 scripserantve,
481 2474 686 2549 anteponeret,
712 2463 854 2539 daremus
876 2464 1115 2541 philosophorum
1141 2485 1273 2545 vocarm,

81 2573 155 2635 quun
181 2562 214 2622 in
244 2562 332 2640 hujus
359 2581 387 2620 se
416 2559 562 2639 cogitandi
592 2558 796 2637 scribendique
823 2561 963 2620 rationem
991 2563 1030 2620 sic
1060 2564 1274 2644 insinuaverat,

83 2660 238 2737 ttcolorem
268 2659 339 2719 inde
366 2657 475 2717 inscius
503 2658 535 2715 in
565 2657 642 2716 omni
673 2657 827 2737 scriptione
860 2656 994 2718 duceret:
1024 2661 1073 2738 qui
1099 2685 1167 2722 sane
1196 2667 1275 2726 color

85 2749 182 2819 ‘tatonis
210 2771 352 2818 amantem
377 2771 438 2816 tum
457 2755 582 2815 advertit
600 2755 743 2831 maxime,
764 2754 814 2813 ubi
831 2756 1074 2817 minime-imitari
1094 2761 1193 2821 Cicero
1211 2764 1273 2823 Pla·

87 2866 152 2914 tnem
177 2857 303 2918 videtur.
344 2856 444 2934 ltaque
473 2875 538 2913 cum
569 2854 601 2912 in
619 2853 671 2912 hac
691 2853 727 2913 de
748 2853 840 2913 literis
856 2853 1099 2936 humanitatisque
1118 2857 1275 2941 disciplina

89 2953 182 3015 ratione
221 2951 370 3015 Platonem
408 2953 547 3033 expressit
576 2973 676 3027 suum,
706 2965 767 3011 tum
793 2950 877 3011 libris
906 2951 943 3012 de
971 2944 1133 3035 eloquentia
1161 2960 1277 3040 scriptis

92 3044 163 3131 itlogi
190 3053 342 3136 usurparit
370 3052 489 3111 formam
501 3097 509 3126 ,
539 3051 646 3131 quippe
674 3071 746 3130 quae
774 3063 922 3133 tantopere
945 3053 1000 3133 ipsi
1024 3055 1056 3113 in
1073 3056 1192 3118 Platone
1208 3058 1276 3140 pla-

92 3161 172 3227 terat,
202 3167 264 3212 tum
293 3173 361 3211 vero
388 3163 416 3209 et
444 3151 477 3209 in
506 3149 551 3208 his
580 3149 698 3229 primis,
729 3170 800 3228 quos
828 3151 959 3231 scripsit,
980 3151 1102 3234 dialogis
1120 3168 1147 3213 et
1166 3155 1198 3215 in
1221 3157 1276 3233 iis,

91 3240 177 3309 athos
195 3249 341 3310 consecuti
360 3262 442 3322 sunt,
464 3247 609 3307 Phaedrus
626 3248 681 3329 ipsi
701 3246 831 3328 dialogus
848 3250 1001 3330 praecipue
1020 3251 1057 3311 ob
1071 3268 1193 3313 mentem
1212 3276 1275 3315 rer-

89 3347 133 3398 ¹²1¹s
146 3412 150 3419 ‚
163 3369 220 3408 esse
248 3348 376 3408 ridetur.
418 3345 505 3405 Unde
525 3345 576 3428 illa
595 3347 734 3406 continuo
746 3341 765 3403 :⁴
795 3367 858 3405 eur
871 3369 928 3405 non
948 3355 1127 3425 imitamur,
1150 3351 1274 3430 Graeca,

85 3429 210 3506 litatem
237 3449 346 3521 illum,
378 3453 430 3524 qui
460 3454 503 3504 est
533 3452 567 3502 in
596 3445 736 3505 Phaedro
766 3445 929 3504 Platonis?
950 3444 982 3525 3)
1020 3462 1047 3507 et
1074 3451 1194 3507 nullum
1222 3453 1273 3512 hec

81 3535 205 3608 ‘tideus
224 3548 346 3623 flumen
376 3552 489 3625 attigi:
511 3541 543 3622 4)
593 3542 751 3602 Fibrenum
780 3543 964 3623 significans,
983 3565 1079 3622 ‚quem
1098 3567 1163 3606 eum
1191 3548 1274 3610 Ilisso

73 3630 183 3704 tutan,
215 3659 275 3704 tum
305 3665 373 3703 vero
403 3665 531 3722 quercus
561 3641 614 3701 illa
626 3687 634 3715 ,
665 3662 738 3720 quae
769 3640 853 3700 nobis
887 3641 1038 3722 platanum
1070 3645 1158 3705 refert
1186 3647 1273 3728 plane

66 3725 160 3797 tulis
190 3742 322 3802 diffusam
351 3743 455 3818 ramis,
476 3762 561 3821 quam
580 3763 639 3799 non
660 3752 718 3798 tam
736 3737 797 3819 ipsi
817 3738 940 3817 aquuli,
956 3761 1046 3818 quam
1063 3741 1190 3804 Platonis
1208 3766 1275 3805 ora·

60 3829 102 3878 '³⁸
137 3841 273 3899 crevisse
292 3839 436 3900 censebat.
459 3838 490 3919 5)
531 3839 684 3920 Artigimus
702 3836 771 3896 haec
791 3857 894 3916 supra,
917 3834 948 3916 6)
977 3837 1027 3897 sed
1044 3840 1147 3900 iterum
1166 3841 1275 3902 viden-

58 3928 312 3970 &—
1035 3930 1040 3944 .

58 3980 75 4047 υ
90 3999 195 4066 End.
212 4032 252 4067 vs.
270 4013 329 4066 309.

58 4065 71 4131 l
87 4083 189 4153 Cia.
204 4118 253 4169 pre
268 4101 365 4151 Areua
382 4117 404 4152 c.
430 4099 470 4150 tr.

58 4151 71 4216 t}
85 4168 172 4238 De
189 4188 260 4238 Orat.
277 4185 296 4237 l.
315 4176 355 4236 ‘if

58 4235 69 4330 :l
84 4252 172 4323 122
187 4272 259 4340 aa,
277 4271 308 4322 u.
326 4269 350 4322 a.

58 4319 68 4383 l
85 4337 172 4407 De
189 4358 258 4414 Ortd·
276 4356 327 4408 hl.

58 4403 68 4469 i
86 4421 210 4494 ¹’uitia
225 4461 252 4510 p.
264 4443 304 4494 Π.
