<?xml version="1.0" encoding="UTF-8"?>
<!DOCTYPE html PUBLIC "-//W3C//DTD XHTML 1.0 Transitional//EN"
    "http://www.w3.org/TR/xhtml1/DTD/xhtml1-transitional.dtd">
<html xmlns="http://www.w3.org/1999/xhtml" xml:lang="en" lang="en">
 <head>
  <title>
</title>
<meta http-equiv="Content-Type" content="text/html;charset=utf-8" />
  <meta name='ocr-system' content='tesseract 3.04.00' />
  <meta name='ocr-capabilities' content='ocr_page ocr_carea ocr_par ocr_line ocrx_word'/>
</head>
<body>
  <div class='ocr_page' id='page_1' title='image "./initiaphilosoph00heusgoog_0221.png"; bbox 0 0 2774 5048; ppageno 0'>
   <div class='ocr_carea' id='block_1_1' title="bbox 665 237 721 297">
    <p class='ocr_par' dir='ltr' id='par_1_1' title="bbox 665 237 721 297">
     <span class='ocr_line' id='line_1_1' title="bbox 665 237 721 297; baseline 0.036 -3"><span class='ocrx_word' id='word_1_1' title='bbox 665 237 721 297; x_wconf 89' lang='grc'><strong>178</strong></span> 
     </span>
    </p>
   </div>
   <div class='ocr_carea' id='block_1_2' title="bbox 74 395 1280 4302">
    <p class='ocr_par' dir='ltr' id='par_1_2' title="bbox 84 395 1280 577">
     <span class='ocr_line' id='line_1_2' title="bbox 85 395 1280 478; baseline -0.004 -20"><span class='ocrx_word' id='word_1_2' title='bbox 85 399 227 473; x_wconf 88' lang='lat' dir='ltr'><strong>absurdo,</strong></span> <span class='ocrx_word' id='word_1_3' title='bbox 250 413 280 457; x_wconf 90' lang='lat' dir='ltr'><strong>ut</strong></span> <span class='ocrx_word' id='word_1_4' title='bbox 301 398 433 472; x_wconf 83' lang='lat' dir='ltr'><strong>videtur,</strong></span> <span class='ocrx_word' id='word_1_5' title='bbox 454 419 483 455; x_wconf 89' lang='lat' dir='ltr'><strong>sc</strong></span> <span class='ocrx_word' id='word_1_6' title='bbox 512 397 589 455; x_wconf 88' lang='lat' dir='ltr'>nihil</span> <span class='ocrx_word' id='word_1_7' title='bbox 616 401 778 478; x_wconf 75' lang='lat' dir='ltr'>scripsisse,</span> <span class='ocrx_word' id='word_1_8' title='bbox 799 419 871 477; x_wconf 89' lang='lat' dir='ltr'><strong>quac</strong></span> <span class='ocrx_word' id='word_1_9' title='bbox 892 419 958 458; x_wconf 87' lang='lat' dir='ltr'><strong>vero</strong></span> <span class='ocrx_word' id='word_1_10' title='bbox 979 397 1069 477; x_wconf 84' lang='lat' dir='ltr'><strong>ipsius</strong></span> <span class='ocrx_word' id='word_1_11' title='bbox 1099 395 1216 455; x_wconf 76' lang='lat' dir='ltr'><strong>nominc</strong></span> <span class='ocrx_word' id='word_1_12' title='bbox 1242 395 1280 454; x_wconf 83' lang='lat' dir='ltr'><strong>fer</strong></span> 
     </span>
     <span class='ocr_line' id='line_1_3' title="bbox 84 493 1227 577; baseline -0.003 -21"><span class='ocrx_word' id='word_1_13' title='bbox 84 512 202 572; x_wconf 91' lang='lat' dir='ltr'><strong>rentur,</strong></span> <span class='ocrx_word' id='word_1_14' title='bbox 223 497 346 556; x_wconf 87' lang='lat' dir='ltr'><strong>Socratis</strong></span> <span class='ocrx_word' id='word_1_15' title='bbox 365 517 442 570; x_wconf 92' lang='lat' dir='ltr'><strong>esse,</strong></span> <span class='ocrx_word' id='word_1_16' title='bbox 464 495 687 555; x_wconf 79' lang='lat' dir='ltr'><strong>existimandum</strong></span> <span class='ocrx_word' id='word_1_17' title='bbox 707 499 759 571; x_wconf 92' lang='lat' dir='ltr'><strong>sit,</strong></span> <span class='ocrx_word' id='word_1_18' title='bbox 781 511 876 577; x_wconf 87' lang='lat' dir='ltr'><strong>pateat</strong></span> <span class='ocrx_word' id='word_1_19' title='bbox 891 499 952 574; x_wconf 88' lang='lat' dir='ltr'><strong>jam</strong></span> <span class='ocrx_word' id='word_1_20' title='bbox 972 495 1057 554; x_wconf 90' lang='lat' dir='ltr'><strong>nobis</strong></span> <span class='ocrx_word' id='word_1_21' title='bbox 1077 493 1227 553; x_wconf 80' lang='lat' dir='ltr'><strong>facillime.</strong></span> 
     </span>
    </p>

    <p class='ocr_par' dir='ltr' id='par_1_3' title="bbox 74 592 1280 3985">
     <span class='ocr_line' id='line_1_4' title="bbox 124 592 1280 675; baseline -0.003 -21"><span class='ocrx_word' id='word_1_22' title='bbox 124 596 193 655; x_wconf 90' lang='lat' dir='ltr'><strong>Erat</strong></span> <span class='ocrx_word' id='word_1_23' title='bbox 211 595 263 654; x_wconf 93' lang='lat' dir='ltr'><strong>boc</strong></span> <span class='ocrx_word' id='word_1_24' title='bbox 285 595 393 654; x_wconf 89' lang='lat' dir='ltr'><strong>Socrati</strong></span> <span class='ocrx_word' id='word_1_25' title='bbox 413 595 559 675; x_wconf 92' lang='lat' dir='ltr'><strong>proprium</strong></span> <span class='ocrx_word' id='word_1_26' title='bbox 570 608 632 667; x_wconf 77' lang='lat' dir='ltr'><strong>,ut</strong></span> <span class='ocrx_word' id='word_1_27' title='bbox 652 596 704 654; x_wconf 80' lang='lat' dir='ltr'><strong>vix</strong></span> <span class='ocrx_word' id='word_1_28' title='bbox 722 596 880 674; x_wconf 83' lang='lat' dir='ltr'><strong>quidquam</strong></span> <span class='ocrx_word' id='word_1_29' title='bbox 899 594 955 653; x_wconf 92' lang='lat' dir='ltr'><strong>sibi</strong></span> <span class='ocrx_word' id='word_1_30' title='bbox 975 592 1187 674; x_wconf 85' lang='lat' dir='ltr'><strong>perficiendum</strong></span> <span class='ocrx_word' id='word_1_31' title='bbox 1210 592 1280 651; x_wconf 83' lang='lat' dir='ltr'><strong>susci</strong></span> 
     </span>
     <span class='ocr_line' id='line_1_5' title="bbox 82 690 1280 775; baseline -0.003 -23"><span class='ocrx_word' id='word_1_32' title='bbox 82 707 180 775; x_wconf 87' lang='lat' dir='ltr'><strong>perot,</strong></span> <span class='ocrx_word' id='word_1_33' title='bbox 200 692 349 773; x_wconf 87' lang='lat' dir='ltr'><strong>perliceret</strong></span> <span class='ocrx_word' id='word_1_34' title='bbox 365 706 459 751; x_wconf 87' lang='lat' dir='ltr'><strong>autem</strong></span> <span class='ocrx_word' id='word_1_35' title='bbox 479 693 643 772; x_wconf 84' lang='lat' dir='ltr'><strong>gravissima</strong></span> <span class='ocrx_word' id='word_1_36' title='bbox 663 694 767 752; x_wconf 90' lang='lat' dir='ltr'><strong>omnia.</strong></span> <span class='ocrx_word' id='word_1_37' title='bbox 815 693 937 752; x_wconf 87' lang='lat' dir='ltr'><strong>Infinita</strong></span> <span class='ocrx_word' id='word_1_38' title='bbox 960 711 1080 751; x_wconf 89' lang='lat' dir='ltr'><strong>numero</strong></span> <span class='ocrx_word' id='word_1_39' title='bbox 1110 704 1140 749; x_wconf 89' lang='lat' dir='ltr'><strong>et</strong></span> <span class='ocrx_word' id='word_1_40' title='bbox 1167 690 1280 749; x_wconf 86' lang='lat' dir='ltr'><strong>varietat</strong></span> 
     </span>
     <span class='ocr_line' id='line_1_6' title="bbox 82 787 1280 872; baseline -0.003 -23"><span class='ocrx_word' id='word_1_41' title='bbox 82 790 243 849; x_wconf 84' lang='lat' dir='ltr'><strong>edebantur</strong></span> <span class='ocrx_word' id='word_1_42' title='bbox 262 791 322 868; x_wconf 76' lang='lat' dir='ltr'><strong>eius</strong></span> <span class='ocrx_word' id='word_1_43' title='bbox 339 802 429 848; x_wconf 90' lang='lat' dir='ltr'><strong>aetate</strong></span> <span class='ocrx_word' id='word_1_44' title='bbox 449 789 685 870; x_wconf 92' lang='lat' dir='ltr'><strong>philosophorum</strong></span> <span class='ocrx_word' id='word_1_45' title='bbox 708 792 955 872; x_wconf 88' lang='lat' dir='ltr'><strong>sophistarumque</strong></span> <span class='ocrx_word' id='word_1_46' title='bbox 975 791 1100 870; x_wconf 88' lang='lat' dir='ltr'><strong>scripta,</strong></span> <span class='ocrx_word' id='word_1_47' title='bbox 1120 788 1228 867; x_wconf 89' lang='lat' dir='ltr'><strong>quibus</strong></span> <span class='ocrx_word' id='word_1_48' title='bbox 1252 787 1280 847; x_wconf 87' lang='lat' dir='ltr'><strong>in</strong></span> 
     </span>
     <span class='ocr_line' id='line_1_7' title="bbox 82 884 1280 970; baseline -0.003 -22"><span class='ocrx_word' id='word_1_49' title='bbox 82 891 197 969; x_wconf 87' lang='lat' dir='ltr'><strong>genium</strong></span> <span class='ocrx_word' id='word_1_50' title='bbox 225 889 448 970; x_wconf 82' lang='lat' dir='ltr'><strong>sapientiamque</strong></span> <span class='ocrx_word' id='word_1_51' title='bbox 476 909 555 946; x_wconf 90' lang='lat' dir='ltr'><strong>suam</strong></span> <span class='ocrx_word' id='word_1_52' title='bbox 581 890 708 969; x_wconf 87' lang='lat' dir='ltr'><strong>stupenti</strong></span> <span class='ocrx_word' id='word_1_53' title='bbox 735 890 920 950; x_wconf 87' lang='lat' dir='ltr'><strong>multitudini</strong></span> <span class='ocrx_word' id='word_1_54' title='bbox 950 887 1099 948; x_wconf 89' lang='lat' dir='ltr'><strong>ostendere</strong></span> <span class='ocrx_word' id='word_1_55' title='bbox 1127 900 1156 946; x_wconf 92' lang='lat' dir='ltr'><strong>et</strong></span> <span class='ocrx_word' id='word_1_56' title='bbox 1182 884 1280 966; x_wconf 80' lang='lat' dir='ltr'><strong>prober</strong></span> 
     </span>
     <span class='ocr_line' id='line_1_8' title="bbox 82 984 1280 1067; baseline -0.003 -21"><span class='ocrx_word' id='word_1_57' title='bbox 82 987 253 1047; x_wconf 90' lang='lat' dir='ltr'><strong>studebant:</strong></span> <span class='ocrx_word' id='word_1_58' title='bbox 284 987 344 1066; x_wconf 92' lang='lat' dir='ltr'><strong>ipse</strong></span> <span class='ocrx_word' id='word_1_59' title='bbox 370 985 511 1045; x_wconf 89' lang='lat' dir='ltr'><strong>scribebat</strong></span> <span class='ocrx_word' id='word_1_60' title='bbox 539 986 625 1046; x_wconf 87' lang='lat' dir='ltr'><strong>nihil.</strong></span> <span class='ocrx_word' id='word_1_61' title='bbox 667 987 828 1047; x_wconf 88' lang='lat' dir='ltr'><strong>Resonabat</strong></span> <span class='ocrx_word' id='word_1_62' title='bbox 852 986 981 1067; x_wconf 90' lang='lat' dir='ltr'><strong>quotidie</strong></span> <span class='ocrx_word' id='word_1_63' title='bbox 1006 987 1102 1045; x_wconf 84' lang='lat' dir='ltr'><strong>forum</strong></span> <span class='ocrx_word' id='word_1_64' title='bbox 1120 984 1280 1067; x_wconf 88' lang='lat' dir='ltr'><strong>politicorur</strong></span> 
     </span>
     <span class='ocr_line' id='line_1_9' title="bbox 81 1079 1280 1166; baseline -0.003 -22"><span class='ocrx_word' id='word_1_65' title='bbox 81 1086 229 1146; x_wconf 88' lang='lat' dir='ltr'><strong>hominum</strong></span> <span class='ocrx_word' id='word_1_66' title='bbox 249 1084 445 1158; x_wconf 89' lang='lat' dir='ltr'><strong>orationibus,</strong></span> <span class='ocrx_word' id='word_1_67' title='bbox 466 1084 571 1163; x_wconf 92' lang='lat' dir='ltr'><strong>quibus</strong></span> <span class='ocrx_word' id='word_1_68' title='bbox 589 1084 626 1144; x_wconf 90' lang='lat' dir='ltr'><strong>ad</strong></span> <span class='ocrx_word' id='word_1_69' title='bbox 644 1107 766 1146; x_wconf 93' lang='lat' dir='ltr'><strong>summos</strong></span> <span class='ocrx_word' id='word_1_70' title='bbox 781 1088 813 1147; x_wconf 94' lang='lat' dir='ltr'><strong>in</strong></span> <span class='ocrx_word' id='word_1_71' title='bbox 837 1085 986 1166; x_wconf 82' lang='lat' dir='ltr'><strong>republica</strong></span> <span class='ocrx_word' id='word_1_72' title='bbox 1001 1084 1180 1145; x_wconf 85' lang='lat' dir='ltr'><strong>auctoritatis</strong></span> <span class='ocrx_word' id='word_1_73' title='bbox 1199 1079 1280 1162; x_wconf 80' lang='lat' dir='ltr'><strong>gradi</strong></span> 
     </span>
     <span class='ocr_line' id='line_1_10' title="bbox 82 1182 1280 1264; baseline -0.003 -23"><span class='ocrx_word' id='word_1_74' title='bbox 82 1182 292 1242; x_wconf 88' lang='lat' dir='ltr'><strong>escendebant:</strong></span> <span class='ocrx_word' id='word_1_75' title='bbox 313 1182 391 1262; x_wconf 86' lang='lat' dir='ltr'><strong>ipse,</strong></span> <span class='ocrx_word' id='word_1_76' title='bbox 417 1183 473 1242; x_wconf 91' lang='lat' dir='ltr'><strong>nisi</strong></span> <span class='ocrx_word' id='word_1_77' title='bbox 500 1197 630 1258; x_wconf 87' lang='lat' dir='ltr'><strong>coactus,</strong></span> <span class='ocrx_word' id='word_1_78' title='bbox 651 1204 800 1263; x_wconf 90' lang='lat' dir='ltr'><strong>nunquam</strong></span> <span class='ocrx_word' id='word_1_79' title='bbox 828 1184 943 1243; x_wconf 90' lang='lat' dir='ltr'><strong>dicebat</strong></span> <span class='ocrx_word' id='word_1_80' title='bbox 970 1183 1098 1264; x_wconf 77' lang='lat' dir='ltr'><strong>publice.</strong></span> <span class='ocrx_word' id='word_1_81' title='bbox 1140 1183 1219 1255; x_wconf 88' lang='lat' dir='ltr'><strong>Quae</strong></span> <span class='ocrx_word' id='word_1_82' title='bbox 1244 1182 1280 1258; x_wconf 84' lang='lat' dir='ltr'><strong>qu</strong></span> 
     </span>
     <span class='ocr_line' id='line_1_11' title="bbox 81 1277 1280 1361; baseline -0.002 -22"><span class='ocrx_word' id='word_1_83' title='bbox 81 1283 176 1341; x_wconf 90' lang='lat' dir='ltr'><strong>minus</strong></span> <span class='ocrx_word' id='word_1_84' title='bbox 194 1280 412 1361; x_wconf 82' lang='lat' dir='ltr'><strong>aggrederetur,</strong></span> <span class='ocrx_word' id='word_1_85' title='bbox 434 1302 492 1340; x_wconf 91' lang='lat' dir='ltr'><strong>non</strong></span> <span class='ocrx_word' id='word_1_86' title='bbox 511 1281 714 1361; x_wconf 61' lang='lat' dir='ltr'><strong>intempestivi</strong></span> <span class='ocrx_word' id='word_1_87' title='bbox 732 1283 911 1342; x_wconf 88' lang='lat' dir='ltr'><strong>retinebatur</strong></span> <span class='ocrx_word' id='word_1_88' title='bbox 935 1278 1097 1354; x_wconf 71' lang='lat' dir='ltr'><strong>modestia,</strong></span> <span class='ocrx_word' id='word_1_89' title='bbox 1118 1298 1192 1358; x_wconf 89' lang='lat' dir='ltr'><strong>quae</strong></span> <span class='ocrx_word' id='word_1_90' title='bbox 1210 1277 1280 1338; x_wconf 73' lang='lat' dir='ltr'><strong>citer</strong></span> 
     </span>
     <span class='ocr_line' id='line_1_12' title="bbox 81 1375 1280 1461; baseline 0.001 -23"><span class='ocrx_word' id='word_1_91' title='bbox 81 1379 219 1439; x_wconf 90' lang='lat' dir='ltr'><strong>dedecet:</strong></span> <span class='ocrx_word' id='word_1_92' title='bbox 249 1379 472 1458; x_wconf 86' lang='lat' dir='ltr'><strong>quotiescunque</strong></span> <span class='ocrx_word' id='word_1_93' title='bbox 493 1379 583 1460; x_wconf 91' lang='lat' dir='ltr'><strong>ipsius</strong></span> <span class='ocrx_word' id='word_1_94' title='bbox 603 1400 701 1439; x_wconf 82' lang='lat' dir='ltr'><strong>vocem</strong></span> <span class='ocrx_word' id='word_1_95' title='bbox 722 1379 885 1461; x_wconf 89' lang='lat' dir='ltr'><strong>postulabat</strong></span> <span class='ocrx_word' id='word_1_96' title='bbox 903 1377 1080 1459; x_wconf 88' lang='lat' dir='ltr'><strong>respublica,</strong></span> <span class='ocrx_word' id='word_1_97' title='bbox 1103 1378 1147 1437; x_wconf 90' lang='lat' dir='ltr'><strong>uti</strong></span> <span class='ocrx_word' id='word_1_98' title='bbox 1163 1375 1216 1436; x_wconf 93' lang='lat' dir='ltr'><strong>illo</strong></span> <span class='ocrx_word' id='word_1_99' title='bbox 1232 1389 1280 1439; x_wconf 65' lang='lat' dir='ltr'><strong>tell</strong></span> 
     </span>
     <span class='ocr_line' id='line_1_13' title="bbox 81 1474 1280 1558; baseline -0.003 -23"><span class='ocrx_word' id='word_1_100' title='bbox 81 1499 167 1557; x_wconf 89' lang='lat' dir='ltr'><strong>pore,</strong></span> <span class='ocrx_word' id='word_1_101' title='bbox 187 1497 243 1555; x_wconf 91' lang='lat' dir='ltr'><strong>quo</strong></span> <span class='ocrx_word' id='word_1_102' title='bbox 262 1477 363 1534; x_wconf 90' lang='lat' dir='ltr'><strong>insana</strong></span> <span class='ocrx_word' id='word_1_103' title='bbox 393 1475 605 1551; x_wconf 89' lang='lat' dir='ltr'><strong>multitudo,a</strong></span> <span class='ocrx_word' id='word_1_104' title='bbox 635 1476 795 1558; x_wconf 86' lang='lat' dir='ltr'><strong>demagogis</strong></span> <span class='ocrx_word' id='word_1_105' title='bbox 823 1478 983 1550; x_wconf 84' lang='lat' dir='ltr'><strong>concitata,</strong></span> <span class='ocrx_word' id='word_1_106' title='bbox 1010 1478 1042 1536; x_wconf 92' lang='lat' dir='ltr'><strong>in</strong></span> <span class='ocrx_word' id='word_1_107' title='bbox 1071 1477 1150 1538; x_wconf 82' lang='lat' dir='ltr'><strong>cives</strong></span> <span class='ocrx_word' id='word_1_108' title='bbox 1176 1474 1280 1533; x_wconf 77' lang='lat' dir='ltr'><strong>insono</strong></span> 
     </span>
     <span class='ocr_line' id='line_1_14' title="bbox 77 1575 1280 1655; baseline -0.003 -22"><span class='ocrx_word' id='word_1_109' title='bbox 77 1575 222 1652; x_wconf 83' lang='lat' dir='ltr'><strong>judicium</strong></span> <span class='ocrx_word' id='word_1_110' title='bbox 241 1587 300 1632; x_wconf 89' lang='lat' dir='ltr'><strong>crat</strong></span> <span class='ocrx_word' id='word_1_111' title='bbox 320 1576 564 1655; x_wconf 87' lang='lat' dir='ltr'><strong>pronunciatura,</strong></span> <span class='ocrx_word' id='word_1_112' title='bbox 585 1589 645 1634; x_wconf 91' lang='lat' dir='ltr'><strong>tum</strong></span> <span class='ocrx_word' id='word_1_113' title='bbox 665 1575 716 1635; x_wconf 89' lang='lat' dir='ltr'><strong>ille</strong></span> <span class='ocrx_word' id='word_1_114' title='bbox 745 1576 777 1635; x_wconf 90' lang='lat' dir='ltr'><strong>in</strong></span> <span class='ocrx_word' id='word_1_115' title='bbox 805 1589 924 1650; x_wconf 90' lang='lat' dir='ltr'><strong>senatu,</strong></span> <span class='ocrx_word' id='word_1_116' title='bbox 945 1576 978 1634; x_wconf 91' lang='lat' dir='ltr'><strong>in</strong></span> <span class='ocrx_word' id='word_1_117' title='bbox 1002 1588 1061 1635; x_wconf 88' lang='lat' dir='ltr'><strong>tota</strong></span> <span class='ocrx_word' id='word_1_118' title='bbox 1087 1575 1206 1634; x_wconf 85' lang='lat' dir='ltr'><strong>civitate</strong></span> <span class='ocrx_word' id='word_1_119' title='bbox 1226 1586 1280 1629; x_wconf 83' lang='lat' dir='ltr'><strong>unu</strong></span> 
     </span>
     <span class='ocr_line' id='line_1_15' title="bbox 82 1671 1280 1756; baseline -0.003 -25"><span class='ocrx_word' id='word_1_120' title='bbox 82 1687 159 1747; x_wconf 90' lang='lat' dir='ltr'><strong>erat,</strong></span> <span class='ocrx_word' id='word_1_121' title='bbox 178 1673 227 1752; x_wconf 90' lang='lat' dir='ltr'><strong>qui</strong></span> <span class='ocrx_word' id='word_1_122' title='bbox 246 1671 342 1731; x_wconf 88' lang='lat' dir='ltr'><strong>dicere</strong></span> <span class='ocrx_word' id='word_1_123' title='bbox 369 1694 421 1753; x_wconf 89' lang='lat' dir='ltr'><strong>pro</strong></span> <span class='ocrx_word' id='word_1_124' title='bbox 442 1675 555 1750; x_wconf 82' lang='lat' dir='ltr'><strong>justitia</strong></span> <span class='ocrx_word' id='word_1_125' title='bbox 581 1675 707 1734; x_wconf 88' lang='lat' dir='ltr'><strong>auderet.</strong></span> <span class='ocrx_word' id='word_1_126' title='bbox 749 1675 806 1734; x_wconf 91' lang='lat' dir='ltr'><strong>Sed</strong></span> <span class='ocrx_word' id='word_1_127' title='bbox 834 1672 962 1756; x_wconf 88' lang='lat' dir='ltr'><strong>pudebat</strong></span> <span class='ocrx_word' id='word_1_128' title='bbox 990 1673 1085 1732; x_wconf 83' lang='lat' dir='ltr'><strong>virum</strong></span> <span class='ocrx_word' id='word_1_129' title='bbox 1113 1676 1280 1752; x_wconf 65' lang='lat' dir='ltr'><strong>magnumst</strong></span> 
     </span>
     <span class='ocr_line' id='line_1_16' title="bbox 81 1765 1280 1853; baseline -0.005 -26"><span class='ocrx_word' id='word_1_130' title='bbox 81 1772 169 1830; x_wconf 87' lang='lat' dir='ltr'><strong>ferme</strong></span> <span class='ocrx_word' id='word_1_131' title='bbox 189 1771 381 1850; x_wconf 85' lang='lat' dir='ltr'><strong>singularem,</strong></span> <span class='ocrx_word' id='word_1_132' title='bbox 403 1786 504 1852; x_wconf 92' lang='lat' dir='ltr'><strong>sponte</strong></span> <span class='ocrx_word' id='word_1_133' title='bbox 521 1771 559 1831; x_wconf 90' lang='lat' dir='ltr'><strong>ad</strong></span> <span class='ocrx_word' id='word_1_134' title='bbox 577 1771 736 1831; x_wconf 89' lang='lat' dir='ltr'><strong>dicendum</strong></span> <span class='ocrx_word' id='word_1_135' title='bbox 750 1772 881 1853; x_wconf 88' lang='lat' dir='ltr'><strong>prodire,</strong></span> <span class='ocrx_word' id='word_1_136' title='bbox 898 1773 980 1850; x_wconf 91' lang='lat' dir='ltr'><strong>quasi</strong></span> <span class='ocrx_word' id='word_1_137' title='bbox 998 1771 1077 1830; x_wconf 88' lang='lat' dir='ltr'><strong>solus</strong></span> <span class='ocrx_word' id='word_1_138' title='bbox 1092 1781 1165 1829; x_wconf 88' lang='lat' dir='ltr'><strong>esset</strong></span> <span class='ocrx_word' id='word_1_139' title='bbox 1183 1765 1280 1846; x_wconf 79' lang='lat' dir='ltr'><strong>dignu,</strong></span> 
     </span>
     <span class='ocr_line' id='line_1_17' title="bbox 81 1867 1279 1951; baseline -0.003 -23"><span class='ocrx_word' id='word_1_140' title='bbox 81 1871 151 1947; x_wconf 92' lang='lat' dir='ltr'><strong>qui,</strong></span> <span class='ocrx_word' id='word_1_141' title='bbox 172 1868 332 1928; x_wconf 89' lang='lat' dir='ltr'><strong>tacentibus</strong></span> <span class='ocrx_word' id='word_1_142' title='bbox 350 1870 503 1944; x_wconf 90' lang='lat' dir='ltr'><strong>omnibus,</strong></span> <span class='ocrx_word' id='word_1_143' title='bbox 523 1870 690 1930; x_wconf 88' lang='lat' dir='ltr'><strong>audiretur:</strong></span> <span class='ocrx_word' id='word_1_144' title='bbox 716 1869 844 1951; x_wconf 90' lang='lat' dir='ltr'><strong>pudebat</strong></span> <span class='ocrx_word' id='word_1_145' title='bbox 862 1871 969 1929; x_wconf 90' lang='lat' dir='ltr'><strong>imitari</strong></span> <span class='ocrx_word' id='word_1_146' title='bbox 992 1869 1054 1930; x_wconf 83' lang='lat' dir='ltr'><strong>sive</strong></span> <span class='ocrx_word' id='word_1_147' title='bbox 1076 1867 1229 1948; x_wconf 89' lang='lat' dir='ltr'><strong>sophistas,</strong></span> <span class='ocrx_word' id='word_1_148' title='bbox 1244 1876 1279 1942; x_wconf 72' lang='lat' dir='ltr'><strong>qut</strong></span> 
     </span>
     <span class='ocr_line' id='line_1_18' title="bbox 81 1951 1280 2048; baseline -0.006 -19"><span class='ocrx_word' id='word_1_149' title='bbox 81 1967 264 2029; x_wconf 83' lang='lat' dir='ltr'><strong>venditarent</strong></span> <span class='ocrx_word' id='word_1_150' title='bbox 283 1967 391 2048; x_wconf 92' lang='lat' dir='ltr'><strong>populo</strong></span> <span class='ocrx_word' id='word_1_151' title='bbox 417 1951 578 2028; x_wconf 88' lang='lat' dir='ltr'><strong>doctrinam</strong></span> <span class='ocrx_word' id='word_1_152' title='bbox 604 1991 701 2042; x_wconf 90' lang='lat' dir='ltr'><strong>suam,</strong></span> <span class='ocrx_word' id='word_1_153' title='bbox 723 1971 783 2029; x_wconf 84' lang='lat' dir='ltr'><strong>sire</strong></span> <span class='ocrx_word' id='word_1_154' title='bbox 812 1983 953 2043; x_wconf 87' lang='lat' dir='ltr'><strong>oratores,</strong></span> <span class='ocrx_word' id='word_1_155' title='bbox 975 1969 1024 2048; x_wconf 90' lang='lat' dir='ltr'><strong>qui</strong></span> <span class='ocrx_word' id='word_1_156' title='bbox 1052 1987 1154 2027; x_wconf 84' lang='lat' dir='ltr'><strong>verum</strong></span> <span class='ocrx_word' id='word_1_157' title='bbox 1176 1967 1280 2043; x_wconf 66' lang='lat' dir='ltr'><strong>justum·</strong></span> 
     </span>
     <span class='ocr_line' id='line_1_19' title="bbox 81 2064 1280 2146; baseline -0.004 -22"><span class='ocrx_word' id='word_1_158' title='bbox 81 2087 154 2144; x_wconf 91' lang='lat' dir='ltr'><strong>que,</strong></span> <span class='ocrx_word' id='word_1_159' title='bbox 173 2066 319 2146; x_wconf 89' lang='lat' dir='ltr'><strong>ipsamque</strong></span> <span class='ocrx_word' id='word_1_160' title='bbox 338 2064 544 2145; x_wconf 89' lang='lat' dir='ltr'><strong>rempublicam</strong></span> <span class='ocrx_word' id='word_1_161' title='bbox 559 2067 639 2126; x_wconf 87' lang='lat' dir='ltr'><strong>flocci</strong></span> <span class='ocrx_word' id='word_1_162' title='bbox 655 2069 806 2141; x_wconf 85' lang='lat' dir='ltr'><strong>facientes,</strong></span> <span class='ocrx_word' id='word_1_163' title='bbox 827 2066 952 2126; x_wconf 88' lang='lat' dir='ltr'><strong>dicendo</strong></span> <span class='ocrx_word' id='word_1_164' title='bbox 970 2066 1111 2125; x_wconf 86' lang='lat' dir='ltr'><strong>inservire</strong></span> <span class='ocrx_word' id='word_1_165' title='bbox 1125 2085 1193 2123; x_wconf 90' lang='lat' dir='ltr'><strong>suae</strong></span> <span class='ocrx_word' id='word_1_166' title='bbox 1208 2071 1280 2121; x_wconf 69' lang='lat' dir='ltr'><strong>aucu-</strong></span> 
     </span>
     <span class='ocr_line' id='line_1_20' title="bbox 82 2163 1280 2238; baseline -0.001 -18"><span class='ocrx_word' id='word_1_167' title='bbox 82 2164 179 2238; x_wconf 85' lang='lat' dir='ltr'><strong>ritati,</strong></span> <span class='ocrx_word' id='word_1_168' title='bbox 209 2185 275 2222; x_wconf 89' lang='lat' dir='ltr'><strong>suae</strong></span> <span class='ocrx_word' id='word_1_169' title='bbox 304 2164 440 2223; x_wconf 87' lang='lat' dir='ltr'><strong>avaritiae</strong></span> <span class='ocrx_word' id='word_1_170' title='bbox 458 2164 622 2223; x_wconf 89' lang='lat' dir='ltr'><strong>studebant.</strong></span> <span class='ocrx_word' id='word_1_171' title='bbox 664 2165 731 2224; x_wconf 84' lang='lat' dir='ltr'><strong>Esse</strong></span> <span class='ocrx_word' id='word_1_172' title='bbox 755 2165 848 2224; x_wconf 89' lang='lat' dir='ltr'><strong>bonus</strong></span> <span class='ocrx_word' id='word_1_173' title='bbox 873 2178 900 2223; x_wconf 95' lang='lat' dir='ltr'><strong>et</strong></span> <span class='ocrx_word' id='word_1_174' title='bbox 928 2163 1076 2223; x_wconf 79' lang='lat' dir='ltr'><strong>excellens</strong></span> <span class='ocrx_word' id='word_1_175' title='bbox 1096 2163 1220 2235; x_wconf 86' lang='lat' dir='ltr'><strong>virtute,</strong></span> <span class='ocrx_word' id='word_1_176' title='bbox 1237 2176 1280 2218; x_wconf 73' lang='lat' dir='ltr'><strong>mn</strong></span> 
     </span>
     <span class='ocr_line' id='line_1_21' title="bbox 82 2255 1280 2344; baseline -0.004 -24"><span class='ocrx_word' id='word_1_177' title='bbox 82 2261 195 2334; x_wconf 88' lang='lat' dir='ltr'><strong>videri,</strong></span> <span class='ocrx_word' id='word_1_178' title='bbox 217 2260 350 2332; x_wconf 83' lang='lat' dir='ltr'><strong>volebat,</strong></span> <span class='ocrx_word' id='word_1_179' title='bbox 372 2280 424 2319; x_wconf 87' lang='lat' dir='ltr'><strong>nec</strong></span> <span class='ocrx_word' id='word_1_180' title='bbox 444 2282 511 2321; x_wconf 84' lang='lat' dir='ltr'><strong>vero</strong></span> <span class='ocrx_word' id='word_1_181' title='bbox 529 2260 704 2323; x_wconf 87' lang='lat' dir='ltr'><strong>detrectabat</strong></span> <span class='ocrx_word' id='word_1_182' title='bbox 728 2264 943 2344; x_wconf 89' lang='lat' dir='ltr'><strong>rempublicam.</strong></span> <span class='ocrx_word' id='word_1_183' title='bbox 986 2264 1051 2321; x_wconf 89' lang='lat' dir='ltr'><strong>Non</strong></span> <span class='ocrx_word' id='word_1_184' title='bbox 1079 2274 1141 2321; x_wconf 88' lang='lat' dir='ltr'><strong>erat</strong></span> <span class='ocrx_word' id='word_1_185' title='bbox 1169 2255 1280 2322; x_wconf 80' lang='lat' dir='ltr'><strong>civisin</strong></span> 
     </span>
     <span class='ocr_line' id='line_1_22' title="bbox 81 2349 1280 2441; baseline 0.001 -26"><span class='ocrx_word' id='word_1_186' title='bbox 81 2371 140 2416; x_wconf 91' lang='lat' dir='ltr'><strong>tota</strong></span> <span class='ocrx_word' id='word_1_187' title='bbox 165 2359 306 2432; x_wconf 88' lang='lat' dir='ltr'><strong>civitate,</strong></span> <span class='ocrx_word' id='word_1_188' title='bbox 335 2360 384 2437; x_wconf 94' lang='lat' dir='ltr'><strong>qui</strong></span> <span class='ocrx_word' id='word_1_189' title='bbox 416 2359 524 2418; x_wconf 87' lang='lat' dir='ltr'><strong>civium</strong></span> <span class='ocrx_word' id='word_1_190' title='bbox 552 2360 637 2419; x_wconf 92' lang='lat' dir='ltr'><strong>saluti</strong></span> <span class='ocrx_word' id='word_1_191' title='bbox 665 2362 868 2441; x_wconf 87' lang='lat' dir='ltr'><strong>provehendae</strong></span> <span class='ocrx_word' id='word_1_192' title='bbox 898 2361 1073 2441; x_wconf 88' lang='lat' dir='ltr'><strong>prospiceret</strong></span> <span class='ocrx_word' id='word_1_193' title='bbox 1101 2361 1200 2439; x_wconf 81' lang='lat' dir='ltr'><strong>magis.</strong></span> <span class='ocrx_word' id='word_1_194' title='bbox 1236 2349 1280 2416; x_wconf 75' lang='lat' dir='ltr'><strong>llil</strong></span> 
     </span>
     <span class='ocr_line' id='line_1_23' title="bbox 81 2456 1280 2538; baseline 0 -24"><span class='ocrx_word' id='word_1_195' title='bbox 81 2456 257 2535; x_wconf 85' lang='lat' dir='ltr'><strong>peregrinari</strong></span> <span class='ocrx_word' id='word_1_196' title='bbox 277 2456 308 2514; x_wconf 95' lang='lat' dir='ltr'><strong>in</strong></span> <span class='ocrx_word' id='word_1_197' title='bbox 325 2456 397 2514; x_wconf 89' lang='lat' dir='ltr'><strong>alias</strong></span> <span class='ocrx_word' id='word_1_198' title='bbox 416 2470 521 2530; x_wconf 92' lang='lat' dir='ltr'><strong>terras,</strong></span> <span class='ocrx_word' id='word_1_199' title='bbox 542 2459 603 2516; x_wconf 84' lang='lat' dir='ltr'><strong>sive</strong></span> <span class='ocrx_word' id='word_1_200' title='bbox 618 2460 808 2538; x_wconf 89' lang='lat' dir='ltr'><strong>cognitionis,</strong></span> <span class='ocrx_word' id='word_1_201' title='bbox 828 2461 888 2518; x_wconf 85' lang='lat' dir='ltr'><strong>sive</strong></span> <span class='ocrx_word' id='word_1_202' title='bbox 908 2472 1057 2538; x_wconf 87' lang='lat' dir='ltr'><strong>quaestus,</strong></span> <span class='ocrx_word' id='word_1_203' title='bbox 1083 2458 1145 2518; x_wconf 83' lang='lat' dir='ltr'><strong>sive</strong></span> <span class='ocrx_word' id='word_1_204' title='bbox 1172 2456 1280 2515; x_wconf 75' lang='lat' dir='ltr'><strong>oblecta·</strong></span> 
     </span>
     <span class='ocr_line' id='line_1_24' title="bbox 78 2551 1280 2636; baseline -0.001 -26"><span class='ocrx_word' id='word_1_205' title='bbox 78 2555 167 2612; x_wconf 91' lang='lat' dir='ltr'><strong>tionis</strong></span> <span class='ocrx_word' id='word_1_206' title='bbox 185 2554 291 2633; x_wconf 77' lang='lat' dir='ltr'><strong>gratil:</strong></span> <span class='ocrx_word' id='word_1_207' title='bbox 321 2554 373 2612; x_wconf 94' lang='lat' dir='ltr'><strong>ille</strong></span> <span class='ocrx_word' id='word_1_208' title='bbox 393 2554 470 2613; x_wconf 93' lang='lat' dir='ltr'><strong>domi</strong></span> <span class='ocrx_word' id='word_1_209' title='bbox 488 2576 602 2614; x_wconf 87' lang='lat' dir='ltr'><strong>manere</strong></span> <span class='ocrx_word' id='word_1_210' title='bbox 622 2570 650 2614; x_wconf 92' lang='lat' dir='ltr'><strong>et</strong></span> <span class='ocrx_word' id='word_1_211' title='bbox 669 2579 705 2615; x_wconf 94' lang='lat' dir='ltr'><strong>ne</strong></span> <span class='ocrx_word' id='word_1_212' title='bbox 724 2578 874 2616; x_wconf 84' lang='lat' dir='ltr'><strong>excurrere</strong></span> <span class='ocrx_word' id='word_1_213' title='bbox 892 2556 1009 2636; x_wconf 87' lang='lat' dir='ltr'><strong>quidem</strong></span> <span class='ocrx_word' id='word_1_214' title='bbox 1029 2557 1120 2615; x_wconf 87' lang='lat' dir='ltr'><strong>animi</strong></span> <span class='ocrx_word' id='word_1_215' title='bbox 1146 2551 1280 2616; x_wconf 81' lang='lat' dir='ltr'><strong>causslia</strong></span> 
     </span>
     <span class='ocr_line' id='line_1_25' title="bbox 80 2652 1280 2734; baseline 0 -25"><span class='ocrx_word' id='word_1_216' title='bbox 80 2665 168 2710; x_wconf 90' lang='lat' dir='ltr'><strong>terras</strong></span> <span class='ocrx_word' id='word_1_217' title='bbox 186 2652 317 2711; x_wconf 84' lang='lat' dir='ltr'><strong>vicinas:</strong></span> <span class='ocrx_word' id='word_1_218' title='bbox 346 2655 484 2726; x_wconf 80' lang='lat' dir='ltr'><strong>arbores,</strong></span> <span class='ocrx_word' id='word_1_219' title='bbox 506 2653 638 2728; x_wconf 89' lang='lat' dir='ltr'><strong>dicebat,</strong></span> <span class='ocrx_word' id='word_1_220' title='bbox 658 2658 765 2715; x_wconf 79' lang='lat' dir='ltr'><strong>nolunt</strong></span> <span class='ocrx_word' id='word_1_221' title='bbox 784 2665 828 2713; x_wconf 85' lang='lat' dir='ltr'><strong>me</strong></span> <span class='ocrx_word' id='word_1_222' title='bbox 848 2658 1010 2734; x_wconf 81' lang='lat' dir='ltr'><strong>quidquam</strong></span> <span class='ocrx_word' id='word_1_223' title='bbox 1030 2657 1151 2729; x_wconf 57' lang='lat' dir='ltr'><strong>meere,</strong></span> <span class='ocrx_word' id='word_1_224' title='bbox 1182 2655 1230 2715; x_wconf 78' lang='lat' dir='ltr'><strong>sad</strong></span> <span class='ocrx_word' id='word_1_225' title='bbox 1244 2670 1280 2709; x_wconf 81' lang='lat' dir='ltr'><strong>tt-</strong></span> 
     </span>
     <span class='ocr_line' id='line_1_26' title="bbox 79 2747 1280 2833; baseline 0.005 -28"><span class='ocrx_word' id='word_1_226' title='bbox 79 2751 148 2806; x_wconf 83' lang='lat' dir='ltr'><strong>lunt</strong></span> <span class='ocrx_word' id='word_1_227' title='bbox 167 2757 200 2807; x_wconf 80' lang='lat' dir='ltr'><strong>r&#39;n</strong></span> <span class='ocrx_word' id='word_1_228' title='bbox 221 2753 292 2808; x_wconf 77' lang='lat' dir='ltr'><strong>urbe</strong></span> <span class='ocrx_word' id='word_1_229' title='bbox 307 2753 447 2810; x_wconf 77' lang='lat' dir='ltr'><strong>homines.</strong></span> <span class='ocrx_word' id='word_1_230' title='bbox 472 2749 501 2830; x_wconf 81' lang='lat'><strong>1)</strong></span> <span class='ocrx_word' id='word_1_231' title='bbox 521 2752 619 2831; x_wconf 88' lang='lat' dir='ltr'><strong>Itaque</strong></span> <span class='ocrx_word' id='word_1_232' title='bbox 639 2774 690 2833; x_wconf 93' lang='lat' dir='ltr'><strong>per</strong></span> <span class='ocrx_word' id='word_1_233' title='bbox 708 2768 800 2813; x_wconf 91' lang='lat' dir='ltr'><strong>totum</strong></span> <span class='ocrx_word' id='word_1_234' title='bbox 820 2753 871 2811; x_wconf 90' lang='lat' dir='ltr'><strong>ille</strong></span> <span class='ocrx_word' id='word_1_235' title='bbox 892 2752 969 2811; x_wconf 90' lang='lat' dir='ltr'><strong>diem</strong></span> <span class='ocrx_word' id='word_1_236' title='bbox 990 2753 1097 2812; x_wconf 83' lang='lat' dir='ltr'><strong>versari</strong></span> <span class='ocrx_word' id='word_1_237' title='bbox 1117 2753 1147 2811; x_wconf 92' lang='lat' dir='ltr'><strong>in</strong></span> <span class='ocrx_word' id='word_1_238' title='bbox 1168 2747 1280 2824; x_wconf 54' lang='lat' dir='ltr'><strong>torcia</strong></span> 
     </span>
     <span class='ocr_line' id='line_1_27' title="bbox 77 2847 1280 2931; baseline 0.001 -26"><span class='ocrx_word' id='word_1_239' title='bbox 77 2847 243 2928; x_wconf 90' lang='lat' dir='ltr'><strong>palaestris,</strong></span> <span class='ocrx_word' id='word_1_240' title='bbox 264 2849 419 2929; x_wconf 90' lang='lat' dir='ltr'><strong>inportu,</strong></span> <span class='ocrx_word' id='word_1_241' title='bbox 442 2849 474 2908; x_wconf 91' lang='lat' dir='ltr'><strong>in</strong></span> <span class='ocrx_word' id='word_1_242' title='bbox 493 2848 581 2923; x_wconf 88' lang='lat' dir='ltr'><strong>loeis,</strong></span> <span class='ocrx_word' id='word_1_243' title='bbox 604 2850 654 2910; x_wconf 90' lang='lat' dir='ltr'><strong>ubi</strong></span> <span class='ocrx_word' id='word_1_244' title='bbox 675 2851 794 2931; x_wconf 89' lang='lat' dir='ltr'><strong>plurimi</strong></span> <span class='ocrx_word' id='word_1_245' title='bbox 815 2850 964 2909; x_wconf 90' lang='lat' dir='ltr'><strong>adessent:</strong></span> <span class='ocrx_word' id='word_1_246' title='bbox 994 2871 1059 2908; x_wconf 90' lang='lat' dir='ltr'><strong>cum</strong></span> <span class='ocrx_word' id='word_1_247' title='bbox 1084 2849 1131 2909; x_wconf 93' lang='lat' dir='ltr'><strong>his</strong></span> <span class='ocrx_word' id='word_1_248' title='bbox 1158 2847 1280 2910; x_wconf 80' lang='lat' dir='ltr'><strong>confabo-</strong></span> 
     </span>
     <span class='ocr_line' id='line_1_28' title="bbox 77 2939 1280 3027; baseline 0.003 -26"><span class='ocrx_word' id='word_1_249' title='bbox 77 2943 131 3002; x_wconf 91' lang='lat' dir='ltr'><strong>lari</strong></span> <span class='ocrx_word' id='word_1_250' title='bbox 152 2945 187 3003; x_wconf 89' lang='lat' dir='ltr'><strong>de</strong></span> <span class='ocrx_word' id='word_1_251' title='bbox 206 2946 291 3004; x_wconf 90' lang='lat' dir='ltr'><strong>rebus</strong></span> <span class='ocrx_word' id='word_1_252' title='bbox 307 2946 446 3006; x_wconf 88' lang='lat' dir='ltr'><strong>civilibus</strong></span> <span class='ocrx_word' id='word_1_253' title='bbox 464 2961 491 3005; x_wconf 91' lang='lat' dir='ltr'><strong>et</strong></span> <span class='ocrx_word' id='word_1_254' title='bbox 510 2948 727 3024; x_wconf 83' lang='lat' dir='ltr'><strong>communibus,</strong></span> <span class='ocrx_word' id='word_1_255' title='bbox 748 2948 799 3007; x_wconf 93' lang='lat' dir='ltr'><strong>sed</strong></span> <span class='ocrx_word' id='word_1_256' title='bbox 823 2949 947 3006; x_wconf 77' lang='lat' dir='ltr'><strong>maxime</strong></span> <span class='ocrx_word' id='word_1_257' title='bbox 966 2945 1003 3007; x_wconf 91' lang='lat' dir='ltr'><strong>de</strong></span> <span class='ocrx_word' id='word_1_258' title='bbox 1025 2949 1078 3021; x_wconf 94' lang='lat' dir='ltr'><strong>iis,</strong></span> <span class='ocrx_word' id='word_1_259' title='bbox 1108 2969 1225 3027; x_wconf 91' lang='lat' dir='ltr'><strong>quarum</strong></span> <span class='ocrx_word' id='word_1_260' title='bbox 1240 2939 1280 3025; x_wconf 76' lang='lat' dir='ltr'><strong>iptl</strong></span> 
     </span>
     <span class='ocr_line' id='line_1_29' title="bbox 79 3042 1280 3126; baseline 0.003 -29"><span class='ocrx_word' id='word_1_261' title='bbox 79 3042 228 3100; x_wconf 86' lang='lat' dir='ltr'><strong>scientiam</strong></span> <span class='ocrx_word' id='word_1_262' title='bbox 246 3043 465 3123; x_wconf 87' lang='lat' dir='ltr'><strong>profitebantur.</strong></span> <span class='ocrx_word' id='word_1_263' title='bbox 508 3045 584 3104; x_wconf 84' lang='lat' dir='ltr'><strong>Haec</strong></span> <span class='ocrx_word' id='word_1_264' title='bbox 609 3046 669 3106; x_wconf 83' lang='lat' dir='ltr'><strong>vita</strong></span> <span class='ocrx_word' id='word_1_265' title='bbox 691 3060 767 3104; x_wconf 90' lang='lat' dir='ltr'><strong>erat:</strong></span> <span class='ocrx_word' id='word_1_266' title='bbox 791 3048 830 3106; x_wconf 90' lang='lat' dir='ltr'><strong>sie</strong></span> <span class='ocrx_word' id='word_1_267' title='bbox 851 3059 946 3104; x_wconf 90' lang='lat' dir='ltr'><strong>autem</strong></span> <span class='ocrx_word' id='word_1_268' title='bbox 969 3046 1162 3126; x_wconf 88' lang='lat' dir='ltr'><strong>sophistarum</strong></span> <span class='ocrx_word' id='word_1_269' title='bbox 1186 3043 1280 3107; x_wconf 75' lang='lat' dir='ltr'><strong>vaniu-</strong></span> 
     </span>
     <span class='ocr_line' id='line_1_30' title="bbox 79 3136 1280 3218; baseline 0.002 -22"><span class='ocrx_word' id='word_1_270' title='bbox 79 3152 153 3212; x_wconf 89' lang='lat' dir='ltr'><strong>tem,</strong></span> <span class='ocrx_word' id='word_1_271' title='bbox 174 3140 356 3218; x_wconf 87' lang='lat' dir='ltr'><strong>politicorum</strong></span> <span class='ocrx_word' id='word_1_272' title='bbox 386 3142 536 3212; x_wconf 86' lang='lat' dir='ltr'><strong>hominurn</strong></span> <span class='ocrx_word' id='word_1_273' title='bbox 561 3143 683 3202; x_wconf 90' lang='lat' dir='ltr'><strong>consilia</strong></span> <span class='ocrx_word' id='word_1_274' title='bbox 710 3143 876 3217; x_wconf 89' lang='lat' dir='ltr'><strong>recondita,</strong></span> <span class='ocrx_word' id='word_1_275' title='bbox 898 3144 1027 3202; x_wconf 89' lang='lat' dir='ltr'><strong>omnium</strong></span> <span class='ocrx_word' id='word_1_276' title='bbox 1051 3164 1160 3203; x_wconf 87' lang='lat' dir='ltr'><strong>errores</strong></span> <span class='ocrx_word' id='word_1_277' title='bbox 1184 3158 1211 3203; x_wconf 88' lang='lat' dir='ltr'><strong>et</strong></span> <span class='ocrx_word' id='word_1_278' title='bbox 1227 3136 1280 3203; x_wconf 76' lang='lat' dir='ltr'><strong>vitia</strong></span> 
     </span>
     <span class='ocr_line' id='line_1_31' title="bbox 74 3236 1280 3318; baseline 0.007 -26"><span class='ocrx_word' id='word_1_279' title='bbox 74 3237 110 3293; x_wconf 93' lang='lat' dir='ltr'><strong>in</strong></span> <span class='ocrx_word' id='word_1_280' title='bbox 126 3236 219 3294; x_wconf 89' lang='lat' dir='ltr'><strong>lucem</strong></span> <span class='ocrx_word' id='word_1_281' title='bbox 242 3239 420 3317; x_wconf 87' lang='lat' dir='ltr'><strong>proferebat:</strong></span> <span class='ocrx_word' id='word_1_282' title='bbox 437 3241 477 3298; x_wconf 88' lang='lat' dir='ltr'><strong>sic</strong></span> <span class='ocrx_word' id='word_1_283' title='bbox 499 3261 566 3299; x_wconf 86' lang='lat' dir='ltr'><strong>vero</strong></span> <span class='ocrx_word' id='word_1_284' title='bbox 586 3243 714 3300; x_wconf 90' lang='lat' dir='ltr'><strong>omnium</strong></span> <span class='ocrx_word' id='word_1_285' title='bbox 730 3244 853 3301; x_wconf 79' lang='lat' dir='ltr'><strong>maxime</strong></span> <span class='ocrx_word' id='word_1_286' title='bbox 864 3242 1015 3318; x_wconf 81' lang='lat' dir='ltr'><strong>juventuti</strong></span> <span class='ocrx_word' id='word_1_287' title='bbox 1030 3242 1208 3302; x_wconf 87' lang='lat' dir='ltr'><strong>consulebat.</strong></span> <span class='ocrx_word' id='word_1_288' title='bbox 1227 3239 1280 3300; x_wconf 68' lang='lat' dir='ltr'><strong>llam</strong></span> 
     </span>
     <span class='ocr_line' id='line_1_32' title="bbox 76 3333 1280 3420; baseline 0.007 -30"><span class='ocrx_word' id='word_1_289' title='bbox 76 3333 155 3409; x_wconf 92' lang='lat' dir='ltr'><strong>quod</strong></span> <span class='ocrx_word' id='word_1_290' title='bbox 173 3334 205 3392; x_wconf 88' lang='lat' dir='ltr'><strong>ir.</strong></span> <span class='ocrx_word' id='word_1_291' title='bbox 232 3334 361 3394; x_wconf 87' lang='lat' dir='ltr'><strong>Phaedro</strong></span> <span class='ocrx_word' id='word_1_292' title='bbox 386 3337 478 3412; x_wconf 91' lang='lat' dir='ltr'><strong>dicit,</strong></span> <span class='ocrx_word' id='word_1_293' title='bbox 499 3336 640 3416; x_wconf 86' lang='lat' dir='ltr'><strong>agendum</strong></span> <span class='ocrx_word' id='word_1_294' title='bbox 669 3361 726 3398; x_wconf 92' lang='lat' dir='ltr'><strong>esse</strong></span> <span class='ocrx_word' id='word_1_295' title='bbox 754 3339 945 3420; x_wconf 88' lang='lat' dir='ltr'><strong>philosopho,</strong></span> <span class='ocrx_word' id='word_1_296' title='bbox 967 3353 999 3399; x_wconf 90' lang='lat' dir='ltr'><strong>ut</strong></span> <span class='ocrx_word' id='word_1_297' title='bbox 1026 3360 1086 3399; x_wconf 88' lang='lat' dir='ltr'><strong>non</strong></span> <span class='ocrx_word' id='word_1_298' title='bbox 1106 3340 1198 3401; x_wconf 91' lang='lat' dir='ltr'><strong>libros</strong></span> <span class='ocrx_word' id='word_1_299' title='bbox 1216 3336 1280 3407; x_wconf 65' lang='lat' dir='ltr'><strong>edet,</strong></span> 
     </span>
     <span class='ocr_line' id='line_1_33' title="bbox 78 3431 1280 3521; baseline 0.007 -34"><span class='ocrx_word' id='word_1_300' title='bbox 78 3431 129 3490; x_wconf 88' lang='lat' dir='ltr'><strong>scd</strong></span> <span class='ocrx_word' id='word_1_301' title='bbox 147 3431 253 3490; x_wconf 88' lang='lat' dir='ltr'><strong>scribat</strong></span> <span class='ocrx_word' id='word_1_302' title='bbox 270 3435 303 3492; x_wconf 88' lang='lat' dir='ltr'><strong>in</strong></span> <span class='ocrx_word' id='word_1_303' title='bbox 322 3433 471 3494; x_wconf 90' lang='lat' dir='ltr'><strong>hominum</strong></span> <span class='ocrx_word' id='word_1_304' title='bbox 491 3436 611 3508; x_wconf 90' lang='lat' dir='ltr'><strong>animis,</strong></span> <span class='ocrx_word' id='word_1_305' title='bbox 633 3436 665 3496; x_wconf 90' lang='lat' dir='ltr'><strong>id</strong></span> <span class='ocrx_word' id='word_1_306' title='bbox 683 3439 723 3496; x_wconf 89' lang='lat' dir='ltr'><strong>ita</strong></span> <span class='ocrx_word' id='word_1_307' title='bbox 742 3437 908 3510; x_wconf 84' lang='lat' dir='ltr'><strong>factitabat,</strong></span> <span class='ocrx_word' id='word_1_308' title='bbox 930 3438 1010 3516; x_wconf 90' lang='lat' dir='ltr'><strong>quasi</strong></span> <span class='ocrx_word' id='word_1_309' title='bbox 1029 3437 1067 3514; x_wconf 83' lang='lat' dir='ltr'><strong>ad</strong></span> <span class='ocrx_word' id='word_1_310' title='bbox 1086 3438 1142 3498; x_wconf 87' lang='lat' dir='ltr'><strong>hoc</strong></span> <span class='ocrx_word' id='word_1_311' title='bbox 1161 3432 1280 3521; x_wconf 82' lang='lat' dir='ltr'><strong>peragen-</strong></span> 
     </span>
     <span class='ocr_line' id='line_1_34' title="bbox 78 3526 1280 3618; baseline 0.005 -33"><span class='ocrx_word' id='word_1_312' title='bbox 78 3526 147 3585; x_wconf 89' lang='lat' dir='ltr'><strong>dum</strong></span> <span class='ocrx_word' id='word_1_313' title='bbox 166 3529 309 3591; x_wconf 80' lang='lat' dir='ltr'><strong>(livinitus</strong></span> <span class='ocrx_word' id='word_1_314' title='bbox 328 3545 399 3590; x_wconf 87' lang='lat' dir='ltr'><strong>esset</strong></span> <span class='ocrx_word' id='word_1_315' title='bbox 419 3532 457 3591; x_wconf 92' lang='lat' dir='ltr'><strong>ad</strong></span> <span class='ocrx_word' id='word_1_316' title='bbox 474 3533 605 3591; x_wconf 88' lang='lat' dir='ltr'><strong>homiues</strong></span> <span class='ocrx_word' id='word_1_317' title='bbox 623 3534 733 3594; x_wconf 88' lang='lat' dir='ltr'><strong>missus.</strong></span> <span class='ocrx_word' id='word_1_318' title='bbox 763 3535 883 3608; x_wconf 85' lang='lat' dir='ltr'><strong>Qualem</strong></span> <span class='ocrx_word' id='word_1_319' title='bbox 904 3548 997 3593; x_wconf 90' lang='lat' dir='ltr'><strong>autem</strong></span> <span class='ocrx_word' id='word_1_320' title='bbox 1017 3549 1214 3618; x_wconf 89' lang='lat' dir='ltr'><strong>quantumque</strong></span> <span class='ocrx_word' id='word_1_321' title='bbox 1229 3529 1280 3595; x_wconf 73' lang='lat' dir='ltr'><strong>intr</strong></span> 
     </span>
     <span class='ocr_line' id='line_1_35' title="bbox 78 3628 1280 3714; baseline 0.007 -31"><span class='ocrx_word' id='word_1_322' title='bbox 78 3628 202 3685; x_wconf 89' lang='lat' dir='ltr'><strong>fructum</strong></span> <span class='ocrx_word' id='word_1_323' title='bbox 221 3642 248 3687; x_wconf 89' lang='lat' dir='ltr'><strong>et</strong></span> <span class='ocrx_word' id='word_1_324' title='bbox 267 3631 327 3709; x_wconf 92' lang='lat' dir='ltr'><strong>ipse</strong></span> <span class='ocrx_word' id='word_1_325' title='bbox 347 3632 454 3711; x_wconf 89' lang='lat' dir='ltr'><strong>ceperit</strong></span> <span class='ocrx_word' id='word_1_326' title='bbox 478 3645 505 3690; x_wconf 94' lang='lat' dir='ltr'><strong>et</strong></span> <span class='ocrx_word' id='word_1_327' title='bbox 529 3633 560 3690; x_wconf 92' lang='lat' dir='ltr'><strong>in</strong></span> <span class='ocrx_word' id='word_1_328' title='bbox 585 3633 731 3693; x_wconf 87' lang='lat' dir='ltr'><strong>civitatem</strong></span> <span class='ocrx_word' id='word_1_329' title='bbox 755 3631 928 3706; x_wconf 89' lang='lat' dir='ltr'><strong>contulerit,</strong></span> <span class='ocrx_word' id='word_1_330' title='bbox 950 3632 996 3690; x_wconf 88' lang='lat' dir='ltr'><strong>illi</strong></span> <span class='ocrx_word' id='word_1_331' title='bbox 1024 3649 1152 3709; x_wconf 88' lang='lat' dir='ltr'><strong>norunt,</strong></span> <span class='ocrx_word' id='word_1_332' title='bbox 1172 3635 1220 3714; x_wconf 92' lang='lat' dir='ltr'><strong>qui</strong></span> <span class='ocrx_word' id='word_1_333' title='bbox 1236 3631 1280 3710; x_wconf 70' lang='lat' dir='ltr'><strong>ejttt</strong></span> 
     </span>
     <span class='ocr_line' id='line_1_36' title="bbox 79 3720 1280 3810; baseline 0.004 -27"><span class='ocrx_word' id='word_1_334' title='bbox 79 3720 246 3806; x_wconf 74' lang='grc' dir='ltr'><strong><em>μαιευτικήν</em></strong></span> <span class='ocrx_word' id='word_1_335' title='bbox 262 3745 472 3809; x_wconf 80' lang='lat' dir='ltr'><strong>perspexerunt</strong></span> <span class='ocrx_word' id='word_1_336' title='bbox 487 3745 514 3790; x_wconf 91' lang='lat' dir='ltr'><strong>et</strong></span> <span class='ocrx_word' id='word_1_337' title='bbox 534 3732 644 3810; x_wconf 87' lang='lat' dir='ltr'><strong>copiam</strong></span> <span class='ocrx_word' id='word_1_338' title='bbox 662 3730 848 3790; x_wconf 89' lang='lat' dir='ltr'><strong>attenderunt</strong></span> <span class='ocrx_word' id='word_1_339' title='bbox 867 3731 1058 3790; x_wconf 75' lang='lat' dir='ltr'><strong>maximorum</strong></span> <span class='ocrx_word' id='word_1_340' title='bbox 1077 3733 1223 3807; x_wconf 86' lang='lat' dir='ltr'><strong>virorum,</strong></span> <span class='ocrx_word' id='word_1_341' title='bbox 1239 3745 1280 3788; x_wconf 80' lang='lat' dir='ltr'><strong>set·</strong></span> 
     </span>
     <span class='ocr_line' id='line_1_37' title="bbox 81 3825 1280 3909; baseline 0 -24"><span class='ocrx_word' id='word_1_342' title='bbox 81 3842 174 3885; x_wconf 89' lang='lat' dir='ltr'><strong>tarum</strong></span> <span class='ocrx_word' id='word_1_343' title='bbox 195 3827 264 3887; x_wconf 89' lang='lat' dir='ltr'><strong>adeo</strong></span> <span class='ocrx_word' id='word_1_344' title='bbox 284 3828 559 3901; x_wconf 79' lang='lat' dir='ltr'><strong>illustrissimorum,</strong></span> <span class='ocrx_word' id='word_1_345' title='bbox 580 3849 652 3906; x_wconf 90' lang='lat' dir='ltr'><strong>quae</strong></span> <span class='ocrx_word' id='word_1_346' title='bbox 682 3850 717 3887; x_wconf 88' lang='lat' dir='ltr'><strong>ex</strong></span> <span class='ocrx_word' id='word_1_347' title='bbox 736 3830 796 3906; x_wconf 92' lang='lat' dir='ltr'><strong>ejus</strong></span> <span class='ocrx_word' id='word_1_348' title='bbox 813 3825 969 3908; x_wconf 89' lang='lat' dir='ltr'><strong>disciplina</strong></span> <span class='ocrx_word' id='word_1_349' title='bbox 989 3842 1017 3887; x_wconf 91' lang='lat' dir='ltr'><strong>et</strong></span> <span class='ocrx_word' id='word_1_350' title='bbox 1034 3829 1214 3889; x_wconf 85' lang='lat' dir='ltr'><strong>sermonibus</strong></span> <span class='ocrx_word' id='word_1_351' title='bbox 1229 3844 1280 3909; x_wconf 79' lang='lat' dir='ltr'><strong>pro·</strong></span> 
     </span>
     <span class='ocr_line' id='line_1_38' title="bbox 83 3916 1025 3985; baseline 0.002 -2"><span class='ocrx_word' id='word_1_352' title='bbox 83 3940 235 3985; x_wconf 85' lang='lat' dir='ltr'><strong>venerunt.</strong></span> <span class='ocrx_word' id='word_1_353' title='bbox 1014 3916 1025 3922; x_wconf 33' lang='lat'>⁵</span> 
     </span>
    </p>

    <p class='ocr_par' dir='ltr' id='par_1_4' title="bbox 84 4019 1280 4302">
     <span class='ocr_line' id='line_1_39' title="bbox 123 4019 1280 4103; baseline -0.001 -21"><span class='ocrx_word' id='word_1_354' title='bbox 123 4024 202 4082; x_wconf 88' lang='lat' dir='ltr'><strong>Talis</strong></span> <span class='ocrx_word' id='word_1_355' title='bbox 225 4026 282 4084; x_wconf 87' lang='lat' dir='ltr'><strong>viri</strong></span> <span class='ocrx_word' id='word_1_356' title='bbox 300 4045 365 4083; x_wconf 89' lang='lat' dir='ltr'><strong>cum</strong></span> <span class='ocrx_word' id='word_1_357' title='bbox 383 4022 545 4102; x_wconf 91' lang='lat' dir='ltr'><strong>discipulus</strong></span> <span class='ocrx_word' id='word_1_358' title='bbox 564 4023 652 4081; x_wconf 89' lang='lat' dir='ltr'><strong>fuerit</strong></span> <span class='ocrx_word' id='word_1_359' title='bbox 671 4023 770 4096; x_wconf 91' lang='lat' dir='ltr'><strong>Plato,</strong></span> <span class='ocrx_word' id='word_1_360' title='bbox 791 4045 851 4082; x_wconf 94' lang='lat' dir='ltr'><strong>non</strong></span> <span class='ocrx_word' id='word_1_361' title='bbox 871 4037 930 4099; x_wconf 90' lang='lat' dir='ltr'><strong>est,</strong></span> <span class='ocrx_word' id='word_1_362' title='bbox 951 4023 1029 4103; x_wconf 93' lang='lat' dir='ltr'><strong>quod</strong></span> <span class='ocrx_word' id='word_1_363' title='bbox 1048 4026 1204 4101; x_wconf 89' lang='lat' dir='ltr'><strong>miremur,</strong></span> <span class='ocrx_word' id='word_1_364' title='bbox 1224 4019 1280 4081; x_wconf 66' lang='lat' dir='ltr'><strong>alie</strong></span> 
     </span>
     <span class='ocr_line' id='line_1_40' title="bbox 85 4119 1279 4204; baseline 0.003 -24"><span class='ocrx_word' id='word_1_365' title='bbox 85 4142 155 4180; x_wconf 90' lang='lat' dir='ltr'><strong>num</strong></span> <span class='ocrx_word' id='word_1_366' title='bbox 173 4142 236 4180; x_wconf 92' lang='lat' dir='ltr'><strong>eum</strong></span> <span class='ocrx_word' id='word_1_367' title='bbox 260 4144 276 4179; x_wconf 92' lang='lat' dir='ltr'><strong>a</strong></span> <span class='ocrx_word' id='word_1_368' title='bbox 300 4120 425 4180; x_wconf 90' lang='lat' dir='ltr'><strong>dicendo</strong></span> <span class='ocrx_word' id='word_1_369' title='bbox 454 4119 664 4199; x_wconf 91' lang='lat' dir='ltr'><strong>scribendoque</strong></span> <span class='ocrx_word' id='word_1_370' title='bbox 693 4122 799 4195; x_wconf 89' lang='lat' dir='ltr'><strong>fuisse,</strong></span> <span class='ocrx_word' id='word_1_371' title='bbox 820 4143 934 4201; x_wconf 86' lang='lat' dir='ltr'><strong>negasse</strong></span> <span class='ocrx_word' id='word_1_372' title='bbox 961 4122 1062 4198; x_wconf 84' lang='lat' dir='ltr'><strong>adeo,</strong></span> <span class='ocrx_word' id='word_1_373' title='bbox 1082 4145 1113 4184; x_wconf 85' lang='lat' dir='ltr'><strong>se</strong></span> <span class='ocrx_word' id='word_1_374' title='bbox 1145 4121 1279 4204; x_wconf 65' lang='lat' dir='ltr'><strong>quidquam</strong></span> 
     </span>
     <span class='ocr_line' id='line_1_41' title="bbox 84 4204 1277 4302; baseline 0.003 -26"><span class='ocrx_word' id='word_1_375' title='bbox 84 4219 236 4300; x_wconf 87' lang='lat' dir='ltr'><strong>scripsisse.</strong></span> <span class='ocrx_word' id='word_1_376' title='bbox 258 4220 322 4278; x_wconf 89' lang='lat' dir='ltr'><strong>Non</strong></span> <span class='ocrx_word' id='word_1_377' title='bbox 342 4218 503 4298; x_wconf 89' lang='lat' dir='ltr'><strong>quaerimus</strong></span> <span class='ocrx_word' id='word_1_378' title='bbox 522 4219 575 4278; x_wconf 91' lang='lat' dir='ltr'><strong>hoc</strong></span> <span class='ocrx_word' id='word_1_379' title='bbox 594 4217 655 4278; x_wconf 90' lang='lat' dir='ltr'><strong>loco</strong></span> <span class='ocrx_word' id='word_1_380' title='bbox 671 4218 707 4278; x_wconf 85' lang='lat' dir='ltr'><strong>de</strong></span> <span class='ocrx_word' id='word_1_381' title='bbox 726 4218 862 4300; x_wconf 91' lang='lat' dir='ltr'><strong>epistolae</strong></span> <span class='ocrx_word' id='word_1_382' title='bbox 880 4204 1066 4295; x_wconf 88' lang='lat' dir='ltr'><strong>auctoritate,</strong></span> <span class='ocrx_word' id='word_1_383' title='bbox 1086 4243 1144 4302; x_wconf 90' lang='lat' dir='ltr'><strong>qua</strong></span> <span class='ocrx_word' id='word_1_384' title='bbox 1162 4220 1193 4282; x_wconf 90' lang='lat' dir='ltr'><strong>id</strong></span> <span class='ocrx_word' id='word_1_385' title='bbox 1210 4229 1277 4292; x_wconf 58' lang='lat' dir='ltr'><strong>net?</strong></span> 
     </span>
    </p>
   </div>
   <div class='ocr_carea' id='block_1_3' title="bbox 85 4355 178 4364">
    <p class='ocr_par' dir='ltr' id='par_1_5' title="bbox 85 4355 178 4364">
     <span class='ocr_line' id='line_1_42' title="bbox 85 4355 178 4364; baseline -0.011 0"><span class='ocrx_word' id='word_1_386' title='bbox 85 4355 178 4364; x_wconf 68' lang='grc' dir='ltr'>...ι-.-</span> 
     </span>
    </p>
   </div>
   <div class='ocr_carea' id='block_1_4' title="bbox 120 4423 389 4488">
    <p class='ocr_par' dir='ltr' id='par_1_6' title="bbox 120 4423 389 4488">
     <span class='ocr_line' id='line_1_43' title="bbox 120 4423 389 4488; baseline 0.004 -13"><span class='ocrx_word' id='word_1_387' title='bbox 120 4423 144 4488; x_wconf 86' lang='grc'><strong>1)</strong></span> <span class='ocrx_word' id='word_1_388' title='bbox 164 4427 269 4478; x_wconf 82' lang='lat' dir='ltr'><strong>Phaedr.</strong></span> <span class='ocrx_word' id='word_1_389' title='bbox 287 4426 337 4479; x_wconf 76' lang='lat'><strong>230</strong></span> <span class='ocrx_word' id='word_1_390' title='bbox 360 4427 389 4477; x_wconf 88' lang='lat' dir='ltr'><strong>D.</strong></span> 
     </span>
    </p>
   </div>
   <div class='ocr_carea' id='block_1_5' title="bbox 0 0 1392 5048">
    <p class='ocr_par' dir='ltr' id='par_1_7' title="bbox 0 0 1392 5048">
     <span class='ocr_line' id='line_1_44' title="bbox 0 0 1392 5048; baseline 0 0"><span class='ocrx_word' id='word_1_391' title='bbox 0 0 1392 5048; x_wconf 95' lang='lat' dir='ltr'><strong> </strong></span> 
     </span>
    </p>
   </div>
  </div>
 </body>
</html>
