2774 5048
661 215 720 309 ιιι

97 382 224 456 issimus,
243 380 281 441 ad
307 382 384 462 ipsas
408 378 486 439 ideas
511 377 685 458 proceditur.
727 375 888 460 Agitur‘de
908 380 1035 457 pulcro,
1056 374 1136 457 quod
1161 374 1291 435 Socraten

79 479 163 539 docet
190 479 295 539 mulier
325 477 377 537 illa
399 479 432 537 in
461 476 561 559 primis
589 476 780 558 philosopha,
802 499 861 538 nou
891 476 1062 557 inductione
1092 486 1224 549 tautum,
1246 470 1294 533 aad

77 578 163 637 ctiam
180 576 344 657 analytica,
365 596 450 656 quam
469 574 616 650 diximus,
636 575 781 637 methodo.
822 569 912 650 Nam,
941 588 973 634 ut
991 572 1195 649 meminimus,
1217 592 1296 649 aro-¹

78 675 151 750 bus,
171 696 244 753 quae
267 674 399 735 sensibus
418 686 536 773 patent,
562 674 696 733 aformis
722 674 833 761 pulcris
860 673 946 733 initio
972 671 1079 746 ducto,
1094 671 1140 732 ad
1160 693 1212 748 ea,
1228 688 1297 750 quta

81 771 139 831 uni
160 784 255 831 mente
275 760 496 852 percipiuntur,
521 771 559 831 ad
577 772 686 831 animos
708 764 840 853 pulcris,
864 771 1012 833 escendit.
1042 769 1113 830 inde
1133 769 1173 830 ad
1189 768 1299 851 pulcra,

80 871 205 949 quaein
223 868 351 930 moribus
369 868 527 948 officiisque
548 882 666 950 patent,
695 870 843 951 procedit,
865 885 897 930 ut
916 868 1031 930 tandem
1050 868 1122 928 ad
1113 889 1210 950 ipsum
1236 866 1302 950 pul-

80 989 160 1027 orum
181 967 308 1027 accednt.
348 968 413 1027 Huc
442 981 535 1028 autem
559 982 709 1049 postquam
736 970 896 1049 processit,
917 989 974 1048 quo
992 967 1082 1047 magis
1105 965 1243 1047 pulcrum
1257 966 1303 1063 if

80 1087 162 1142 sum,
189 1064 274 1146 quale
290 1065 348 1139 sit,
368 1065 561 1142 demonstret,
581 1067 704 1127 secernit
722 1065 759 1125 ah
778 1088 811 1126 eo
829 1065 973 1146 quidquid
999 1086 1065 1123 cum
1083 1064 1219 1125 sensibus
1235 1083 1303 1125 con·

75 1166 229 1244 junctum,
255 1163 291 1222 ab
313 1183 402 1242 eoque
424 1163 552 1224 alienum
570 1177 630 1239 est,
651 1164 744 1224 donec
771 1165 865 1246 ipsum
893 1163 1011 1223 tandem
1040 1161 1177 1245 pulcrum
1202 1176 1301 1249 purum

80 1262 357 1339 intaminatumque,
378 1282 451 1342 pura
475 1263 508 1321 in
530 1261 613 1337 luce,
632 1277 777 1344 appareat.
812 1259 841 1342 l)
870 1261 917 1323 Sic
940 1263 1010 1322 artis
1035 1273 1190 1342 praecepta
1200 1254 1297 1337 aaa,

80 1361 104 1419 si
124 1358 274 1420 attendere
290 1359 431 1435 velimus,
452 1360 512 1440 ipse
531 1359 684 1419 scribendo
705 1359 870 1470 explicuit:
888 1374 915 1420 et
938 1360 993 1420 hoc
1011 1356 1129 1439 quidem
1150 1357 1187 1419 de
1207 1356 1293 1441 pulcro

78 1456 259 1536 exquirenda
285 1456 448 1537 exemplum
472 1456 593 1538 planum
614 1458 732 1518 nohis
724 1480 756 1517 ιιι
785 1459 887 1540 primis
912 1457 991 1517 illud
1018 1457 1136 1532 reddit,
1166 1453 1291 1537 quoddr

77 1553 248 1615 dialecticae
272 1575 326 1616 usu
354 1555 497 1636 praecipit
524 1554 604 1635 apud
635 1577 700 1615 eum
728 1555 761 1615 in
787 1556 847 1616 Pol
834 1559 905 1615 litia
929 1555 1068 1617 Socrates.
1118 1547 1234 1617 Οδκοδν
1255 1548 1289 1615 ad

77 1650 144 1768 napi
170 1650 225 1713 τοῦ
249 1645 370 1733 ἀγαθοῦ
394 1644 548 1727 ώααδτως
577 1647 610 1727 ὃς
635 1647 672 1714 δν
697 1677 740 1736 μη
770 1645 830 1739 ἔχη
852 1651 1098 1739 διορίσασθαι
1064 1675 1107 1713 τω
1097 1634 1286 1742 myndi

77 1753 139 1815 ruia
164 1746 263 1818 ἄλλων
285 1747 403 1815 πάντων
424 1747 543 1836 dari-uir
562 1777 618 1837 τιν
638 1755 693 1816 rori
714 1751 836 1837 οἷγαθοῦ
855 1751 951 1833 ἰδέαν,
972 1754 1021 1817 καί
1042 1748 1143 1840 οἵσπερ
1165 1755 1197 1819 ἕν
1216 1749 1322 1839 pedm

78 1851 128 1917 διδ
154 1849 272 1920 πάντων
296 1851 427 1939 ἐλέγχων
454 1851 580 1934 διεξιών,
605 1852 651 1939 μή
677 1855 751 1921 nard
770 1853 865 1933 δόξαν
885 1853 961 1921 a'lld
980 1852 1043 1921 κατ’
1063 1854 1167 1921 adalam
1186 1862 1283 1942 πραθο·
1319 1860 1322 1877 “

77 1952 223 2037 μοόμτνος
251 1953 394 2040 ἐλέγχειν,
417 1955 450 2021 ἒν
470 1957 542 2020 πᾶσι
562 1953 677 2034 τούτοις
697 1955 810 2025 ἀπτῶτι
830 1962 875 2048 τῷ
895 1958 973 2047 λόγῳ
995 1956 1219 2045 διαπορεύηται,
1237 1952 1291 2045 oia

48 2104 52 2111 -
78 2057 150 2123 ariri
173 2056 212 2123 τδ
239 2055 359 2143 ἅγαδδν
386 2054 491 2144 φήσεις
516 2057 623 2123 εἰδέναι
648 2059 703 2125 riu
726 2058 822 2139 οὕτως
846 2059 974 2145 ἔχοντα,
1001 2055 1068 2125 odat
1092 2056 1166 2126 cilio
1190 2059 1226 2146 οἷγ
1268 2054 1274 2077 “

76 2159 174 2225 οὐδὲν·
201 2159 264 2227 ἀλλ’
288 2160 317 2226 εἴ
339 2187 383 2250 πῃ
404 2157 529 2226 εἰδώλου
550 2159 627 2239 τινδς
649 2159 823 2247 ἐφάπτεται,
845 2160 937 2252 δόξῃ,
960 2161 1012 2228 οὐκ
1033 2160 1221 2252 ἒπιστήμηδ

76 2270 197 2344 tradat,
223 2265 272 2327 aaa*
295 2260 348 2327 τδν
373 2265 425 2326 νῦν
449 2262 515 2345 βίον
539 2261 779 2389 ὀνειροπολοῦντα
804 2267 853 2330 καὶ
877 2263 1081 2357 carcinoma,
1105 2267 1177 2352 πρὶν
1200 2256 1284 2329 atii

78 2363 272 2449 ἕξέγρεσδαι,
305 2368 347 2443 εἷς
379 2361 456 2430 odov
486 2364 631 2452 πρότερον
659 2366 837 2453 ἀφικόμενον
865 2349 971 2446 τελέως
1000 2364 1280 2454 ἔπιιιαταδαρθιέιισ·

76 2473 112 2528 δι
132 2473 201 2529 bono
220 2472 365 2530 similiter
382 2493 411 2530 τι
429 2493 479 2530 rar
498 2473 592 2533 dabat.
630 2472 806 2553 Quicunque
825 2497 882 2534 non
898 2485 996 2553 potari
1010 2473 1282 2534 ratiocinandum

5 2638 12 2658 ὁ
76 2571 192 2644 ideam,
212 2576 322 2628 amotis
348 2572 385 2628 αδ
402 2593 433 2629 το
458 2579 590 2631 caeteris
608 2576 759 2648 omnibus,
780 2575 867 2648 defi
878 2581 992 2647 uiro,
1018 2594 1086 2648 nac,
1108 2574 1280 2652 torquente

74 2688 196 2748 pugna,
224 2670 380 2728 ααιιοοιδο
408 2670 677 2750 redarguendoque
691 2691 747 2748 par
765 2678 864 2730 munia
878 2672 1056 2749 procedam,
1076 2692 1136 2730 non
1152 2678 1281 2749 apinam

79 2768 128 2824 aad
155 2787 188 2825 ra
217 2787 350 2847 arguam
376 2789 411 2825 oo
440 2769 598 2844 refellens,
619 2778 653 2827 ιἰι
671 2772 719 2828 iria
736 2772 870 2828 omnibus
890 2771 993 2830 ιδαΙιίδδ
1012 2779 1043 2826 at
1062 2776 1281 2829 ι’ποοιιοιιιεοιι·

78 2873 157 2923 δίοιτο
174 2867 337 2945 progredi,
367 2865 445 2922 dunc
465 2887 559 2944 nequa
583 2875 682 2944 ipsum
700 2870 806 2925 bonum
825 2870 904 2926 dicar
920 2889 1092 2947 cognoscere
1110 2889 1204 2948 nequa
1221 2860 1282 2925 oid
1317 2884 1322 2949 Ἰ

77 2965 268 3041 quodcunque
295 2965 400 3021 bonum
411 2985 424 3033 ,·
454 2986 578 3041 aarum,
599 2974 627 3024 ai
646 2968 720 3044 quod
731 2969 819 3042 sorta
839 2967 1038 3024 simulacrum
1056 2976 1218 3048 attigerit,
1238 2967 1281 3040 cpi·
1319 3040 1322 3051 1

76 3070 163 3120 uioua
191 3064 296 3119 bonum
307 3106 316 3135 ,
344 3083 401 3119 non
428 3071 575 3138 reiantid,
605 3072 738 3142 assequi,
772 3074 862 3142 atqua
883 3066 938 3122 Ιιαο
956 3072 989 3122 in
1008 3072 1073 3122 nita
1091 3067 1280 3136 dormitantis
1319 3118 1322 3145 Ι

71 3163 144 3235 sera
171 3181 205 3217 ac
233 3167 428 3218 amnuiautem
439 3207 447 3235 ‚
463 3170 644 3239 priutquum
664 3165 712 3220 dio
730 3172 978 3244 aapargireaiur,
998 3164 1038 3220 αδ
1055 3166 1174 3239 inferar
1191 3167 1281 3223 doun

79 3258 210 3331 dautem,
225 3268 355 3316 extremo
372 3280 470 3337 sopora
489 3271 663 3338 occupatum
683 3269 737 3322 iri.
759 3260 791 3341 2)
820 3260 879 3320 Scd
899 3261 936 3320 ad
954 3262 1128 3340 Sopkietam
1149 3262 1280 3323 redeunte

79 3355 153 3414 Sunt
183 3355 267 3433 uobis
289 3356 359 3415 inde
378 3357 434 3415 alia
452 3358 520 3417 item
540 3358 693 3433 ducenda,
714 3381 786 3438 quac
806 3360 934 3419 Platonis
952 3360 1005 3419 hac
1025 3359 1166 3419 cernendi
1182 3361 1281 3439 junget·

78 3454 165 3533 dique
184 3467 244 3513 arte
262 3453 437 3516 efficiuntur.

203 3649 260 3708 Da
284 3662 445 3710 artium
475 3656 861 3732 doctrinarumque
885 3677 960 3731 par
985 3657 1186 3733 aualyrin
1264 3676 1270 3691 ·

361 3749 633 3810 Platonicam
660 3755 984 3812 distributione.
1053 3796 1072 3823 ,-

117 3944 224 4026 Sponte
245 3960 342 4027 partae
368 3961 435 4005 sunt
463 3968 478 4005 e
508 3947 629 4022 studiis,
651 3949 748 4027 generi
773 3947 903 4007 humano
926 3948 1040 4021 insitis,
1062 3961 1138 4007 antea
1161 3922 1303 4009 οιιιτιιιιίΙ

78 4042 243 4103 doctrinae:
267 4044 316 4103 sed
345 4058 378 4102 ut
407 4059 491 4103 natae
518 4045 589 4104 iude
617 4046 649 4105 in
668 4045 816 4124 lucemque
837 4045 1200 4126 ednwdistiuguereutur
1215 4052 1280 4109 roeltr

112 4253 136 4317 l)
160 4256 240 4324 Symp.
259 4254 317 4306 209.
339 4254 417 4306 B.—
430 4254 487 4306 211.
505 4255 533 4306 C
571 4255 617 4307 ct.
634 4256 752 4324 inilinp
771 4256 820 4308 133
842 4264 921 4343 aurp*
962 4254 979 4291 Β

112 4338 137 4403 2)
161 4343 197 4395 De
228 4339 463 4409 uup.v11.53t
497 4341 525 4391 B.
555 4340 583 4392 C
614 4341 643 4391 Ι).
684 4339 918 4395 Αιιιιιιιιδιοιῑοιιδιι
952 4353 1036 4396 autem
1069 4347 1095 4396 iu
1125 4344 1166 4435 lrip
1198 4336 1282 4410 propri⁸

81 4426 135 4484 τοῦ
156 4422 276 4502 ὁρίζειν,
299 4439 444 4501 definiendi,
464 4436 627 4504 significatio
