2774 5048
654 250 690 310 ll

100 413 242 488 Quocirca
261 411 445 473 excludenda
463 412 518 471 erit
535 410 729 492 disputatione
749 413 843 472 nostri
859 415 951 473 omnis
964 413 1164 497 philosophiae
1182 414 1278 475 distri·

71 510 166 587 hatio,
177 531 252 590 quae
272 531 332 569 uon
352 509 515 584 Platonem,
535 508 585 568 sed
604 507 676 568 alios
692 509 795 569 habeat
814 525 959 587 auctores,
977 512 1142 588 etiamsihi,
1156 511 1278 593 legendo
1316 568 1319 573 .

72 607 268 687 tractandoque
291 607 408 667 Platone
418 651 426 680 ,
446 627 478 666 eo
497 607 659 688 pervenisse
677 606 813 666 censendi
823 609 899 667 siut:
921 624 952 669 ut
962 608 1153 685 Xenocrates,
1173 611 1278 670 Aristo·

73 705 147 780 teles,
163 698 267 781 Pano,
287 725 353 764 eum
370 718 429 764 tota
447 703 699 779 Academicorum,
720 705 986 784 Peripateticorum,
1007 707 1164 768 Stoicorum
1191 706 1279 766 lami·

74 803 112 863 lia.
149 805 232 879 Quae
250 823 318 863 reru
336 815 500 882 Qumenta
519 803 551 861 in
570 802 640 882 ipsis
658 787 821 884 philosophi
848 805 961 885 scriptis
989 805 1086 867 ubivis
1104 817 1278 879 occurrunt,

75 921 187 980 quaeque
206 901 268 981 ipse
287 901 409 958 maxime
425 897 655 979 philosophando
673 898 837 981 complexus
855 916 914 977 est,
935 901 1004 962 haec
1024 902 1109 962 nobis
1127 904 1159 963 in
1177 903 1278 983 primia

76 997 104 1056 de
118 1001 178 1077 ejus
207 997 349 1057 sententia
368 1011 396 1056 et
421 982 573 1056 excitanda
596 1011 680 1057 erunt
699 1011 727 1057 et
744 998 926 1078 explicanda.
967 1002 1046 1075 Quae
1070 1021 1136 1060 sane
1155 1001 1227 1060 ratio
1246 1013 1278 1060 ut

78 1095 288 1176 simplicissima,
309 1095 349 1154 ita
373 1093 527 1152 certissima
547 1114 604 1153 esse
623 1094 739 1155 videtur
761 1094 799 1154 ad
824 1098 999 1176 assequenda
1026 1097 1153 1157 Platonis
1171 1097 1277 1180 placita

78 1193 223 1274 praecipua.
265 1192 322 1251 Nec
347 1212 414 1252 vero
437 1191 470 1250 in
493 1191 678 1270 exquirendis
696 1190 756 1251 illis
776 1191 828 1252 diu
847 1195 911 1273 quis
934 1194 1064 1268 haereat,
1086 1195 1141 1254 nisi
1165 1196 1215 1273 qui
1245 1195 1277 1253 in

79 1289 153 1361 lituis
169 1290 248 1349 hisce
277 1288 359 1349 rudis
376 1290 414 1348 sit
440 1288 527 1370 plane
554 1303 581 1348 et
610 1287 719 1371 hospes.
761 1290 848 1351 Hand
875 1292 975 1372 legerit
998 1293 1076 1351 enim
1098 1291 1278 1364 Phaedrum,

80 1385 259 1469 symposium,
285 1387 493 1461 Theaetetum,
519 1387 734 1462 Parmeniden,
760 1388 962 1462 Phaedonem,
992 1389 1143 1464 Politiam,
1171 1389 1277 1469 Leges,

80 1485 206 1545 Timaeum
217 1530 226 1560 ,
256 1485 424 1566 praecipuos
448 1485 571 1543 auctoris
587 1483 877 1565 celebratissimosque
898 1485 1043 1568 dialogos,
1063 1488 1134 1566 quin
1152 1486 1278 1562 viderit,

80 1581 429 1643 disseruisseluhentissime
438 1581 584 1641 Platonem
593 1581 629 1641 de
638 1603 749 1658 amore,
764 1583 800 1642 de
809 1584 928 1664 pulcro,
949 1585 985 1644 de
995 1584 1121 1644 artibus:
1133 1584 1169 1644 de
1179 1585 1278 1663 exqui-

81 1680 151 1741 renda
166 1681 304 1754 veritate,
324 1678 516 1754 descientia,
535 1678 571 1738 de
590 1679 682 1755 ideis,
702 1679 738 1739 de
752 1680 1277 1763 dialecticacaeterisquedisciplinisr

82 1798 147 1858 porro
170 1777 207 1838 de
222 1777 336 1856 justitia
355 1797 387 1835 ac
406 1775 535 1857 legibus,
553 1776 645 1856 deque
661 1779 777 1837 civitate
797 1778 940 1859 regenda,
961 1780 993 1838 in
1011 1781 1113 1859 primis
1131 1779 1168 1839 de
1186 1779 1278 1839 bono:

82 1874 184 1955 denique
202 1875 240 1935 de
254 1876 314 1934 Deo
330 1887 358 1933 et
376 1872 429 1933 hac
448 1896 542 1934 rerum
561 1876 755 1936 universitate.
791 1876 826 1935 In
844 1877 891 1937 his
905 1877 1038 1936 omnibus
1056 1898 1116 1937 non
1133 1878 1278 1937 invenerit

82 1971 255 2054 philosophiae
282 1969 531 2047 distributionem,
560 1993 613 2032 nec
630 1973 807 2053 singularum
825 1975 949 2055 partium
967 1974 1168 2035 definitiones:
1199 1974 1278 2035 haud

82 2071 142 2130 siim
156 2071 271 2131 nomine
288 2083 443 2128 occurrunt
461 2070 571 2151 logica,
596 2071 734 2152 physica,
754 2070 961 2152 metaphysica,
981 2070 1142 2152 ontologia,
1177 2073 1277 2152 sycho-

78 2165 158 2275 logiu,
173 2190 209 2228 ne
236 2167 329 2227 ethica
346 2167 480 2253 quidem,
507 2169 558 2229 sed
584 2168 818 2231 animadverterit
832 2169 908 2229 idem
926 2169 1026 2244 facile,
1040 2170 1096 2230 tria
1114 2171 1146 2229 in
1163 2169 1241 2229 hisce
1260 2192 1276 2229 a

82 2262 227 2348 philosopho
240 2264 406 2344 singulatim
420 2266 507 2327 luisse
522 2267 674 2348 indagata,
690 2270 848 2346 pulcrum,
864 2289 967 2327 aarum
977 2312 985 2342 ,
997 2274 1139 2345 justum,
1154 2269 1277 2327 maxime

82 2375 155 2422 auum
169 2386 271 2423 aarum
280 2409 289 2439 ‚
309 2355 347 2422 w*
368 2353 418 2436 ih,
443 2385 499 2444 quo
517 2367 664 2446 pertinent
680 2365 780 2440 ideae,
799 2365 878 2432 locus
898 2366 930 2425 in
948 2365 1074 2426 Platonis
1096 2364 1276 2447 philosophia

83 2457 217 2520 uberrimus
236 2463 427 2543 latissimeque
442 2476 545 2543 patens
555 2486 563 2539 ;
585 2465 690 2521 honum
707 2478 801 2523 autem
817 2462 853 2522 ab
872 2484 904 2524 eo
934 2485 1000 2522 cum
1013 2466 1118 2542 pulcro
1138 2485 1289 2525 essecon··

77 2557 202 2631 junctim:
219 2559 351 2640 idemque
366 2561 407 2627 in,
418 2568 483 2620 vari
499 2560 684 2641 indagatione
698 2581 805 2620 summo
824 2576 882 2619 esse
899 2561 961 2620 loco
977 2560 1115 2622 habitum.

110 2657 214 2738 Triplex
235 2657 324 2733 haec,
344 2679 430 2738 quam
446 2659 528 2734 dixi,
548 2657 710 2738 disquisitio
730 2656 766 2716 de
780 2659 902 2734 pulcro,
922 2657 959 2717 de
983 2679 1050 2717 asro
1074 2672 1102 2718 et
1120 2657 1157 2717 de
1167 2665 1274 2734 justo,

81 2754 116 2812 oui
137 2755 238 2815 lunum
265 2777 297 2816 ac
324 2767 462 2816 sanctum
481 2755 610 2830 accedit,
641 2768 673 2814 ut
690 2752 744 2814 'res
763 2755 890 2813 omnium
907 2755 1030 2815 maxime
1048 2755 1223 2835 expetenda,
1242 2756 1274 2815 in

80 2848 307 2931 disquisitionibus
325 2854 453 2915 Platonis
480 2852 660 2935 gravioribus
687 2852 851 2912 dominatur
871 2852 975 2934 plane:
1006 2868 1033 2913 et
1060 2851 1138 2933 quod
1156 2854 1275 2913 miretur

78 2946 171 3010 stmsse
188 2952 311 3031 aliquis,
331 2954 467 3013 convenit
486 2951 538 3011 illa
558 2970 622 3010 cum
638 2950 780 3011 hodierna
797 2950 994 3032 philosophiae
1020 2952 1194 3032 partitione,
1219 2971 1274 3030 qua

76 3050 154 3122 quaeri
171 3050 243 3109 solet
261 3050 298 3110 de
317 3049 453 3110 facultate
468 3049 631 3125 sentiendi,
650 3048 687 3108 de
701 3049 837 3109 facultate
855 3048 1065 3129 cognoscendi,
1087 3048 1123 3108 de
1138 3048 1274 3109 facultate

76 3147 220 3225 appetendi.
261 3147 319 3208 Sed
345 3147 415 3208 haec
443 3148 552 3207 scilicet
575 3161 616 3206 est
643 3147 753 3227 ingenii
782 3145 902 3206 humani
932 3148 1022 3221 ratio,
1044 3161 1075 3206 ut
1103 3169 1118 3206 a
1148 3146 1274 3227 simplici

75 3243 225 3306 rationein
252 3247 346 3309 varias
373 3260 466 3327 partes
494 3245 689 3326 digrediatur,
718 3244 871 3324 multisque
889 3244 1056 3324 ambagibus
1073 3244 1202 3319 oberret,
1223 3243 1274 3303 sed

75 3341 152 3403 reden
167 3359 263 3405 tamen
282 3344 399 3404 tandem
416 3344 453 3404 ad
472 3343 683 3424 simplicitatem
692 3337 842 3423 pristinam
852 3388 861 3417 ,
880 3357 997 3402 naturae
1005 3362 1167 3422 congruam.
1198 3343 1271 3416 Qua·

75 3436 117 3497 lem
132 3463 195 3502 saue
219 3464 279 3502 esse
304 3443 475 3502 Socraticam
499 3443 657 3516 rationem,
686 3455 715 3500 et
734 3461 802 3502 vero
829 3440 1023 3514 Platonicam,
1044 3460 1097 3498 nec
1123 3440 1273 3518 quisquam
1303 3438 1330 3492 s

74 3541 199 3616 negaverit
208 3584 217 3615 ,
244 3542 295 3620 qui
315 3562 376 3600 eam
392 3555 480 3600 totam
502 3539 696 3620 perspexerit,
717 3553 745 3597 et
762 3537 886 3620 probant
903 3536 989 3596 hodie
1009 3536 1192 3617 philosophi,
1221 3539 1272 3617 qui

73 3636 187 3712 optimam
204 3653 371 3717 quaerentes
389 3640 546 3712 rationem,
566 3650 664 3717 sponte
682 3637 714 3694 in
738 3638 884 3715 antiquam
902 3634 983 3694 illam
1000 3633 1176 3694 inciderunt

148 3832 245 3893 Ducit
264 3835 344 3911 opud
363 3834 521 3893 Platonem
536 3835 722 3911 philosophia
744 3834 783 3890 ad
797 3834 962 3910 pulcrum,
991 3832 1031 3889 ad
1051 3852 1172 3905 amm,

210 3981 216 3987 .
307 3934 499 4008 adjustum,
514 3939 677 4010 praecipue
696 3940 797 3989 autem
815 3933 854 3989 od
873 3952 984 3990 verum.

104 4123 169 4196 Quae
187 4150 251 4188 cum
276 4129 314 4187 ita
334 4130 410 4202 sint,
432 4129 495 4201 via,
521 4127 550 4185 ni
574 4126 678 4200 fallor,
699 4139 776 4207 patet
795 4125 895 4201 nobis,
915 4148 970 4205 qua
981 4171 989 4200 ,
1010 4125 1083 4187 duce
1101 4124 1218 4184 Platone
1241 4137 1269 4183 et

75 4221 126 4278 Veri
140 4226 335 4307 philosophiis,
357 4228 395 4284 sic
416 4224 629 4306 procedendum
650 4226 705 4299 sit,
727 4234 758 4282 ut
777 4225 953 4303 inquiramus
972 4225 1109 4284 continuo
1134 4224 1165 4281 in
1187 4235 1268 4281 natu·

75 4331 121 4374 r³¹11]
139 4340 276 4399 nostram,
305 4326 365 4384 sive
392 4332 528 4382 animum
556 4323 682 4382 hominis
700 4325 814 4401 ejusque
834 4321 1028 4382 conditionem
1046 4334 1219 4401 praesentem
1240 4335 1268 4380 et

75 4413 216 4487 pristinam:
248 4438 309 4484 turn
337 4423 502 4502 singulatim
532 4441 645 4501 agamus
663 4422 788 4501 primum
811 4419 846 4479 de
861 4422 984 4497 pulcro,
1005 4419 1070 4479 itero
1090 4418 1126 4479 de
1148 4440 1267 4494 umore,
