2796 5048
668 244 726 305 566
750 296 755 301 .

79 426 213 495 expetet,
234 408 463 493 pulcritudinem
476 424 676 491 consequetur.
717 413 811 475 Omne
831 412 919 492 igitur
936 412 1063 487 eoelum,
1086 410 1312 491 sisemundus,

78 514 139 573 sive
157 510 260 592 quovis
279 508 337 569 alio
356 506 498 569 vocabulo
515 507 637 589 gaudet,
670 509 724 571 hoe
744 509 862 571 anobis
882 523 1081 592 nuncupatum
1108 510 1177 571 sit·
1199 512 1312 592 nequo

79 608 113 670 id
136 610 261 691 primum
289 606 519 682 consideremus,
539 606 618 686 quod
645 608 794 690 principio
819 622 862 667 est
882 609 915 667 in
934 611 1014 669 omni
1032 611 1205 689 quaestione
1225 610 1311 670 consi·

80 705 261 782 derandum,
291 726 439 787 semperne
467 706 573 779 luerit,
605 706 688 766 nullo
716 722 867 787 generatus
890 722 973 781 ortu,
995 728 1033 766 an
1055 722 1136 768 ortus
1154 709 1195 767 sit
1208 707 1246 767 ab
1264 709 1311 769 ali·

80 825 139 885 quo
155 805 290 885 temporis
317 804 491 885 principatu.
533 805 619 864 Ortus
646 819 704 865 est:
735 805 970 887 quandoquidem
990 806 1123 865 cernitur
1141 820 1172 867 et
1188 808 1310 887 tangitur

79 916 109 962 et
136 916 178 989 est
209 903 338 983 undique
368 922 528 983 corporeus.
570 904 673 963 Omnia
702 919 796 963 autem
815 904 884 963 talia
905 925 1019 963 sensum
1040 919 1178 966 movent:
1201 927 1309 966 sensus·

80 1022 136 1082 que
160 1002 306 1063 moventia
329 1020 403 1081 quae
424 1015 517 1076 sunt,
539 1001 636 1061 eadem
656 1003 686 1061 in
705 1002 844 1083 opinione
863 1001 1036 1077 considunt,
1058 1024 1133 1082 quae
1151 1018 1249 1064 ortum
1266 1005 1306 1064 lra-

83 1100 150 1159 ltere
173 1100 308 1181 gignique
336 1098 481 1159 diximus:
512 1100 589 1159 nihil
614 1115 709 1161 autem
739 1101 817 1181 gigni
836 1102 994 1183 possesine
1012 1103 1128 1165 caussis.
1179 1098 1243 1167 Τόν
1261 1100 1309 1184 μὲν

80 1201 133 1271 oda
150 1199 277 1291 ποιητῆν
295 1205 344 1268 καὶ
366 1201 480 1286 πατέρα
500 1206 588 1268 rorida
610 1208 664 1269 τοῦ
677 1202 794 1283 ,ιιιιντός
813 1203 907 1289 εὑρεῖν
927 1232 957 1270 τε
980 1203 1078 1290 ἔργον,
1101 1206 1151 1270 καὶ
1172 1200 1308 1289 εὑρόντα,

80 1309 121 1386 εἰς
145 1305 257 1385 πάντας
282 1303 428 1373 ἀδύνατον
448 1304 560 1393 Ιλέγειν·
587 1303 659 1372 eride
687 1307 715 1371 δ’
741 1304 780 1373 αὖ
805 1305 893 1372 πάλιν
912 1307 1098 1375 ἐπισκεπτέον
1118 1308 1188 1389 περὶ
1208 1304 1308 1383 αὐτοῦ,

80 1409 158 1498 προς
187 1408 311 1494 πότερον
339 1412 403 1474 τῶν
433 1406 683 1501 παραδειγμάτων
708 1407 727 1475 ο’
754 1408 969 1495 πεπαινόμενος
993 1409 1083 1477 αὐτὸν
1105 1406 1308 1496 ἀπειργάζετο·

80 1511 205 1601 πότερον
235 1510 312 1599 προς
342 1510 376 1577 rei
405 1509 479 1576 antei
508 1507 603 1577 raderi
631 1515 681 1578 καὶ
712 1510 855 1593 ὡσαύτως
884 1513 973 1599 ἕχον,
993 1512 1013 1601 ἢ
1035 1511 1112 1597 προς
1131 1510 1169 1578 τό
1192 1508 1308 1598 γεγονόᾳ

80 1619 120 1684 Ei
136 1616 194 1701 μὲν
214 1612 254 1704 dri
275 1610 367 1693 καλός
380 1613 462 1680 ἔστιν
483 1611 534 1681 ὅδε
559 1613 723 1700 οκόομος,
755 1611 775 1681 ὅ
795 1643 824 1681 τε
853 1614 1039 1704 δημιουργός
1062 1614 1199 1701 α’γιιθὸς,
1231 1618 1309 1702 δῆλον

81 1716 125 1801 οἷς
151 1717 228 1807 προς
252 1716 288 1784 to*
314 1717 410 1783 didace
435 1718 567 1802 ἔβλεπεν·
596 1722 621 1785 εἶ
640 1721 675 1785 dd
695 1754 730 1765 -
750 1718 766 1784 ὃ
788 1720 864 1806 μηδ’,
884 1724 971 1786 εἰπεῖν
992 1722 1047 1786 τινὶ
1073 1718 1170 1802 θέμις
1190 1750 1226 1762 -·
1243 1715 1308 1803 πρός

78 1818 115 1889 rei
139 1821 270 1909 γεγονὸς,
294 1823 382 1887 παντὶ
404 1819 445 1907 oq*
469 1822 563 1908 οιιῳὲς
585 1818 632 1888 ὅτι
656 1819 734 1907 προς
755 1820 794 1887 το
815 1821 929 1890 cliticon·
964 1821 982 1888 ὁ
1003 1823 1061 1907 μὲν
1086 1818 1148 1909 γάῤ
1169 1819 1308 1897 κάλλιστος

79 1929 142 1993 τῶν
164 1921 343 2011 γεγονότων,
368 1922 395 2011 ¹o'
422 1924 450 1990 δ’
473 1922 593 2009 ἄριστος
614 1930 674 1991 τῶν
701 1927 818 1989 αἰτίων·
848 1920 943 2010 atque
961 1933 1051 1990 illum
1082 1933 1210 2008 quidem
1235 1934 1307 2009 queri

78 2043 237 2114 parentem
267 2034 360 2110 hujus
389 2040 603 2093 ursiverst'totis
633 2041 791 2109 invenire,
813 2032 956 2111 difficile:
986 2040 1016 2089 at
1042 2052 1114 2088 eum
1136 2035 1213 2105 jam
1235 2035 1302 2085 ιἰιιι-

81 2140 182 2208 neris,
211 2132 349 2191 indicare
378 2134 411 2191 ἰἰι
435 2134 561 2213 vulgus,
584 2134 681 2208 nesea.
724 2131 848 2189 Rursus
868 2137 972 2211 igilur
993 2129 1182 2201 videndum,
1201 2126 1297 2201 illeso·

80 2234 215 2291 drieotor
229 2238 312 2290 taret!
332 2240 429 2309 operas
448 2240 553 2289 ulrum
572 2238 614 2288 rit
631 2237 773 2289 imilolns
793 2229 966 2307 orornpler,
987 2228 1075 2301 idne,
1098 2228 1184 2305 quod
1210 2243 1302 2303 seraper

83 2352 178 2389 ιιιιιιοι
205 2339 234 2387 et
261 2330 359 2405 idern,
381 2339 410 2385 et
434 2350 481 2385 ιιιι
508 2330 623 2402 sentila,
645 2351 685 2386 ιιιι
704 2331 756 2402 id,
778 2329 854 2407 quod
870 2323 1305 2409 generatumortamqnsdi·
1334 2394 1341 2415 ς

79 2436 186 2489 rimus.
239 2426 336 2506 Atqui
366 2432 394 2484 ri
417 2426 527 2507 pulcer
553 2437 596 2486 est
625 2429 673 2486 iric
702 2429 852 2502 ιιιιιοᾱιιι,
882 2433 911 2486 ri
938 2427 1049 2503 probus
1076 2430 1147 2499 ejus
1180 2425 1308 2499 artifex:

78 2528 212 2606 prffeeto
232 2533 356 2607 speeiem
375 2508 570 2586 deternitatir
585 2533 708 2584 imitari
728 2528 856 2585 ιιιιιίιιίί.Ι
878 2532 926 2583 ain
952 2544 1053 2597 secus,
1075 2524 1156 2601 quod
1180 2545 1219 2580 ne
1239 2520 1311 2581 dictu

82 2626 200 2707 quidem
220 2627 279 2701 sas
307 2637 371 2700 est,
399 2635 579 2707 generatam
605 2627 770 2705 exemplum
785 2635 836 2685 ast
861 2646 916 2703 pro
936 2632 1056 2681 aeterno
1074 2632 1228 2684 secutus..
1254 2618 1311 2679 Nn

79 2733 182 2808 igitur
207 2710 350 2799 dubitans,
389 2733 463 2802 quin
490 2732 702 2783 aeternitalem
731 2726 879 2783 anulusrit
908 2727 1047 2799 exsequi,
1077 2722 1311 2801 quandoquidem

80 2844 175 2903 nsque
197 2824 306 2883 mundo
327 2824 490 2902 quidquam
503 2825 667 2902 ,paleriam
689 2845 782 2901 neque
801 2829 868 2898 ejece
888 2822 1079 2899 aedificatore
1089 2826 1310 2898 praestantius.

78 2914 127 2984 Sic
155 2943 221 3003 ergo
247 2935 413 3001 generatus,
442 2919 480 2979 ad
508 2919 539 2980 id
569 2935 610 2981 est
631 2922 765 2995 effectus,
786 2918 865 3000 qnod
886 2920 996 2978 ratione
1017 2919 1223 2999 sapientiaque
1247 2938 1310 2977 com·

78 3020 288 3104 prehenditur,
309 3033 393 3099 atque
414 3018 589 3080 immutabili
610 3020 778 3079 aeternitate
804 3019 979 3079 continetur.
1027 3016 1151 3096 Exque
1174 3016 1312 3091 efficitur,

82 3135 115 3181 ut
140 3119 179 3179 sit
209 3137 345 3194 neeesse,
373 3118 474 3193 hune,
504 3140 588 3198 quem
614 3100 776 3194 cernimus,
804 3115 946 3177 mundum
965 3114 1151 3174 simulacrum
1170 3130 1313 3175 aeternnm

82 3240 140 3281 esse
159 3217 283 3294 alicujus
301 3218 446 3276 aeterni.»
474 3214 502 3296 l)

121 3315 332 3395 intelliguntur·
358 3313 428 3374 haec
458 3314 563 3390 facile,
584 3316 616 3375 ni
644 3314 795 3389 fallimur,
816 3312 980 3373 ePlatonis
1000 3309 1133 3371 doctrina
1151 3311 1191 3370 de
1211 3312 1315 3373 mundo

83 3416 182 3503 νομῷ
210 3436 242 3474 ae
274 3412 310 3472 de
338 3411 413 3473 ideis
423 3434 538 3493 ,quam
566 3414 599 3473 in
628 3398 692 3475 veri
720 3410 905 3495 philosophia
932 3410 1128 3493 exposuimus.
1170 3411 1283 3491 Ipsa'
1260 3431 1316 3490 eJus

85 3500 121 3587 ase
148 3520 208 3597 Deo
238 3533 322 3598 atque
354 3520 491 3579 universo
510 3518 616 3600 placita
638 3541 653 3579 e
672 3518 861 3599 Pythagorica
881 3531 949 3577 sunt
968 3514 1125 3598 disciplina
1144 3519 1315 3599 repetenda:

84 3633 112 3683 et
131 3640 198 3679 rero
218 3618 411 3698 Pythagoreus
430 3638 462 3675 ae
481 3619 616 3698 princeps
635 3616 707 3678 adeo
727 3616 815 3696 hujus
843 3616 957 3676 scholae
981 3615 1033 3675 ille
1060 3628 1121 3689 est,
1141 3637 1231 3694 quem
1252 3618 1315 3677 haec

82 3731 296 3837 exponentem
301 3716 382 3775 Plato
410 3716 540 3799 induxit.
574 3720 715 3777 Attamen
743 3716 891 3775 Platonica
923 3728 1008 3789 sunt,
1039 3734 1112 3793 quae
1140 3712 1192 3773 hle
1213 3713 1250 3778 de
1268 3714 1316 3778 τοῦ

82 3813 167 3905 ὄντος
191 3836 218 3880 et
243 3819 296 3882 τοῦ
313 3815 499 3900 γιγνομένου,
522 3821 558 3880 ‹le
576 3815 704 3929 νοήσεως
720 3835 748 3880 et
765 3814 856 3902 δόξης
873 3819 1042 3881 discrimine
1061 3818 1215 3881 dicuntur.
1257 3822 1315 3881 Pla·

83 3925 179 3987 tonica
206 3924 239 3983 in
265 3923 388 4009 primis,
417 3944 489 4003 qnae
520 3945 585 3982 cum
615 3890 710 3998 ideas,
743 3937 803 3983 tum
832 3923 965 3983 maxime
975 3941 1010 3985 το
1004 3911 1154 3999 ἀγαθον
1176 3933 1316 3999 spectant.

82 4025 139 4083 Nos
165 4043 231 4080 eum
256 4022 350 4080 locum
377 4021 499 4080 illum
491 4044 524 4081 sn
552 4021 732 4104 philosophia
768 4023 916 4095 Platonis,
937 4021 987 4099 qui
1014 4020 1050 4080 de
1081 4019 1157 4079 ideis
1175 4033 1220 4079 est
1240 4017 1317 4078 etde

84 4116 242 4193 idealibns,
264 4141 336 4203 equae
368 4136 526 4194 vocantur,
549 4120 777 4201 explicaremus,
800 4142 858 4180 non
888 4117 1027 4195 aliunde,
1051 4118 1101 4178 sed
1131 4117 1205 4177 hinc
1237 4117 1318 4178 unice

86 4220 348 4300 interpretationem
376 4233 502 4280 nostram
533 4220 679 4279 duximus.
732 4220 768 4278 Et
796 4241 873 4278 nnnc
899 4216 1035 4297 quidem,
1066 4231 1220 4300 postquam
1250 4216 1317 4293 haec

87 4412 483 4510 'serenare-aon.
