2796 5048
651 249 709 310 tot

10 456 13 461 .
98 410 292 489 Agnoscimus
322 411 354 469 in
374 410 420 469 his
439 411 549 485 multa,
580 428 652 488 quae
683 411 860 471 Platonicam
889 410 1051 471 doctrinam
1066 413 1205 472 referunt.
1247 412 1296 486 Si-

56 507 171 567 militer
198 509 356 588 progressio
383 511 509 567 occurrit
538 507 664 566 hominis
693 508 730 567 ad
746 510 920 584 scientiam,
950 509 1084 568 similiter
1103 511 1134 569 in
1153 509 1206 569 hac
1228 533 1296 592 pro-

56 605 204 685 gressione
224 613 358 683 apiriam
373 607 532 686 opponitur
551 615 679 664 scientio
688 652 697 681 ‚
718 605 845 665 studium
861 621 980 688 apparet
998 593 1134 666 similiter
1152 618 1296 668 scientiae

53 716 88 763 et
106 711 263 763 centoria.
308 705 345 763 Et
370 703 447 782 quod
477 696 656 785 κατάληψιν,
686 707 972 783 comprehensionem
1005 704 1128 764 similem
1155 705 1192 764 iis
1211 699 1297 765 rebus

54 799 157 874 dixit,
178 820 356 874 queemenu
369 804 614 880 praedarentur,
636 807 668 866 id
689 806 786 878 dixit,
806 803 885 883 quod
902 805 1075 863 recentiores
1094 803 1211 882 linguae
1236 822 1296 862 ver·

13 888 18 895 ¹
55 896 315 978 bisexprimunt,
335 913 368 958 ut
387 900 785 978 hiscecomprendrc,
815 904 1296 975 cottan,heaotten,he-

53 996 247 1077 grej'pen,
268 998 503 1077 legrippen
527 1002 710 1083 krtjgen,
728 1018 781 1058 uec
801 1019 869 1060 vero
890 998 1025 1056 abhorret
1043 996 1120 1056 idem
1132 997 1169 1054 ab
1188 999 1299 1058 aviario

56 1092 202 1153 Platonis.
245 1094 317 1152 Nam
340 1104 372 1154 nt
389 1095 437 1155 hle
457 1098 490 1157 in
518 1098 693 1173 Theaeteto,
716 1095 795 1179 quod
832 1095 1032 1176 exposuimus,
1056 1087 1177 1175 κήρινόν
1207 1112 1236 1154 τι
1264 1092 1296 1154 ἒν

56 1192 128 1264 τοῖς
145 1193 264 1271 ψυχαῖς
284 1186 336 1252 cdx
359 1185 417 1252 οἷδ’
438 1186 458 1254 ὅ
479 1216 507 1254 τι
527 1189 651 1273 πλάσμα
674 1195 704 1277 l)
729 1197 902 1268 effinxerat,
930 1195 971 1252 ita
988 1193 1127 1276 deinceps
1145 1196 1177 1254 in
1197 1196 1296 1255 eodem

54 1288 178 1371 dialogo
188 1294 317 1351 animum
336 1293 482 1370 hominis,
500 1297 637 1357 scientiae
648 1292 841 1358 declarandae
857 1291 972 1365 caussa,
985 1293 1095 1352 aviario
1113 1295 1300 1374 comparauit.

17 1460 24 1469 ·
53 1388 217 1462 Quaeritur
234 1390 316 1464 illic,
335 1392 577 1470 quemadmodum
598 1414 650 1452 nos
669 1395 818 1454 scientiam
838 1391 916 1449 nacti
935 1402 962 1448 et
982 1387 1089 1449 hahere
1108 1412 1170 1450 eam
1189 1404 1217 1450 ct
1236 1412 1296 1450 non

56 1484 168 1544 babere
185 1486 245 1547 dici
265 1491 407 1569 possimus
418 1512 436 1546 :⁴
452 1490 531 1569 qnod
560 1478 694 1573 e‘xemplo
721 1489 851 1549 illustrat
870 1486 1016 1565 hominis,
1037 1489 1088 1568 qui
1106 1501 1214 1548 uestem
1233 1491 1301 1548 emit

56 1602 93 1641 ac
115 1577 262 1662 possidet,
281 1608 341 1645 non
361 1607 430 1647 uero
449 1589 533 1667 gerit.
578 1610 593 1642 «ι
604 1589 663 1648 Sed
680 1585 878 1666 'eide,inquit
887 1583 1035 1658 Socrates,
1055 1606 1127 1644 num
1143 1584 1199 1646 hoc
1217 1585 1301 1646 modo

55 1678 125 1739 fieri
144 1683 250 1760 possit,
267 1697 300 1743 ut
319 1682 469 1751 scientiam
488 1688 566 1745 nacti
588 1701 684 1746 tamen
695 1707 754 1744 non
765 1670 921 1743 habeamus
938 1703 1001 1740 eam
1021 1697 1106 1761 atque
1124 1683 1298 1758 aberremus,

56 1777 154 1837 veluti
164 1825 172 1852 ,
194 1780 294 1859 siquis
312 1781 467 1861 sylvestres
488 1803 572 1858 arcs,
590 1783 738 1843 columbas
754 1783 816 1841 sive
833 1777 916 1838 aliud
934 1779 1007 1858 quid
1030 1795 1151 1842 renatus
1161 1825 1170 1855 ,
1189 1780 1300 1841 aviario

26 1904 37 1913 ·
56 1875 140 1935 domi
162 1890 348 1954 constructo,
367 1879 445 1954 alat,
463 1879 673 1957 quodammodo
684 1879 791 1939 habere
809 1899 856 1936 eas
877 1876 1302 1960 sempe1·dicitur,quodpos-

58 1973 140 2033 sidet
150 2019 158 2049 ,
178 1974 389 2053 quodammodo
409 1997 476 2037 vero
496 1977 609 2038 nullam
624 1977 749 2052 habere,
776 1974 827 2035 sed
844 1972 1012 2032 facultatem
1031 1975 1088 2054 ipsi
1107 1977 1140 2034 in
1159 1994 1206 2034 eas
1223 1994 1283 2034 esse
1292 2021 1301 2050 ,

56 2084 111 2142 nt,
130 2092 332 2151 quamcunque
347 2074 477 2151 ¹volucrit
486 2118 495 2149 ,
525 2077 621 2156 capiat
648 2073 830 2166 habeatque,
852 2090 1007 2149 rursusque
1027 2071 1175 2147 dimittat,
1187 2087 1222 2131 et
1242 2073 1297 2132 hoc

55 2168 117 2249 ipsi
140 2168 227 2227 licere
255 2170 368 2245 lacere,
397 2172 625 2252 quotiescunque
643 2173 794 2232 libuerit.''
814 2172 848 2252 2)
889 2169 967 2228 Hinc
986 2169 1136 2250 duplicem
1155 2169 1300 2252 esseeffi-

52 2267 100 2326 cit
116 2266 255 2325 scientiae
283 2268 389 2347 veluti⁴
405 2271 608 2345 venationem,
637 2270 756 2331 alteram
784 2267 955 2352 possidendi
984 2269 1104 2341 caussa,
1122 2282 1293 2348 anteaquam

52 2363 125 2440 quis
135 2377 236 2423 nactus
246 2366 344 2440 fuerit,
363 2367 493 2440 alteram,
504 2362 655 2448 postquam
671 2370 760 2428 luerit
772 2383 874 2428 nactus
883 2409 893 2441 ,
905 2362 962 2424 toti
985 2366 1112 2444 λαβεῖν
1132 2364 1181 2426 καὶ
1199 2362 1298 2446 ἐχειν

55 2458 193 2534 &raaia
213 2458 492 2544 χερσίνᾶπάλαι
520 2458 671 2546 ἐκέκτητο,
695 2480 732 2527 ut
759 2474 910 2542 captat
937 2471 1214 2542 manibusque
1244 2479 1293 2526 te-
1369 2456 1375 2466 ⁰

57 2583 134 2623 neo
144 2572 259 2638 t,qaoe
270 2569 557 2640 onteofaitnoetue
567 2564 608 2646 3).
631 2568 783 2646 ingeniose
793 2566 864 2624 haec
883 2565 966 2624 Plato
982 2565 1123 2645 longeque
1141 2565 1294 2637 festivius,

52 2680 145 2740 quarn
155 2660 269 2722 Stoicus
278 2663 347 2740 itte3
359 2677 389 2723 at
398 2666 506 2744 pariter
516 2665 600 2724 ambo
611 2663 772 2724 naturalem
790 2664 910 2737 mentis,
920 2680 1006 2741 quam
1016 2663 1133 2742 linguae
1151 2661 1298 2741 produnt,

54 2756 166 2838 agendi
194 2760 334 2820 rationem
364 2776 577 2842 expresserunt,
619 2760 677 2821 Sed
704 2761 837 2838 quamvis
863 2761 959 2819 Stoica
979 2759 1032 2820 illa
1051 2758 1087 2817 de
1116 2760 1254 2839 opinione
1271 2772 1299 2817 et

55 2857 181 2917 scientia
191 2851 299 2938 placita
318 2872 346 2916 et
361 2861 520 2934 convenire
538 2879 605 2919 cum
615 2859 773 2918 Platonicis
791 2875 923 2918 nestero
942 2856 1102 2936 rejicienda
1114 2855 1301 2937 philosophis

57 2953 228 3028 videantur,
237 2955 410 3031 cavendum,
420 2978 457 3016 ne
468 2942 593 3017 Zenonis
607 2956 835 3039 philosophandi
846 2959 986 3016 rationem
996 2974 1062 3013 cum
1072 2954 1124 3013 illa
1135 2955 1296 3014 confunda·

56 3070 228 3132 mus,quarn
238 3054 320 3114 Plato
330 3056 491 3135 usurpavit.
515 3059 699 3136 Dogmaticus
711 3056 764 3115 ille
774 3069 848 3114 erat:
859 3054 1015 3133 quaerebat
1023 3052 1151 3132 quidem,
1161 3053 1298 3132 quemad·

55 3149 178 3210 modum
195 3172 246 3231 per
265 3173 363 3211 sensus
380 3156 494 3211 animus
522 3176 617 3212 rerum
646 3155 778 3214 notiones
804 3153 980 3233 susciperet,
1000 3151 1130 3232 quidque
1151 3151 1297 3231 agendum

55 3264 133 3310 essct
149 3248 281 3325 homini,
307 3265 339 3310 ut
366 3252 517 3311 scientiam
536 3267 566 3312 et
595 3255 745 3314 veritatem
773 3265 989 3331 assequeretur3
1023 3250 1074 3310 sed
1093 3266 1126 3308 co
1151 3244 1297 3331 spectabat

56 3336 176 3429 proprie
193 3349 250 3409 viri
270 3347 418 3424 studium,
438 3363 472 3408 ut
490 3349 569 3430 quod
589 3353 646 3432 ipsi
667 3371 769 3414 verum
788 3363 955 3426 certumque
975 3344 1069 3408 uisum
1089 3361 1180 3421 esset,
1200 3347 1232 3405 id
1251 3347 1297 3404 tir-

39 3447 146 3505 miter
163 3459 262 3505 tenere
282 3461 367 3526 atque
383 3448 419 3506 ab
440 3450 585 3508 Arcesilae
616 3452 863 3530 scepticorumque
891 3444 1126 3505 dubitationibus
1145 3441 1297 3504 vindicare

56 3556 165 3624 posset
205 3545 305 3623 Itaque
315 3590 324 3619 ,
346 3548 431 3605 nteit
450 3549 551 3606 (licem
560 3588 569 3621 ,
587 3549 662 3624 quod
680 3556 749 3605 erat
766 3566 855 3603 sensu
871 3545 1114 3620 comprehensum
1124 3586 1132 3615 ,
1147 3543 1181 3599 e'd
1196 3549 1297 3618 ipsum

54 3660 185 3700 uncum.
198 3642 386 3719 appellabat,
407 3654 455 3718 at,
477 3653 504 3702 η’
522 3652 569 3702 ito
596 3654 666 3702 eret
683 3645 945 3720 comprehensam,
964 3650 1009 3698 ut
1027 3641 1215 3699 convelli
1233 3656 1298 3696 ro·

55 3747 177 3797 tione
208 3763 275 3798 reon
301 3753 463 3818 poseat,
495 3750 664 3802 scientiam.
724 3741 807 3799 Plato
822 3761 894 3800 vtero
915 3739 1066 3797 scientiam
1096 3751 1124 3796 et
1146 3739 1297 3798 veritatem

56 3859 120 3897 non
140 3836 178 3895 ad
195 3838 301 3918 placita
320 3854 347 3898 et
367 3839 533 3917 doctrinas,
546 3825 604 3901 'sed
625 3840 663 3900 ad
682 3840 758 3920 ipsas
781 3839 886 3897 mentis
906 3838 1038 3896 notiones
1059 3836 1213 3910 retulerat,
1232 3836 1296 3914 qui·

54 3935 116 3994 bus
131 3948 160 3993 et
177 3936 286 4017 placita
306 3951 335 3996 et
354 3937 502 3998 doctrinas
522 3940 688 4038 ipsa-mens
708 3937 893 4015 dijudicaret.

10 4215 22 4224 ’
92 4211 121 4277 1)
144 4214 241 4266 rrae.
258 4214 365 4267 rar-n.

91 4296 122 4362 a)
140 4301 203 4353 aaa.
223 4300 252 4353 c.
341 4367 344 4370 ⁴

92 4379 122 4445 a)
141 4384 202 4436 un.
220 4383 277 4435 aas.
296 4387 324 4436 o.
