2796 5048
660 259 713 317 147

68 408 296 497 προτρελτεσθαι
318 419 454 478 facultate
483 410 626 495 naturili,
648 435 707 478 turn
738 441 773 479 ex
799 420 972 482 discentium
1001 439 1101 484 natura
1128 440 1156 485 et
1183 429 1298 508 ingenio

70 517 259 597 intelligitur.
303 518 339 576 Et
358 519 483 598 primurn
506 520 622 598 quidem
647 517 732 577 rudes
753 518 845 577 videri
870 521 1000 601 plerique
1028 537 1055 582 et
1075 523 1186 584 indocti
1213 525 1297 585 debe·

71 616 145 675 bant
156 663 164 691 ,
186 615 293 694 quibus
310 617 417 696 quippe
438 614 565 676 Socrates
584 638 696 675 omnem
720 615 869 676 doetrinae
893 623 1015 700 speciem
1034 622 1074 679 sic
1094 623 1296 704 interrogando

68 713 230 788 adimeret,
252 727 283 771 ut
302 715 357 794 ipsi
378 729 547 793 cogerentur
561 716 658 789 fateri,
680 716 785 794 quique
800 715 920 775 aderant
935 718 1094 777 faterentur
1113 734 1213 800 sponte
1232 742 1296 797 sua,

68 834 131 873 esse
150 813 233 872 illam
254 833 350 893 reapse
369 815 491 892 speeiem
520 814 650 887 inanem,
680 813 840 871 doctrinam
869 816 978 890 inesse,
1000 818 1019 875 i.
1041 838 1065 875 e.
1088 837 1182 875 rerum
1205 822 1297 879 scien·

66 911 161 986 tiam,
182 910 304 970 nullam.
347 910 404 969 Sed
423 910 526 984 iidem,
547 908 592 969 his
613 912 696 969 vanis
716 911 851 988 falsisque
870 913 1057 992 opinionibus
1076 913 1210 990 liberati,
1230 920 1298 996 qui-

66 1009 126 1068 bus
146 1030 231 1071 verae
255 1008 505 1084 excludebantur,
527 1008 721 1089 suscipiebant
740 1010 801 1086 jam
819 1025 920 1090 sponte
944 1033 993 1069 sua
1017 1012 1163 1075 doctrinas
1181 1037 1278 1077 omnes
1288 1064 1297 1093 ,

67 1129 145 1187 quae
163 1105 202 1165 ad
220 1129 314 1165 rerum
329 1109 478 1168 seientiam
498 1108 645 1167 ducerent.
688 1108 758 1165 Nam
778 1109 852 1166 inest
871 1111 972 1167 naturd
992 1110 1104 1171 homini
1123 1135 1201 1174 amor
1223 1118 1294 1177 veri.

68 1192 159 1281 Quod
188 1204 264 1264 vidit
283 1221 364 1264 acute
378 1206 476 1281 Plato,
498 1221 542 1282 et,
565 1228 616 1265 nos
641 1218 672 1263 ut
696 1204 875 1280 rideremus,
897 1209 1003 1266 s'ummd
1031 1209 1179 1271 evidenti&
1199 1215 1297 1296 expli-

65 1305 141 1363 cuit.
183 1301 366 1382 Νομίζοντες
391 1299 462 1386 γάρ,
490 1313 547 1384 ait,
575 1301 603 1364 oi
628 1301 821 1383 καθαίροντες
847 1299 966 1381 adroic,
993 1298 1091 1390 οἵσπερ
1119 1305 1147 1368 οἱ
1172 1305 1297 1393 usqisti

65 1396 198 1483 σώματα
224 1404 321 1488 ἰατροὶ
346 1403 524 1484 νενομίκασι,
551 1402 596 1488 μή
618 1400 763 1489 πρότερον
784 1402 820 1468 ἄν
841 1407 895 1488 τῆς
915 1404 1158 1492 προσφερομένης
1179 1411 1297 1495 τροφής
1318 1414 1326 1427 “

63 1502 232 1569 ἀπολαύειν
251 1502 401 1571 δύνασθαι
427 1508 530 1588 σῶμα,
557 1508 627 1591 πρὶν
654 1504 690 1569 δν
716 1503 753 1569 rei
780 1508 979 1588 ἐμποδίζοντα
1006 1508 1038 1571 ἒν
1063 1506 1161 1598 ἑαυτῷ
1181 1512 1226 1591 τίς
1247 1514 1295 1577 ἐκ·

61 1604 166 1696 βάλῃ,
193 1606 302 1672 ταυτδν
326 1609 375 1672 καὶ
401 1611 468 1692 περὶ
493 1609 599 1692 ψυχῆς
620 1606 819 1693 διενοήθησαν
840 1611 953 1674 ἐκεῖνοι·
975 1609 1020 1693 μή
1040 1607 1185 1699 πρότερον
1206 1613 1297 1701 αὐτήν

61 1712 145 1787 ἕξειν
169 1713 229 1775 τοῖν
256 1709 505 1797 προσφερομένων
525 1707 721 1794 μαθημάτων
743 1708 854 1796 ὄνησιν,
882 1715 951 1798 πρὶν
971 1711 1007 1777 cir
1029 1711 1159 1800 ἐλέγχων
1179 1719 1224 1794 τίς
1244 1715 1298 1783 teir

62 1812 274 1896 ἐλεγχόμενον
292 1817 332 1892 εἰς
359 1813 505 1898 αἰσχύνην
536 1810 734 1897 καταστήσας,
766 1812 818 1892 scie
847 1821 907 1892 τοῖς
933 1813 1113 1902 μαθήμασιν
1139 1819 1298 1900 ἐμποδίους

62 1915 164 1994 δόξας
193 1916 318 1994 tester,
345 1917 483 2001 καθαρόν
509 1911 664 2004 ἀποφήνῃ)
691 1921 739 1980 καὶ
769 1919 865 1981 ταῦτα
890 1915 1069 2002 η’γοήμενον,
1101 1919 1175 2006 ἅπερ
1203 1920 1297 2001 οἶδεν,

60 2019 177 2084 εἰδέναι
207 2015 305 2100 μόνα,
340 2020 429 2082 πλείω
464 2018 499 2082 δὲ
525 2016 584 2104 μή·
618 2033 825 2084 existimantes
861 2032 960 2100 enim,
990 2033 1042 2102 qui
1080 2026 1130 2084 laos
1158 2049 1296 2113 purgare

61 2135 235 2200 nituntur,
266 2134 302 2182 ut
328 2126 361 2182 de
381 2129 552 2201 corporibus
576 2134 754 2184 existiment
780 2124 887 2180 oeedice'
898 2170 905 2196 ,
934 2146 992 2180 reon
1016 2145 1099 2200 posse
1119 2146 1226 2202 eorpus
1248 2128 1296 2184 ul-

62 2228 131 2282 tate
156 2227 218 2307 eibp
241 2230 381 2297 nutriri,
410 2234 591 2301 anteaquam
617 2226 829 2300 impertinente
855 2230 922 2300 quis
943 2229 1080 2298 ejecerit,
1113 2225 1213 2281 eidem
1242 2246 1297 2281 ra-

61 2334 150 2382 tione
170 2324 221 2380 illi
239 2324 273 2380 de
294 2330 394 2380 eninm
410 2325 616 2397 judicarunt,
644 2344 702 2380 nen
722 2331 814 2397 prius
836 2322 916 2401 burte
941 2344 976 2378 es
998 2322 1103 2379 αἰδοῖοι
1126 2322 1297 2398 disciplinis
1324 2399 1327 2404 ι

50 2425 210 2499 fructum
230 2442 289 2479 esse
307 2431 470 2496 capturum
481 2466 488 2493 ,
510 2444 600 2499 quem
613 2422 801 2499 redarguens
822 2429 889 2496 quis
909 2442 989 2493 οιιιιι,
1007 2427 1059 2496 qui
1079 2421 1294 2500 redarguitur,

57 2530 225 2599 postquem
235 2523 318 2596 feeit
329 2530 363 2576 nt
379 2521 564 2577 erubesceret
572 2565 580 2594 ,
592 2521 719 2577 sublectis
734 2520 921 2593 opinionibus
936 2525 1023 2575 eureis
1033 2561 1050 2591 ,,
1062 2518 1295 2594 disciplinarum

60 2621 309 2697 impedimentis,
332 2641 450 2697 purum
477 2617 631 2694 effecerit,
658 2618 729 2674 leuee
759 2637 788 2672 se
816 2623 893 2672 scire
917 2624 1079 2692 putentem
1108 2617 1188 2690 solu,
1220 2641 1293 2694 quoe

60 2728 171 2794 nevit,
188 2719 284 2796 plura
305 2739 372 2776 vere
396 2740 425 2775 se
449 2739 507 2774 κοιι
526 2725 613 2774 seire.
638 2712 666 2793 1)
695 2710 828 2772 Medetur
847 2713 935 2791 igitur
959 2715 1058 2786 animo„
1072 2708 1223 2795 μαιευτική
1233 2763 1242 2791 ,
1263 2731 1295 2775 ut

63 2831 146 2893 totus
162 2817 334 2899 penitusque
363 2831 497 2890 sanatus,
518 2815 607 2894 possit
630 2813 736 2872 deinde
757 2810 952 2870 doctrinarum
976 2815 1117 2895 suscipere
1139 2816 1294 2890 alimenta,
1365 2888 1367 2893 Ι

63 2916 212 2997 possitque
231 2913 326 2990 idem,
347 2913 421 2971 bene
445 2914 491 2971 his
514 2913 640 2971 nutritus
660 2926 687 2970 et
705 2910 919 2983 corroboratus,
941 2913 1121 2990 gravissimos
1149 2917 1295 2995 suscipere

69 3036 100 3072 ac
120 3013 276 3096 perdurare
294 3011 331 3072 ad
348 3010 561 3071 inveniendum
580 3033 678 3071 verum
700 3025 726 3068 et
746 3012 776 3067 in
797 3009 873 3068 vitae
894 3030 974 3066 usum
993 3012 1200 3071 conferendum
1216 3014 1292 3073 labo·

70 3135 121 3171 res.
144 3113 254 3170 Verum
270 3111 338 3169 haec
353 3107 522 3189 μαιευτικής
536 3132 601 3168 curu
621 3109 737 3168 salutari
758 3122 816 3165 arte
836 3100 1027 3186 comparatio,
1050 3125 1080 3168 ut
1099 3112 1233 3189 frequens
1253 3127 1294 3170 est

74 3209 148 3290 apud
166 3209 332 3286 Platonem,
362 3213 468 3292 qnippe
497 3232 611 3291 prorsus
636 3222 753 3266 naturae
781 3225 925 3283 congrua,
947 3206 985 3263 ita
1014 3207 1231 3287 diligentissime
1253 3224 1293 3267 est

77 3307 106 3365 ab
125 3331 159 3368 eo
173 3310 206 3366 in
226 3307 367 3385 Sophiste
382 3312 526 3368 instituta:
549 3329 633 3387 quam
649 3305 871 3386 disputationem
888 3324 934 3376 eo,
949 3325 1005 3382 quo
1025 3308 1155 3386 procedit
1165 3353 1173 3381 ,
1192 3307 1292 3366 ordine

79 3424 262 3487 apponemus,
282 3430 338 3486 quo
365 3410 453 3487 magis
473 3429 509 3466 ex
540 3407 591 3465 illo
620 3405 801 3464 dialecticam
831 3401 1131 3482 Platonicam,qua1n
1156 3404 1292 3485 deinceps

80 3506 272 3579 tractabimuS,
294 3495 342 3564 ht'c
359 3509 419 3583 jam
438 3505 645 3583 quodammodo
666 3502 852 3583 degustemus.

117 3597 301 3684 ((Κιίθαρσις
322 3605 410 3663 animi
433 3597 553 3682 ἔλεγχος
574 3588 1127 3679 esurireppeeaeeeeerj:qu0dani1n0
1146 3621 1209 3658 cum
1228 3623 1293 3660 eor-

61 3720 137 3778 pore
154 3706 259 3765 collato
276 3720 376 3786 sponte
394 3719 520 3786 apparet.
563 3705 635 3763 Nam
654 3700 764 3781 duplex
784 3714 825 3758 est
848 3718 980 3778 perversa
1000 3699 1124 3776 corporis
1144 3699 1290 3758 conditio:

54 3819 136 3865 cum
163 3799 268 3878 νόσος,
307 3807 330 3863 si
358 3804 437 3861 intus
466 3817 630 3883 corruptum
659 3814 700 3858 est
709 3845 717 3873 ,
749 3813 809 3858 tum
834 3789 938 3875 αἶσχος
955 3830 972 3866 ,·
992 3795 1016 3852 si
1044 3810 1163 3854 externo
1192 3797 1291 3854 habitu

44 3906 143 3965 male
170 3929 199 3965 se
229 3906 325 3965 habet.
386 3902 506 3979 Utrique
540 3901 611 3960 vitio
644 3900 813 3978 corrigendo
842 3922 886 3958 ars
914 3894 1124 3955 accommodata
1152 3908 1213 3967 est,
1245 3895 1292 3952 illi

35 3987 198 4085 ἰατρική,
219 4006 288 4063 huic
309 3993 496 4080 pepercerim).
507 4028 541 4037 -
556 3998 672 4078 Dupler
689 3998 756 4054 item
773 4000 860 4056 animi
872 3996 977 4054 uralum
993 4007 1047 4051 est:
1064 4008 1104 4050 cst
1121 3994 1165 4052 vel
1180 3985 1291 4066 α’δικία,

31 4105 121 4163 vel
146 4103 273 4185 α’μαθιά.
316 4105 369 4162 His
388 4105 412 4161 si
436 4102 596 4181 quaerimus
616 4118 754 4175 quaenam
773 4095 940 4153 medeantur
957 4092 1153 4172 potissimum,
1175 4094 1292 4170 injusti-

27 4195 129 4265 tiae
149 4208 314 4270 adhibenda
333 4196 486 4281 κολαστική
519 4201 579 4257 site
612 4193 677 4273 δίκη
712 4210 770 4267 est,
798 4194 927 4252 inscitiae
948 4183 1144 4268 διδασκαλική.
1184 4193 1292 4252 Verum
