<?xml version="1.0" encoding="UTF-8"?>
<!DOCTYPE html PUBLIC "-//W3C//DTD XHTML 1.0 Transitional//EN"
    "http://www.w3.org/TR/xhtml1/DTD/xhtml1-transitional.dtd">
<html xmlns="http://www.w3.org/1999/xhtml" xml:lang="en" lang="en">
 <head>
  <title>
</title>
<meta http-equiv="Content-Type" content="text/html;charset=utf-8" />
  <meta name='ocr-system' content='tesseract 3.04.00' />
  <meta name='ocr-capabilities' content='ocr_page ocr_carea ocr_par ocr_line ocrx_word'/>
</head>
<body>
  <div class='ocr_page' id='page_1' title='image "./initiaphilosoph00heusgoog_0454.png"; bbox 0 0 2796 5048; ppageno 0'>
   <div class='ocr_carea' id='block_1_1' title="bbox 673 228 732 287">
    <p class='ocr_par' dir='ltr' id='par_1_1' title="bbox 673 228 732 287">
     <span class='ocr_line' id='line_1_1' title="bbox 673 228 732 287; baseline 0 0"><span class='ocrx_word' id='word_1_1' title='bbox 673 228 732 287; x_wconf 76' lang='lat'><strong>413</strong></span> 
     </span>
    </p>
   </div>
   <div class='ocr_carea' id='block_1_2' title="bbox 58 387 1369 3897">
    <p class='ocr_par' dir='ltr' id='par_1_2' title="bbox 58 387 1316 475">
     <span class='ocr_line' id='line_1_2' title="bbox 58 387 1316 475; baseline 0.002 -24"><span class='ocrx_word' id='word_1_2' title='bbox 58 390 241 475; x_wconf 47' lang='lat' dir='ltr'><strong>fidebant,</strong></span> <span class='ocrx_word' id='word_1_3' title='bbox 259 387 751 468; x_wconf 85' lang='lat' dir='ltr'><strong>sermonibusdisputationibusque</strong></span> <span class='ocrx_word' id='word_1_4' title='bbox 769 390 957 469; x_wconf 87' lang='lat' dir='ltr'><strong>usurpabant.</strong></span> <span class='ocrx_word' id='word_1_5' title='bbox 989 393 1025 448; x_wconf 90' lang='lat' dir='ltr'><strong>At</strong></span> <span class='ocrx_word' id='word_1_6' title='bbox 1044 410 1111 451; x_wconf 81' lang='lat' dir='ltr'><strong>vero</strong></span> <span class='ocrx_word' id='word_1_7' title='bbox 1130 406 1197 450; x_wconf 94' lang='lat' dir='ltr'><strong>sunt</strong></span> <span class='ocrx_word' id='word_1_8' title='bbox 1209 392 1316 468; x_wconf 86' lang='lat' dir='ltr'><strong>iidem,</strong></span> 
     </span>
    </p>

    <p class='ocr_par' dir='ltr' id='par_1_3' title="bbox 74 485 1336 2128">
     <span class='ocr_line' id='line_1_3' title="bbox 76 485 1318 572; baseline 0.006 -28"><span class='ocrx_word' id='word_1_9' title='bbox 76 490 162 572; x_wconf 82' lang='lat' dir='ltr'><strong>quod</strong></span> <span class='ocrx_word' id='word_1_10' title='bbox 191 509 251 548; x_wconf 93' lang='lat' dir='ltr'><strong>non</strong></span> <span class='ocrx_word' id='word_1_11' title='bbox 282 500 324 546; x_wconf 91' lang='lat' dir='ltr'><strong>est</strong></span> <span class='ocrx_word' id='word_1_12' title='bbox 344 485 428 544; x_wconf 90' lang='lat' dir='ltr'><strong>nobis</strong></span> <span class='ocrx_word' id='word_1_13' title='bbox 448 485 566 544; x_wconf 87' lang='lat' dir='ltr'><strong>silentio</strong></span> <span class='ocrx_word' id='word_1_14' title='bbox 584 487 892 565; x_wconf 88' lang='lat' dir='ltr'><strong>praetermittendum,</strong></span> <span class='ocrx_word' id='word_1_15' title='bbox 914 487 967 545; x_wconf 91' lang='lat' dir='ltr'><strong>hac</strong></span> <span class='ocrx_word' id='word_1_16' title='bbox 988 489 1021 546; x_wconf 92' lang='lat' dir='ltr'><strong>in</strong></span> <span class='ocrx_word' id='word_1_17' title='bbox 1044 509 1142 548; x_wconf 82' lang='lat' dir='ltr'><strong>caussa</strong></span> <span class='ocrx_word' id='word_1_18' title='bbox 1163 489 1318 551; x_wconf 87' lang='lat' dir='ltr'><strong>dissimiles</strong></span> 
     </span>
     <span class='ocr_line' id='line_1_4' title="bbox 75 583 1318 666; baseline -0.002 -16"><span class='ocrx_word' id='word_1_19' title='bbox 75 591 219 664; x_wconf 78' lang='lat' dir='ltr'><strong>illorum,</strong></span> <span class='ocrx_word' id='word_1_20' title='bbox 249 585 327 665; x_wconf 92' lang='lat' dir='ltr'><strong>quod</strong></span> <span class='ocrx_word' id='word_1_21' title='bbox 357 584 442 664; x_wconf 86' lang='lat' dir='ltr'><strong>louge</strong></span> <span class='ocrx_word' id='word_1_22' title='bbox 467 583 593 664; x_wconf 89' lang='lat' dir='ltr'><strong>ipsorum</strong></span> <span class='ocrx_word' id='word_1_23' title='bbox 613 586 703 661; x_wconf 84' lang='lat' dir='ltr'><strong>major</strong></span> <span class='ocrx_word' id='word_1_24' title='bbox 723 585 836 643; x_wconf 88' lang='lat' dir='ltr'><strong>miseria</strong></span> <span class='ocrx_word' id='word_1_25' title='bbox 856 599 908 645; x_wconf 89' lang='lat' dir='ltr'><strong>est.</strong></span> <span class='ocrx_word' id='word_1_26' title='bbox 950 587 1067 666; x_wconf 74' lang='lat' dir='ltr'><strong>Captivi</strong></span> <span class='ocrx_word' id='word_1_27' title='bbox 1088 588 1166 645; x_wconf 91' lang='lat' dir='ltr'><strong>enim</strong></span> <span class='ocrx_word' id='word_1_28' title='bbox 1187 587 1318 654; x_wconf 86' lang='lat' dir='ltr'><strong>delecta-</strong></span> 
     </span>
     <span class='ocr_line' id='line_1_5' title="bbox 75 681 1336 771; baseline -0.002 -23"><span class='ocrx_word' id='word_1_29' title='bbox 75 689 188 748; x_wconf 86' lang='lat' dir='ltr'><strong>bantur</strong></span> <span class='ocrx_word' id='word_1_30' title='bbox 208 689 260 760; x_wconf 93' lang='lat' dir='ltr'><strong>iis,</strong></span> <span class='ocrx_word' id='word_1_31' title='bbox 286 703 358 763; x_wconf 90' lang='lat' dir='ltr'><strong>quae</strong></span> <span class='ocrx_word' id='word_1_32' title='bbox 379 681 540 754; x_wconf 84' lang='lat' dir='ltr'><strong>videbant,</strong></span> <span class='ocrx_word' id='word_1_33' title='bbox 566 681 705 756; x_wconf 82' lang='lat' dir='ltr'><strong>mirifice,</strong></span> <span class='ocrx_word' id='word_1_34' title='bbox 735 703 774 740; x_wconf 86' lang='lat' dir='ltr'><strong>ne</strong></span> <span class='ocrx_word' id='word_1_35' title='bbox 795 683 932 762; x_wconf 90' lang='lat' dir='ltr'><strong>suspicati</strong></span> <span class='ocrx_word' id='word_1_36' title='bbox 953 683 1085 761; x_wconf 89' lang='lat' dir='ltr'><strong>quidem,</strong></span> <span class='ocrx_word' id='word_1_37' title='bbox 1114 686 1229 744; x_wconf 90' lang='lat' dir='ltr'><strong>umbras</strong></span> <span class='ocrx_word' id='word_1_38' title='bbox 1250 687 1336 771; x_wconf 38' lang='lat' dir='ltr'><strong>haec·</strong></span> 
     </span>
     <span class='ocr_line' id='line_1_6' title="bbox 76 768 1320 859; baseline -0.002 -13"><span class='ocrx_word' id='word_1_39' title='bbox 76 806 142 845; x_wconf 87' lang='lat' dir='ltr'><strong>esse</strong></span> <span class='ocrx_word' id='word_1_40' title='bbox 172 805 287 857; x_wconf 90' lang='lat' dir='ltr'><strong>rerum,</strong></span> <span class='ocrx_word' id='word_1_41' title='bbox 315 801 385 859; x_wconf 91' lang='lat' dir='ltr'><strong>quas</strong></span> <span class='ocrx_word' id='word_1_42' title='bbox 415 801 474 837; x_wconf 90' lang='lat' dir='ltr'><strong>non</strong></span> <span class='ocrx_word' id='word_1_43' title='bbox 494 778 649 855; x_wconf 75' lang='lat' dir='ltr'><strong>videbant5</strong></span> <span class='ocrx_word' id='word_1_44' title='bbox 676 779 723 838; x_wconf 93' lang='lat' dir='ltr'><strong>illi</strong></span> <span class='ocrx_word' id='word_1_45' title='bbox 751 780 825 859; x_wconf 89' lang='lat' dir='ltr'><strong>ipsas</strong></span> <span class='ocrx_word' id='word_1_46' title='bbox 844 768 889 838; x_wconf 87' lang='lat' dir='ltr'><strong>res</strong></span> <span class='ocrx_word' id='word_1_47' title='bbox 910 801 969 838; x_wconf 86' lang='lat' dir='ltr'><strong>esse</strong></span> <span class='ocrx_word' id='word_1_48' title='bbox 994 781 1108 841; x_wconf 90' lang='lat' dir='ltr'><strong>umbras</strong></span> <span class='ocrx_word' id='word_1_49' title='bbox 1128 784 1320 844; x_wconf 90' lang='lat' dir='ltr'><strong>contendunt.</strong></span> 
     </span>
     <span class='ocr_line' id='line_1_7' title="bbox 74 877 1321 958; baseline -0.001 -15"><span class='ocrx_word' id='word_1_50' title='bbox 74 883 171 958; x_wconf 87' lang='lat' dir='ltr'><strong>Quod</strong></span> <span class='ocrx_word' id='word_1_51' title='bbox 193 879 332 940; x_wconf 90' lang='lat' dir='ltr'><strong>monendi</strong></span> <span class='ocrx_word' id='word_1_52' title='bbox 351 879 489 950; x_wconf 90' lang='lat' dir='ltr'><strong>lectores,</strong></span> <span class='ocrx_word' id='word_1_53' title='bbox 511 877 549 936; x_wconf 96' lang='lat' dir='ltr'><strong>ad</strong></span> <span class='ocrx_word' id='word_1_54' title='bbox 569 891 645 935; x_wconf 89' lang='lat' dir='ltr'><strong>recte</strong></span> <span class='ocrx_word' id='word_1_55' title='bbox 667 898 713 936; x_wconf 90' lang='lat' dir='ltr'><strong>eos</strong></span> <span class='ocrx_word' id='word_1_56' title='bbox 734 877 944 951; x_wconf 79' lang='lat' dir='ltr'><strong>aestimandos,</strong></span> <span class='ocrx_word' id='word_1_57' title='bbox 970 878 1165 955; x_wconf 79' lang='lat' dir='ltr'><strong>uidebantur,</strong></span> <span class='ocrx_word' id='word_1_58' title='bbox 1191 903 1228 941; x_wconf 89' lang='lat' dir='ltr'><strong>ne</strong></span> <span class='ocrx_word' id='word_1_59' title='bbox 1248 884 1321 942; x_wconf 85' lang='lat' dir='ltr'><strong>forte</strong></span> 
     </span>
     <span class='ocr_line' id='line_1_8' title="bbox 75 973 1320 1061; baseline 0 -21"><span class='ocrx_word' id='word_1_60' title='bbox 75 979 286 1061; x_wconf 83' lang='lat' dir='ltr'><strong>imprudenter</strong></span> <span class='ocrx_word' id='word_1_61' title='bbox 296 979 332 1035; x_wconf 93' lang='lat' dir='ltr'><strong>iis</strong></span> <span class='ocrx_word' id='word_1_62' title='bbox 343 975 466 1049; x_wconf 85' lang='lat' dir='ltr'><strong>assensi,</strong></span> <span class='ocrx_word' id='word_1_63' title='bbox 486 974 573 1051; x_wconf 86' lang='lat' dir='ltr'><strong>hujus</strong></span> <span class='ocrx_word' id='word_1_64' title='bbox 584 973 688 1033; x_wconf 88' lang='lat' dir='ltr'><strong>fierent</strong></span> <span class='ocrx_word' id='word_1_65' title='bbox 697 975 815 1033; x_wconf 81' lang='lat' dir='ltr'><strong>miserae</strong></span> <span class='ocrx_word' id='word_1_66' title='bbox 826 974 1005 1034; x_wconf 89' lang='lat' dir='ltr'><strong>conditionis</strong></span> <span class='ocrx_word' id='word_1_67' title='bbox 1016 978 1179 1057; x_wconf 81' lang='lat' dir='ltr'><strong>participes.</strong></span> <span class='ocrx_word' id='word_1_68' title='bbox 1211 981 1320 1053; x_wconf 88' lang='lat' dir='ltr'><strong>Quodsi</strong></span> 
     </span>
     <span class='ocr_line' id='line_1_9' title="bbox 76 1072 1321 1153; baseline -0.002 -15"><span class='ocrx_word' id='word_1_69' title='bbox 76 1077 175 1139; x_wconf 83' lang='lat' dir='ltr'><strong>iidem</strong></span> <span class='ocrx_word' id='word_1_70' title='bbox 202 1097 255 1135; x_wconf 88' lang='lat' dir='ltr'><strong>nos</strong></span> <span class='ocrx_word' id='word_1_71' title='bbox 276 1086 393 1153; x_wconf 83' lang='lat' dir='ltr'><strong>rogant,</strong></span> <span class='ocrx_word' id='word_1_72' title='bbox 421 1072 494 1150; x_wconf 91' lang='lat' dir='ltr'><strong>quid</strong></span> <span class='ocrx_word' id='word_1_73' title='bbox 515 1073 586 1152; x_wconf 90' lang='lat' dir='ltr'><strong>ipsis</strong></span> <span class='ocrx_word' id='word_1_74' title='bbox 604 1072 794 1146; x_wconf 84' lang='lat' dir='ltr'><strong>suadeamus,</strong></span> <span class='ocrx_word' id='word_1_75' title='bbox 825 1072 961 1130; x_wconf 87' lang='lat' dir='ltr'><strong>iteramus</strong></span> <span class='ocrx_word' id='word_1_76' title='bbox 977 1074 1056 1149; x_wconf 92' lang='lat' dir='ltr'><strong>quod</strong></span> <span class='ocrx_word' id='word_1_77' title='bbox 1072 1073 1218 1150; x_wconf 83' lang='lat' dir='ltr'><strong>diximus,</strong></span> <span class='ocrx_word' id='word_1_78' title='bbox 1239 1099 1321 1136; x_wconf 91' lang='lat' dir='ltr'><strong>suum</strong></span> 
     </span>
     <span class='ocr_line' id='line_1_10' title="bbox 76 1168 1321 1251; baseline -0.001 -16"><span class='ocrx_word' id='word_1_79' title='bbox 76 1195 137 1235; x_wconf 87' lang='lat' dir='ltr'><strong>nos</strong></span> <span class='ocrx_word' id='word_1_80' title='bbox 153 1174 249 1233; x_wconf 82' lang='lat' dir='ltr'><strong>cuivis</strong></span> <span class='ocrx_word' id='word_1_81' title='bbox 262 1171 411 1249; x_wconf 86' lang='lat' dir='ltr'><strong>judicium</strong></span> <span class='ocrx_word' id='word_1_82' title='bbox 430 1169 614 1246; x_wconf 70' lang='lat' dir='ltr'><strong>relinquere,</strong></span> <span class='ocrx_word' id='word_1_83' title='bbox 635 1189 735 1230; x_wconf 77' lang='lat' dir='ltr'><strong>terum</strong></span> <span class='ocrx_word' id='word_1_84' title='bbox 755 1170 795 1227; x_wconf 90' lang='lat' dir='ltr'><strong>sie</strong></span> <span class='ocrx_word' id='word_1_85' title='bbox 814 1168 898 1227; x_wconf 90' lang='lat' dir='ltr'><strong>nobis</strong></span> <span class='ocrx_word' id='word_1_86' title='bbox 916 1171 1008 1228; x_wconf 91' lang='lat' dir='ltr'><strong>acturi</strong></span> <span class='ocrx_word' id='word_1_87' title='bbox 1018 1172 1163 1250; x_wconf 90' lang='lat' dir='ltr'><strong>aptissime</strong></span> <span class='ocrx_word' id='word_1_88' title='bbox 1174 1174 1321 1251; x_wconf 90' lang='lat' dir='ltr'><strong>videmur,</strong></span> 
     </span>
     <span class='ocr_line' id='line_1_11' title="bbox 77 1266 1323 1352; baseline 0.002 -25"><span class='ocrx_word' id='word_1_89' title='bbox 77 1287 116 1332; x_wconf 83' lang='lat' dir='ltr'><strong>ut</strong></span> <span class='ocrx_word' id='word_1_90' title='bbox 127 1317 136 1348; x_wconf 89' lang='lat'><strong>,</strong></span> <span class='ocrx_word' id='word_1_91' title='bbox 156 1273 181 1331; x_wconf 89' lang='lat' dir='ltr'><strong>si</strong></span> <span class='ocrx_word' id='word_1_92' title='bbox 202 1278 300 1347; x_wconf 74' lang='lat' dir='ltr'><strong>opium</strong></span> <span class='ocrx_word' id='word_1_93' title='bbox 319 1268 486 1346; x_wconf 89' lang='lat' dir='ltr'><strong>quaeritur,</strong></span> <span class='ocrx_word' id='word_1_94' title='bbox 516 1288 532 1324; x_wconf 98' lang='lat' dir='ltr'><strong>a</strong></span> <span class='ocrx_word' id='word_1_95' title='bbox 554 1266 690 1346; x_wconf 86' lang='lat' dir='ltr'><strong>sophistis</strong></span> <span class='ocrx_word' id='word_1_96' title='bbox 711 1286 865 1344; x_wconf 90' lang='lat' dir='ltr'><strong>eorumque</strong></span> <span class='ocrx_word' id='word_1_97' title='bbox 888 1266 1033 1327; x_wconf 88' lang='lat' dir='ltr'><strong>similibus</strong></span> <span class='ocrx_word' id='word_1_98' title='bbox 1051 1268 1232 1350; x_wconf 90' lang='lat' dir='ltr'><strong>philosophis</strong></span> <span class='ocrx_word' id='word_1_99' title='bbox 1252 1293 1323 1352; x_wconf 89' lang='lat' dir='ltr'><strong>pro-</strong></span> 
     </span>
     <span class='ocr_line' id='line_1_12' title="bbox 76 1356 1323 1449; baseline -0.002 -20"><span class='ocrx_word' id='word_1_100' title='bbox 76 1370 224 1429; x_wconf 86' lang='lat' dir='ltr'><strong>ficiamus.</strong></span> <span class='ocrx_word' id='word_1_101' title='bbox 265 1368 339 1425; x_wconf 87' lang='lat' dir='ltr'><strong>Nam</strong></span> <span class='ocrx_word' id='word_1_102' title='bbox 359 1367 450 1424; x_wconf 90' lang='lat' dir='ltr'><strong>instar</strong></span> <span class='ocrx_word' id='word_1_103' title='bbox 466 1385 578 1437; x_wconf 90' lang='lat' dir='ltr'><strong>eorum,</strong></span> <span class='ocrx_word' id='word_1_104' title='bbox 599 1385 671 1442; x_wconf 91' lang='lat' dir='ltr'><strong>quos</strong></span> <span class='ocrx_word' id='word_1_105' title='bbox 691 1364 773 1422; x_wconf 90' lang='lat' dir='ltr'><strong>Plato</strong></span> <span class='ocrx_word' id='word_1_106' title='bbox 794 1356 956 1448; x_wconf 78' lang='grc' dir='ltr'><strong><em>φιληκόους</em></strong></span> <span class='ocrx_word' id='word_1_107' title='bbox 973 1377 1002 1422; x_wconf 91' lang='lat' dir='ltr'><strong>et</strong></span> <span class='ocrx_word' id='word_1_108' title='bbox 1024 1360 1251 1449; x_wconf 75' lang='grc' dir='ltr'><em>φιλοθεάμονας</em></span> <span class='ocrx_word' id='word_1_109' title='bbox 1269 1393 1323 1433; x_wconf 90' lang='lat' dir='ltr'><strong>vo-</strong></span> 
     </span>
     <span class='ocr_line' id='line_1_13' title="bbox 75 1462 1323 1549; baseline 0.001 -22"><span class='ocrx_word' id='word_1_110' title='bbox 75 1480 147 1542; x_wconf 86' lang='lat' dir='ltr'><strong>cat,</strong></span> <span class='ocrx_word' id='word_1_111' title='bbox 177 1486 272 1524; x_wconf 86' lang='lat' dir='ltr'><strong>rerum</strong></span> <span class='ocrx_word' id='word_1_112' title='bbox 303 1463 443 1525; x_wconf 88' lang='lat' dir='ltr'><strong>videntur</strong></span> <span class='ocrx_word' id='word_1_113' title='bbox 461 1462 650 1541; x_wconf 86' lang='lat' dir='ltr'><strong>peritissimi,</strong></span> <span class='ocrx_word' id='word_1_114' title='bbox 681 1483 754 1540; x_wconf 86' lang='lat' dir='ltr'><strong>quae</strong></span> <span class='ocrx_word' id='word_1_115' title='bbox 783 1463 912 1524; x_wconf 84' lang='lat' dir='ltr'><strong>videndo</strong></span> <span class='ocrx_word' id='word_1_116' title='bbox 933 1465 1137 1545; x_wconf 89' lang='lat' dir='ltr'><strong>audiendoque</strong></span> <span class='ocrx_word' id='word_1_117' title='bbox 1156 1470 1323 1549; x_wconf 88' lang='lat' dir='ltr'><strong>percipiun-</strong></span> 
     </span>
     <span class='ocr_line' id='line_1_14' title="bbox 75 1552 1324 1644; baseline 0.002 -20"><span class='ocrx_word' id='word_1_118' title='bbox 75 1579 146 1639; x_wconf 87' lang='lat' dir='ltr'><strong>tur,</strong></span> <span class='ocrx_word' id='word_1_119' title='bbox 174 1565 287 1644; x_wconf 90' lang='lat' dir='ltr'><strong>ipsique</strong></span> <span class='ocrx_word' id='word_1_120' title='bbox 316 1561 401 1620; x_wconf 89' lang='lat' dir='ltr'><strong>nobis</strong></span> <span class='ocrx_word' id='word_1_121' title='bbox 429 1552 603 1619; x_wconf 85' lang='lat' dir='ltr'><strong>documento</strong></span> <span class='ocrx_word' id='word_1_122' title='bbox 632 1573 733 1632; x_wconf 89' lang='lat' dir='ltr'><strong>erunt,</strong></span> <span class='ocrx_word' id='word_1_123' title='bbox 763 1581 848 1638; x_wconf 90' lang='lat' dir='ltr'><strong>quam</strong></span> <span class='ocrx_word' id='word_1_124' title='bbox 879 1583 981 1642; x_wconf 90' lang='lat' dir='ltr'><strong>parum</strong></span> <span class='ocrx_word' id='word_1_125' title='bbox 1002 1556 1050 1622; x_wconf 62' lang='lat' dir='ltr'><strong>‘sit</strong></span> <span class='ocrx_word' id='word_1_126' title='bbox 1079 1578 1107 1622; x_wconf 93' lang='lat' dir='ltr'><strong>et</strong></span> <span class='ocrx_word' id='word_1_127' title='bbox 1137 1566 1269 1626; x_wconf 88' lang='lat' dir='ltr'><strong>sensibus</strong></span> <span class='ocrx_word' id='word_1_128' title='bbox 1296 1582 1324 1626; x_wconf 92' lang='lat' dir='ltr'><strong>et</strong></span> 
     </span>
     <span class='ocr_line' id='line_1_15' title="bbox 75 1656 1324 1734; baseline 0.001 -12"><span class='ocrx_word' id='word_1_129' title='bbox 75 1661 194 1723; x_wconf 85' lang='lat' dir='ltr'><strong>talibus</strong></span> <span class='ocrx_word' id='word_1_130' title='bbox 215 1659 382 1719; x_wconf 89' lang='lat' dir='ltr'><strong>hominibus</strong></span> <span class='ocrx_word' id='word_1_131' title='bbox 403 1657 441 1717; x_wconf 89' lang='lat' dir='ltr'><strong>ad</strong></span> <span class='ocrx_word' id='word_1_132' title='bbox 463 1678 532 1720; x_wconf 84' lang='lat' dir='ltr'><strong>vera</strong></span> <span class='ocrx_word' id='word_1_133' title='bbox 552 1656 731 1734; x_wconf 87' lang='lat' dir='ltr'><strong>assequenda</strong></span> <span class='ocrx_word' id='word_1_134' title='bbox 752 1657 822 1717; x_wconf 89' lang='lat' dir='ltr'><strong>fidei</strong></span> <span class='ocrx_word' id='word_1_135' title='bbox 843 1659 1043 1721; x_wconf 89' lang='lat' dir='ltr'><strong>tribuendum.</strong></span> <span class='ocrx_word' id='word_1_136' title='bbox 1086 1661 1139 1721; x_wconf 86' lang='lat' dir='ltr'><strong>Sin</strong></span> <span class='ocrx_word' id='word_1_137' title='bbox 1164 1672 1324 1722; x_wconf 74' lang='lat' dir='ltr'><strong>scientium</strong></span> 
     </span>
     <span class='ocr_line' id='line_1_16' title="bbox 75 1752 1324 1837; baseline 0.001 -17"><span class='ocrx_word' id='word_1_138' title='bbox 75 1774 111 1821; x_wconf 80' lang='lat' dir='ltr'><strong>et</strong></span> <span class='ocrx_word' id='word_1_139' title='bbox 132 1767 294 1818; x_wconf 70' lang='lat' dir='ltr'><strong>veritatem</strong></span> <span class='ocrx_word' id='word_1_140' title='bbox 311 1756 493 1836; x_wconf 86' lang='lat' dir='ltr'><strong>quaerimus,</strong></span> <span class='ocrx_word' id='word_1_141' title='bbox 515 1775 574 1813; x_wconf 89' lang='lat' dir='ltr'><strong>non</strong></span> <span class='ocrx_word' id='word_1_142' title='bbox 598 1752 759 1813; x_wconf 89' lang='lat' dir='ltr'><strong>audiendos</strong></span> <span class='ocrx_word' id='word_1_143' title='bbox 777 1755 844 1815; x_wconf 93' lang='lat' dir='ltr'><strong>illos</strong></span> <span class='ocrx_word' id='word_1_144' title='bbox 863 1772 1015 1837; x_wconf 90' lang='lat' dir='ltr'><strong>putemus:</strong></span> <span class='ocrx_word' id='word_1_145' title='bbox 1037 1771 1106 1818; x_wconf 88' lang='lat' dir='ltr'><strong>sunt</strong></span> <span class='ocrx_word' id='word_1_146' title='bbox 1123 1762 1201 1819; x_wconf 90' lang='lat' dir='ltr'><strong>enim</strong></span> <span class='ocrx_word' id='word_1_147' title='bbox 1220 1762 1324 1821; x_wconf 90' lang='lat' dir='ltr'><strong>harum</strong></span> 
     </span>
     <span class='ocr_line' id='line_1_17' title="bbox 76 1838 1323 1935; baseline 0.002 -19"><span class='ocrx_word' id='word_1_148' title='bbox 76 1838 181 1916; x_wconf 83' lang='lat' dir='ltr'><strong>rerum</strong></span> <span class='ocrx_word' id='word_1_149' title='bbox 201 1856 295 1935; x_wconf 86' lang='lat' dir='ltr'><strong>ignari</strong></span> <span class='ocrx_word' id='word_1_150' title='bbox 311 1855 408 1935; x_wconf 91' lang='lat' dir='ltr'><strong>plane.</strong></span> <span class='ocrx_word' id='word_1_151' title='bbox 439 1853 500 1912; x_wconf 91' lang='lat' dir='ltr'><strong>lmo</strong></span> <span class='ocrx_word' id='word_1_152' title='bbox 520 1851 680 1910; x_wconf 89' lang='lat' dir='ltr'><strong>manebunt</strong></span> <span class='ocrx_word' id='word_1_153' title='bbox 698 1851 746 1912; x_wconf 92' lang='lat' dir='ltr'><strong>isti</strong></span> <span class='ocrx_word' id='word_1_154' title='bbox 768 1853 800 1910; x_wconf 92' lang='lat' dir='ltr'><strong>in</strong></span> <span class='ocrx_word' id='word_1_155' title='bbox 821 1875 908 1933; x_wconf 88' lang='lat' dir='ltr'><strong>specu</strong></span> <span class='ocrx_word' id='word_1_156' title='bbox 930 1854 983 1914; x_wconf 92' lang='lat' dir='ltr'><strong>illo</strong></span> <span class='ocrx_word' id='word_1_157' title='bbox 1004 1877 1072 1932; x_wconf 74' lang='lat' dir='ltr'><strong>suo,</strong></span> <span class='ocrx_word' id='word_1_158' title='bbox 1096 1879 1147 1916; x_wconf 89' lang='lat' dir='ltr'><strong>nos</strong></span> <span class='ocrx_word' id='word_1_159' title='bbox 1171 1879 1240 1920; x_wconf 83' lang='lat' dir='ltr'><strong>vero</strong></span> <span class='ocrx_word' id='word_1_160' title='bbox 1258 1881 1323 1918; x_wconf 94' lang='lat' dir='ltr'><strong>cum</strong></span> 
     </span>
     <span class='ocr_line' id='line_1_18' title="bbox 76 1940 1324 2033; baseline 0.001 -18"><span class='ocrx_word' id='word_1_161' title='bbox 76 1956 206 2016; x_wconf 90' lang='lat' dir='ltr'><strong>Platone</strong></span> <span class='ocrx_word' id='word_1_162' title='bbox 238 1955 269 2012; x_wconf 93' lang='lat' dir='ltr'><strong>in</strong></span> <span class='ocrx_word' id='word_1_163' title='bbox 301 1953 423 2011; x_wconf 90' lang='lat' dir='ltr'><strong>alterum</strong></span> <span class='ocrx_word' id='word_1_164' title='bbox 443 1940 540 2008; x_wconf 64' lang='lat' dir='ltr'><strong>&#39;illum</strong></span> <span class='ocrx_word' id='word_1_165' title='bbox 561 1947 723 2021; x_wconf 91' lang='lat' dir='ltr'><strong>mundum,</strong></span> <span class='ocrx_word' id='word_1_166' title='bbox 753 1950 844 2029; x_wconf 92' lang='lat' dir='ltr'><strong>ipsius</strong></span> <span class='ocrx_word' id='word_1_167' title='bbox 865 1953 996 2012; x_wconf 85' lang='lat' dir='ltr'><strong>veritatis</strong></span> <span class='ocrx_word' id='word_1_168' title='bbox 1017 1975 1156 2033; x_wconf 81' lang='lat' dir='ltr'><strong>regnum,</strong></span> <span class='ocrx_word' id='word_1_169' title='bbox 1187 1958 1324 2017; x_wconf 84' lang='lat' dir='ltr'><strong>scientiae</strong></span> 
     </span>
     <span class='ocr_line' id='line_1_19' title="bbox 75 2032 833 2128; baseline -0.009 -15"><span class='ocrx_word' id='word_1_170' title='bbox 75 2067 112 2113; x_wconf 90' lang='lat' dir='ltr'><strong>et</strong></span> <span class='ocrx_word' id='word_1_171' title='bbox 134 2032 480 2128; x_wconf 75' lang='lat' dir='ltr'><strong>veritatis&#39;assequendae</strong></span> <span class='ocrx_word' id='word_1_172' title='bbox 500 2046 619 2121; x_wconf 68' lang='lat' dir='ltr'><strong>caussa,</strong></span> <span class='ocrx_word' id='word_1_173' title='bbox 639 2044 833 2106; x_wconf 88' lang='lat' dir='ltr'><strong>escendemus.</strong></span> 
     </span>
    </p>

    <p class='ocr_par' dir='ltr' id='par_1_4' title="bbox 77 2138 1369 3897">
     <span class='ocr_line' id='line_1_20' title="bbox 125 2138 1324 2228; baseline 0.003 -21"><span class='ocrx_word' id='word_1_174' title='bbox 125 2148 237 2224; x_wconf 87' lang='lat' dir='ltr'><strong>Quodsi</strong></span> <span class='ocrx_word' id='word_1_175' title='bbox 257 2149 335 2206; x_wconf 88' lang='lat' dir='ltr'><strong>hunc</strong></span> <span class='ocrx_word' id='word_1_176' title='bbox 357 2149 390 2206; x_wconf 91' lang='lat' dir='ltr'><strong>in</strong></span> <span class='ocrx_word' id='word_1_177' title='bbox 410 2147 529 2205; x_wconf 91' lang='lat' dir='ltr'><strong>modum</strong></span> <span class='ocrx_word' id='word_1_178' title='bbox 549 2143 762 2203; x_wconf 86' lang='lat' dir='ltr'><strong>aestimandum</strong></span> <span class='ocrx_word' id='word_1_179' title='bbox 783 2144 869 2204; x_wconf 87' lang='lat' dir='ltr'><strong>nobis</strong></span> <span class='ocrx_word' id='word_1_180' title='bbox 889 2145 925 2205; x_wconf 91' lang='lat' dir='ltr'><strong>de</strong></span> <span class='ocrx_word' id='word_1_181' title='bbox 946 2147 1009 2206; x_wconf 90' lang='lat' dir='ltr'><strong>illis</strong></span> <span class='ocrx_word' id='word_1_182' title='bbox 1030 2162 1086 2224; x_wconf 88' lang='lat' dir='ltr'><strong>est,</strong></span> <span class='ocrx_word' id='word_1_183' title='bbox 1108 2151 1158 2228; x_wconf 90' lang='lat' dir='ltr'><strong>qui</strong></span> <span class='ocrx_word' id='word_1_184' title='bbox 1180 2151 1216 2210; x_wconf 92' lang='lat' dir='ltr'><strong>ab</strong></span> <span class='ocrx_word' id='word_1_185' title='bbox 1238 2138 1324 2228; x_wconf 76' lang='lat' dir='ltr'><strong>initio</strong></span> 
     </span>
     <span class='ocr_line' id='line_1_21' title="bbox 77 2240 1324 2329; baseline 0.002 -22"><span class='ocrx_word' id='word_1_186' title='bbox 77 2247 291 2329; x_wconf 86' lang='lat' dir='ltr'><strong>disputationis</strong></span> <span class='ocrx_word' id='word_1_187' title='bbox 322 2259 434 2304; x_wconf 86' lang='lat' dir='ltr'><strong>nostrae</strong></span> <span class='ocrx_word' id='word_1_188' title='bbox 463 2243 615 2302; x_wconf 86' lang='lat' dir='ltr'><strong>occludere</strong></span> <span class='ocrx_word' id='word_1_189' title='bbox 641 2240 726 2300; x_wconf 90' lang='lat' dir='ltr'><strong>nobis</strong></span> <span class='ocrx_word' id='word_1_190' title='bbox 746 2242 858 2300; x_wconf 90' lang='lat' dir='ltr'><strong>aditum</strong></span> <span class='ocrx_word' id='word_1_191' title='bbox 878 2243 917 2303; x_wconf 90' lang='lat' dir='ltr'><strong>ad</strong></span> <span class='ocrx_word' id='word_1_192' title='bbox 938 2246 1000 2306; x_wconf 85' lang='lat' dir='ltr'><strong>veri</strong></span> <span class='ocrx_word' id='word_1_193' title='bbox 1022 2246 1237 2328; x_wconf 92' lang='lat' dir='ltr'><strong>philosophiam</strong></span> <span class='ocrx_word' id='word_1_194' title='bbox 1257 2264 1324 2309; x_wconf 91' lang='lat' dir='ltr'><strong>stu-</strong></span> 
     </span>
     <span class='ocr_line' id='line_1_22' title="bbox 79 2341 1325 2426; baseline -0.002 -16"><span class='ocrx_word' id='word_1_195' title='bbox 79 2349 216 2410; x_wconf 88' lang='lat' dir='ltr'><strong>duerunt</strong></span> <span class='ocrx_word' id='word_1_196' title='bbox 238 2345 286 2424; x_wconf 89' lang='lat' dir='ltr'><strong>l),</strong></span> <span class='ocrx_word' id='word_1_197' title='bbox 315 2366 375 2404; x_wconf 92' lang='lat' dir='ltr'><strong>non</strong></span> <span class='ocrx_word' id='word_1_198' title='bbox 398 2344 501 2418; x_wconf 88' lang='lat' dir='ltr'><strong>video,</strong></span> <span class='ocrx_word' id='word_1_199' title='bbox 522 2341 595 2420; x_wconf 94' lang='lat' dir='ltr'><strong>quid</strong></span> <span class='ocrx_word' id='word_1_200' title='bbox 619 2341 717 2400; x_wconf 90' lang='lat' dir='ltr'><strong>obsint</strong></span> <span class='ocrx_word' id='word_1_201' title='bbox 740 2341 827 2399; x_wconf 92' lang='lat' dir='ltr'><strong>nobis</strong></span> <span class='ocrx_word' id='word_1_202' title='bbox 849 2362 947 2403; x_wconf 90' lang='lat' dir='ltr'><strong>eorum</strong></span> <span class='ocrx_word' id='word_1_203' title='bbox 968 2344 1188 2423; x_wconf 81' lang='lat' dir='ltr'><strong>cavillationes,</strong></span> <span class='ocrx_word' id='word_1_204' title='bbox 1209 2351 1325 2426; x_wconf 90' lang='lat' dir='ltr'><strong>quomi-</strong></span> 
     </span>
     <span class='ocr_line' id='line_1_23' title="bbox 84 2433 1325 2526; baseline -0.001 -20"><span class='ocrx_word' id='word_1_205' title='bbox 84 2467 147 2506; x_wconf 87' lang='lat' dir='ltr'><strong>nus</strong></span> <span class='ocrx_word' id='word_1_206' title='bbox 177 2447 231 2504; x_wconf 91' lang='lat' dir='ltr'><strong>iter</strong></span> <span class='ocrx_word' id='word_1_207' title='bbox 263 2456 392 2502; x_wconf 91' lang='lat' dir='ltr'><strong>nostrum</strong></span> <span class='ocrx_word' id='word_1_208' title='bbox 424 2442 462 2502; x_wconf 89' lang='lat' dir='ltr'><strong>ad</strong></span> <span class='ocrx_word' id='word_1_209' title='bbox 493 2442 574 2516; x_wconf 86' lang='lat' dir='ltr'><strong>veri,</strong></span> <span class='ocrx_word' id='word_1_210' title='bbox 605 2433 772 2498; x_wconf 74' lang='grc' dir='ltr'><strong><em>αὐτοῦτοῦ</em></strong></span> <span class='ocrx_word' id='word_1_211' title='bbox 794 2433 880 2513; x_wconf 79' lang='grc' dir='ltr'><strong><em>ὄντος</em></strong></span> <span class='ocrx_word' id='word_1_212' title='bbox 899 2444 1076 2519; x_wconf 72' lang='lat' dir='ltr'><strong>scientiam,</strong></span> <span class='ocrx_word' id='word_1_213' title='bbox 1094 2443 1174 2521; x_wconf 90' lang='lat' dir='ltr'><strong>quod</strong></span> <span class='ocrx_word' id='word_1_214' title='bbox 1193 2467 1325 2526; x_wconf 83' lang='lat' dir='ltr'><strong>magnam</strong></span> 
     </span>
     <span class='ocr_line' id='line_1_24' title="bbox 78 2540 1325 2627; baseline 0 -25"><span class='ocrx_word' id='word_1_215' title='bbox 78 2558 197 2627; x_wconf 80' lang='lat' dir='ltr'><strong>partem</strong></span> <span class='ocrx_word' id='word_1_216' title='bbox 225 2541 421 2616; x_wconf 85' lang='lat' dir='ltr'><strong>confecimus,</strong></span> <span class='ocrx_word' id='word_1_217' title='bbox 452 2561 665 2620; x_wconf 89' lang='lat' dir='ltr'><strong>persequamur.</strong></span> <span class='ocrx_word' id='word_1_218' title='bbox 708 2540 790 2614; x_wconf 88' lang='lat' dir='ltr'><strong>Quin</strong></span> <span class='ocrx_word' id='word_1_219' title='bbox 822 2543 909 2600; x_wconf 91' lang='lat' dir='ltr'><strong>etiam</strong></span> <span class='ocrx_word' id='word_1_220' title='bbox 939 2540 1081 2619; x_wconf 88' lang='lat' dir='ltr'><strong>profuisse</strong></span> <span class='ocrx_word' id='word_1_221' title='bbox 1112 2541 1198 2601; x_wconf 90' lang='lat' dir='ltr'><strong>nobis</strong></span> <span class='ocrx_word' id='word_1_222' title='bbox 1211 2544 1266 2603; x_wconf 58' lang='lat' dir='ltr'><strong>&#39;illi</strong></span> <span class='ocrx_word' id='word_1_223' title='bbox 1288 2543 1325 2602; x_wconf 89' lang='lat' dir='ltr'><strong>ad</strong></span> 
     </span>
     <span class='ocr_line' id='line_1_25' title="bbox 79 2636 1319 2720; baseline -0.004 -18"><span class='ocrx_word' id='word_1_224' title='bbox 79 2639 295 2720; x_wconf 85' lang='lat' dir='ltr'><strong>assequendam</strong></span> <span class='ocrx_word' id='word_1_225' title='bbox 327 2659 389 2696; x_wconf 89' lang='lat' dir='ltr'><strong>eam</strong></span> <span class='ocrx_word' id='word_1_226' title='bbox 417 2659 449 2697; x_wconf 87' lang='lat' dir='ltr'><strong>ac</strong></span> <span class='ocrx_word' id='word_1_227' title='bbox 480 2636 700 2719; x_wconf 90' lang='lat' dir='ltr'><strong>percipiendam</strong></span> <span class='ocrx_word' id='word_1_228' title='bbox 730 2637 852 2696; x_wconf 88' lang='lat' dir='ltr'><strong>mirifice</strong></span> <span class='ocrx_word' id='word_1_229' title='bbox 873 2637 1022 2700; x_wconf 87' lang='lat' dir='ltr'><strong>videntur.</strong></span> <span class='ocrx_word' id='word_1_230' title='bbox 1065 2639 1138 2696; x_wconf 89' lang='lat' dir='ltr'><strong>Nam</strong></span> <span class='ocrx_word' id='word_1_231' title='bbox 1157 2637 1319 2698; x_wconf 90' lang='lat' dir='ltr'><strong>dubitatio-</strong></span> 
     </span>
     <span class='ocr_line' id='line_1_26' title="bbox 81 2720 1325 2816; baseline -0.004 -16"><span class='ocrx_word' id='word_1_232' title='bbox 81 2740 177 2800; x_wconf 85' lang='lat' dir='ltr'><strong>nibus</strong></span> <span class='ocrx_word' id='word_1_233' title='bbox 200 2759 297 2796; x_wconf 90' lang='lat' dir='ltr'><strong>eorum</strong></span> <span class='ocrx_word' id='word_1_234' title='bbox 322 2737 470 2815; x_wconf 85' lang='lat' dir='ltr'><strong>acutisque</strong></span> <span class='ocrx_word' id='word_1_235' title='bbox 500 2720 652 2796; x_wconf 88' lang='lat' dir='ltr'><strong>sententiis</strong></span> <span class='ocrx_word' id='word_1_236' title='bbox 679 2735 754 2794; x_wconf 90' lang='lat' dir='ltr'><strong>hanc</strong></span> <span class='ocrx_word' id='word_1_237' title='bbox 781 2749 868 2794; x_wconf 89' lang='lat' dir='ltr'><strong>totam</strong></span> <span class='ocrx_word' id='word_1_238' title='bbox 903 2733 1041 2793; x_wconf 88' lang='lat' dir='ltr'><strong>debemus</strong></span> <span class='ocrx_word' id='word_1_239' title='bbox 1069 2734 1106 2794; x_wconf 90' lang='lat' dir='ltr'><strong>de</strong></span> <span class='ocrx_word' id='word_1_240' title='bbox 1133 2736 1270 2816; x_wconf 88' lang='lat' dir='ltr'><strong>opinione</strong></span> <span class='ocrx_word' id='word_1_241' title='bbox 1297 2751 1325 2795; x_wconf 91' lang='lat' dir='ltr'><strong>et</strong></span> 
     </span>
     <span class='ocr_line' id='line_1_27' title="bbox 81 2832 1324 2915; baseline -0.004 -19"><span class='ocrx_word' id='word_1_242' title='bbox 81 2837 210 2897; x_wconf 87' lang='lat' dir='ltr'><strong>scientia</strong></span> <span class='ocrx_word' id='word_1_243' title='bbox 241 2835 493 2912; x_wconf 87' lang='lat' dir='ltr'><strong>disquisitionem,</strong></span> <span class='ocrx_word' id='word_1_244' title='bbox 525 2847 557 2891; x_wconf 95' lang='lat' dir='ltr'><strong>ut</strong></span> <span class='ocrx_word' id='word_1_245' title='bbox 587 2855 667 2893; x_wconf 87' lang='lat' dir='ltr'><strong>nuuc</strong></span> <span class='ocrx_word' id='word_1_246' title='bbox 698 2833 777 2915; x_wconf 90' lang='lat' dir='ltr'><strong>apud</strong></span> <span class='ocrx_word' id='word_1_247' title='bbox 798 2855 850 2892; x_wconf 92' lang='lat' dir='ltr'><strong>nos</strong></span> <span class='ocrx_word' id='word_1_248' title='bbox 871 2846 999 2907; x_wconf 89' lang='lat' dir='ltr'><strong>constet,</strong></span> <span class='ocrx_word' id='word_1_249' title='bbox 1029 2832 1106 2910; x_wconf 69' lang='lat' dir='ltr'><strong>quid,</strong></span> <span class='ocrx_word' id='word_1_250' title='bbox 1122 2834 1254 2893; x_wconf 91' lang='lat' dir='ltr'><strong>sensibus</strong></span> <span class='ocrx_word' id='word_1_251' title='bbox 1275 2836 1324 2892; x_wconf 92' lang='lat' dir='ltr'><strong>tri·</strong></span> 
     </span>
     <span class='ocr_line' id='line_1_28' title="bbox 82 2930 1325 3013; baseline -0.002 -19"><span class='ocrx_word' id='word_1_252' title='bbox 82 2933 238 2995; x_wconf 89' lang='lat' dir='ltr'><strong>buendum</strong></span> <span class='ocrx_word' id='word_1_253' title='bbox 260 2933 297 2992; x_wconf 89' lang='lat' dir='ltr'><strong>de</strong></span> <span class='ocrx_word' id='word_1_254' title='bbox 318 2933 445 2991; x_wconf 89' lang='lat' dir='ltr'><strong>Platonis</strong></span> <span class='ocrx_word' id='word_1_255' title='bbox 467 2933 610 2991; x_wconf 89' lang='lat' dir='ltr'><strong>sententia</strong></span> <span class='ocrx_word' id='word_1_256' title='bbox 631 2933 690 3006; x_wconf 86' lang='lat' dir='ltr'><strong>sit,</strong></span> <span class='ocrx_word' id='word_1_257' title='bbox 719 2931 792 3010; x_wconf 92' lang='lat' dir='ltr'><strong>quid</strong></span> <span class='ocrx_word' id='word_1_258' title='bbox 813 2930 996 3011; x_wconf 82' lang='lat' dir='ltr'><strong>negandum,</strong></span> <span class='ocrx_word' id='word_1_259' title='bbox 1017 2930 1089 3008; x_wconf 89' lang='lat' dir='ltr'><strong>quid</strong></span> <span class='ocrx_word' id='word_1_260' title='bbox 1111 2933 1188 2991; x_wconf 91' lang='lat' dir='ltr'><strong>inter</strong></span> <span class='ocrx_word' id='word_1_261' title='bbox 1209 2934 1325 3013; x_wconf 90' lang='lat' dir='ltr'><strong>opinio-</strong></span> 
     </span>
     <span class='ocr_line' id='line_1_29' title="bbox 83 3030 1324 3110; baseline -0.003 -17"><span class='ocrx_word' id='word_1_262' title='bbox 83 3053 170 3106; x_wconf 86' lang='lat' dir='ltr'><strong>nem,</strong></span> <span class='ocrx_word' id='word_1_263' title='bbox 191 3053 277 3110; x_wconf 90' lang='lat' dir='ltr'><strong>quam</strong></span> <span class='ocrx_word' id='word_1_264' title='bbox 298 3030 446 3104; x_wconf 89' lang='lat' dir='ltr'><strong>sensibus,</strong></span> <span class='ocrx_word' id='word_1_265' title='bbox 469 3044 496 3088; x_wconf 92' lang='lat' dir='ltr'><strong>et</strong></span> <span class='ocrx_word' id='word_1_266' title='bbox 519 3031 670 3088; x_wconf 89' lang='lat' dir='ltr'><strong>scientiam</strong></span> <span class='ocrx_word' id='word_1_267' title='bbox 682 3075 690 3103; x_wconf 91' lang='lat'><strong>,</strong></span> <span class='ocrx_word' id='word_1_268' title='bbox 713 3049 798 3106; x_wconf 91' lang='lat' dir='ltr'><strong>quam</strong></span> <span class='ocrx_word' id='word_1_269' title='bbox 819 3031 876 3110; x_wconf 92' lang='lat' dir='ltr'><strong>ipsi</strong></span> <span class='ocrx_word' id='word_1_270' title='bbox 897 3033 987 3090; x_wconf 92' lang='lat' dir='ltr'><strong>menti</strong></span> <span class='ocrx_word' id='word_1_271' title='bbox 1009 3031 1161 3104; x_wconf 90' lang='lat' dir='ltr'><strong>debemus,</strong></span> <span class='ocrx_word' id='word_1_272' title='bbox 1182 3030 1324 3090; x_wconf 87' lang='lat' dir='ltr'><strong>discrimi-</strong></span> 
     </span>
     <span class='ocr_line' id='line_1_30' title="bbox 83 3129 1324 3212; baseline -0.002 -22"><span class='ocrx_word' id='word_1_273' title='bbox 83 3132 134 3191; x_wconf 91' lang='lat' dir='ltr'><strong>nis</strong></span> <span class='ocrx_word' id='word_1_274' title='bbox 155 3129 235 3212; x_wconf 92' lang='lat' dir='ltr'><strong>apud</strong></span> <span class='ocrx_word' id='word_1_275' title='bbox 266 3150 331 3188; x_wconf 90' lang='lat' dir='ltr'><strong>eum</strong></span> <span class='ocrx_word' id='word_1_276' title='bbox 352 3130 407 3202; x_wconf 92' lang='lat' dir='ltr'><strong>sit,</strong></span> <span class='ocrx_word' id='word_1_277' title='bbox 437 3149 510 3206; x_wconf 91' lang='lat' dir='ltr'><strong>quae</strong></span> <span class='ocrx_word' id='word_1_278' title='bbox 531 3129 599 3186; x_wconf 91' lang='lat' dir='ltr'><strong>item</strong></span> <span class='ocrx_word' id='word_1_279' title='bbox 620 3129 829 3210; x_wconf 89' lang='lat' dir='ltr'><strong>scepticorum,</strong></span> <span class='ocrx_word' id='word_1_280' title='bbox 861 3149 933 3206; x_wconf 89' lang='lat' dir='ltr'><strong>quae</strong></span> <span class='ocrx_word' id='word_1_281' title='bbox 953 3129 1179 3209; x_wconf 84' lang='lat' dir='ltr'><strong>dogmaticorum</strong></span> <span class='ocrx_word' id='word_1_282' title='bbox 1200 3130 1237 3188; x_wconf 92' lang='lat' dir='ltr'><strong>sit</strong></span> <span class='ocrx_word' id='word_1_283' title='bbox 1257 3150 1324 3188; x_wconf 87' lang='lat' dir='ltr'><strong>con·</strong></span> 
     </span>
     <span class='ocr_line' id='line_1_31' title="bbox 83 3224 1323 3307; baseline -0.002 -19"><span class='ocrx_word' id='word_1_284' title='bbox 83 3228 165 3289; x_wconf 89' lang='lat' dir='ltr'><strong>ditio</strong></span> <span class='ocrx_word' id='word_1_285' title='bbox 192 3241 221 3286; x_wconf 92' lang='lat' dir='ltr'><strong>et</strong></span> <span class='ocrx_word' id='word_1_286' title='bbox 247 3241 388 3305; x_wconf 90' lang='lat' dir='ltr'><strong>quantum</strong></span> <span class='ocrx_word' id='word_1_287' title='bbox 417 3226 519 3284; x_wconf 90' lang='lat' dir='ltr'><strong>horum</strong></span> <span class='ocrx_word' id='word_1_288' title='bbox 550 3224 587 3284; x_wconf 89' lang='lat' dir='ltr'><strong>de</strong></span> <span class='ocrx_word' id='word_1_289' title='bbox 616 3228 737 3286; x_wconf 90' lang='lat' dir='ltr'><strong>scientia</strong></span> <span class='ocrx_word' id='word_1_290' title='bbox 758 3226 985 3307; x_wconf 87' lang='lat' dir='ltr'><strong>philosophandi</strong></span> <span class='ocrx_word' id='word_1_291' title='bbox 1005 3228 1112 3286; x_wconf 89' lang='lat' dir='ltr'><strong>rationi</strong></span> <span class='ocrx_word' id='word_1_292' title='bbox 1132 3228 1205 3286; x_wconf 91' lang='lat' dir='ltr'><strong>ratio</strong></span> <span class='ocrx_word' id='word_1_293' title='bbox 1225 3227 1323 3287; x_wconf 89' lang='lat' dir='ltr'><strong>Plato-</strong></span> 
     </span>
     <span class='ocr_line' id='line_1_32' title="bbox 84 3319 1323 3407; baseline 0.001 -22"><span class='ocrx_word' id='word_1_294' title='bbox 84 3327 136 3385; x_wconf 91' lang='lat' dir='ltr'><strong>nis</strong></span> <span class='ocrx_word' id='word_1_295' title='bbox 163 3338 297 3405; x_wconf 89' lang='lat' dir='ltr'><strong>praestet.</strong></span> <span class='ocrx_word' id='word_1_296' title='bbox 340 3326 415 3382; x_wconf 92' lang='lat' dir='ltr'><strong>Tum</strong></span> <span class='ocrx_word' id='word_1_297' title='bbox 436 3345 520 3397; x_wconf 86' lang='lat' dir='ltr'><strong>vero,</strong></span> <span class='ocrx_word' id='word_1_298' title='bbox 553 3324 575 3381; x_wconf 91' lang='lat' dir='ltr'><strong>si</strong></span> <span class='ocrx_word' id='word_1_299' title='bbox 593 3323 757 3384; x_wconf 90' lang='lat' dir='ltr'><strong>Platonicae</strong></span> <span class='ocrx_word' id='word_1_300' title='bbox 778 3319 978 3405; x_wconf 74' lang='lat' dir='ltr'><strong>philisophiae</strong></span> <span class='ocrx_word' id='word_1_301' title='bbox 999 3326 1127 3385; x_wconf 90' lang='lat' dir='ltr'><strong>studium</strong></span> <span class='ocrx_word' id='word_1_302' title='bbox 1148 3325 1223 3384; x_wconf 89' lang='lat' dir='ltr'><strong>hanc</strong></span> <span class='ocrx_word' id='word_1_303' title='bbox 1244 3328 1323 3407; x_wconf 88' lang='lat' dir='ltr'><strong>apud</strong></span> 
     </span>
     <span class='ocr_line' id='line_1_33' title="bbox 83 3416 1323 3505; baseline 0 -23"><span class='ocrx_word' id='word_1_304' title='bbox 83 3444 141 3505; x_wconf 89' lang='lat' dir='ltr'><strong>nos</strong></span> <span class='ocrx_word' id='word_1_305' title='bbox 168 3423 230 3482; x_wconf 86' lang='lat' dir='ltr'><strong>vim</strong></span> <span class='ocrx_word' id='word_1_306' title='bbox 258 3421 364 3480; x_wconf 89' lang='lat' dir='ltr'><strong>hahere</strong></span> <span class='ocrx_word' id='word_1_307' title='bbox 396 3422 501 3505; x_wconf 79' lang='lat' dir='ltr'><strong>debet,</strong></span> <span class='ocrx_word' id='word_1_308' title='bbox 534 3435 566 3479; x_wconf 92' lang='lat' dir='ltr'><strong>ut</strong></span> <span class='ocrx_word' id='word_1_309' title='bbox 596 3423 652 3500; x_wconf 90' lang='lat' dir='ltr'><strong>ipsi</strong></span> <span class='ocrx_word' id='word_1_310' title='bbox 673 3422 874 3502; x_wconf 89' lang='lat' dir='ltr'><strong>philosophari</strong></span> <span class='ocrx_word' id='word_1_311' title='bbox 888 3416 971 3481; x_wconf 85' lang='lat' dir='ltr'><strong>recte</strong></span> <span class='ocrx_word' id='word_1_312' title='bbox 992 3423 1155 3494; x_wconf 91' lang='lat' dir='ltr'><strong>discamus,</strong></span> <span class='ocrx_word' id='word_1_313' title='bbox 1186 3424 1323 3501; x_wconf 81' lang='lat' dir='ltr'><strong>proficere</strong></span> 
     </span>
     <span class='ocr_line' id='line_1_34' title="bbox 84 3516 1322 3597; baseline -0.003 -15"><span class='ocrx_word' id='word_1_314' title='bbox 84 3520 178 3582; x_wconf 88' lang='lat' dir='ltr'><strong>nobis</strong></span> <span class='ocrx_word' id='word_1_315' title='bbox 198 3540 234 3577; x_wconf 79' lang='lat' dir='ltr'><strong>ex</strong></span> <span class='ocrx_word' id='word_1_316' title='bbox 256 3520 357 3579; x_wconf 91' lang='lat' dir='ltr'><strong>eadem</strong></span> <span class='ocrx_word' id='word_1_317' title='bbox 378 3519 431 3577; x_wconf 88' lang='lat' dir='ltr'><strong>hac</strong></span> <span class='ocrx_word' id='word_1_318' title='bbox 453 3519 657 3597; x_wconf 91' lang='lat' dir='ltr'><strong>disquisitione</strong></span> <span class='ocrx_word' id='word_1_319' title='bbox 679 3518 716 3575; x_wconf 87' lang='lat' dir='ltr'><strong>ad</strong></span> <span class='ocrx_word' id='word_1_320' title='bbox 737 3521 906 3577; x_wconf 88' lang='lat' dir='ltr'><strong>recentioris</strong></span> <span class='ocrx_word' id='word_1_321' title='bbox 927 3521 1012 3577; x_wconf 91' lang='lat' dir='ltr'><strong>etiam</strong></span> <span class='ocrx_word' id='word_1_322' title='bbox 1032 3521 1096 3578; x_wconf 84' lang='lat' dir='ltr'><strong>aevi</strong></span> <span class='ocrx_word' id='word_1_323' title='bbox 1118 3516 1258 3596; x_wconf 91' lang='lat' dir='ltr'><strong>sophistas</strong></span> <span class='ocrx_word' id='word_1_324' title='bbox 1279 3518 1322 3578; x_wconf 91' lang='lat' dir='ltr'><strong>di·</strong></span> 
     </span>
     <span class='ocr_line' id='line_1_35' title="bbox 78 3614 1369 3700; baseline -0.002 -22"><span class='ocrx_word' id='word_1_325' title='bbox 78 3617 264 3700; x_wconf 85' lang='lat' dir='ltr'><strong>judicandos</strong></span> <span class='ocrx_word' id='word_1_326' title='bbox 284 3616 395 3676; x_wconf 90' lang='lat' dir='ltr'><strong>licebit.</strong></span> <span class='ocrx_word' id='word_1_327' title='bbox 437 3616 537 3675; x_wconf 91' lang='lat' dir='ltr'><strong>Minus</strong></span> <span class='ocrx_word' id='word_1_328' title='bbox 558 3615 590 3673; x_wconf 92' lang='lat' dir='ltr'><strong>hi</strong></span> <span class='ocrx_word' id='word_1_329' title='bbox 611 3614 728 3692; x_wconf 92' lang='lat' dir='ltr'><strong>quidem</strong></span> <span class='ocrx_word' id='word_1_330' title='bbox 750 3617 917 3693; x_wconf 87' lang='lat' dir='ltr'><strong>ingeniose,</strong></span> <span class='ocrx_word' id='word_1_331' title='bbox 945 3636 1030 3692; x_wconf 91' lang='lat' dir='ltr'><strong>quam</strong></span> <span class='ocrx_word' id='word_1_332' title='bbox 1051 3615 1164 3694; x_wconf 91' lang='lat' dir='ltr'><strong>antiqui</strong></span> <span class='ocrx_word' id='word_1_333' title='bbox 1187 3615 1252 3691; x_wconf 95' lang='lat' dir='ltr'><strong>illi,</strong></span> <span class='ocrx_word' id='word_1_334' title='bbox 1273 3617 1325 3676; x_wconf 89' lang='lat' dir='ltr'><strong>sed</strong></span> <span class='ocrx_word' id='word_1_335' title='bbox 1363 3660 1369 3667; x_wconf 87' lang='lat'>-</span> 
     </span>
     <span class='ocr_line' id='line_1_36' title="bbox 82 3700 1325 3797; baseline -0.004 -19"><span class='ocrx_word' id='word_1_336' title='bbox 82 3733 187 3778; x_wconf 87' lang='lat' dir='ltr'><strong>tamen</strong></span> <span class='ocrx_word' id='word_1_337' title='bbox 208 3716 288 3775; x_wconf 90' lang='lat' dir='ltr'><strong>haud</strong></span> <span class='ocrx_word' id='word_1_338' title='bbox 310 3715 446 3780; x_wconf 88' lang='lat' dir='ltr'><strong>dissimili</strong></span> <span class='ocrx_word' id='word_1_339' title='bbox 467 3715 579 3773; x_wconf 89' lang='lat' dir='ltr'><strong>ratione</strong></span> <span class='ocrx_word' id='word_1_340' title='bbox 600 3712 636 3770; x_wconf 89' lang='lat' dir='ltr'><strong>ab</strong></span> <span class='ocrx_word' id='word_1_341' title='bbox 657 3700 803 3797; x_wconf 67' lang='grc' dir='ltr'><strong>αἰσθήσει</strong></span> <span class='ocrx_word' id='word_1_342' title='bbox 808 3758 818 3787; x_wconf 83' lang='grc'>,</span> <span class='ocrx_word' id='word_1_343' title='bbox 837 3733 853 3770; x_wconf 87' lang='lat' dir='ltr'><strong>a</strong></span> <span class='ocrx_word' id='word_1_344' title='bbox 873 3712 1004 3771; x_wconf 90' lang='lat' dir='ltr'><strong>sensibus</strong></span> <span class='ocrx_word' id='word_1_345' title='bbox 1015 3716 1144 3774; x_wconf 83' lang='lat' dir='ltr'><strong>externis</strong></span> <span class='ocrx_word' id='word_1_346' title='bbox 1153 3738 1266 3775; x_wconf 89' lang='lat' dir='ltr'><strong>omnem</strong></span> <span class='ocrx_word' id='word_1_347' title='bbox 1276 3737 1325 3774; x_wconf 89' lang='lat' dir='ltr'><strong>re-</strong></span> 
     </span>
     <span class='ocr_line' id='line_1_37' title="bbox 87 3808 1326 3897; baseline -0.002 -23"><span class='ocrx_word' id='word_1_348' title='bbox 87 3816 264 3897; x_wconf 85' lang='lat' dir='ltr'><strong>petiverunt</strong></span> <span class='ocrx_word' id='word_1_349' title='bbox 284 3828 312 3872; x_wconf 89' lang='lat' dir='ltr'><strong>et</strong></span> <span class='ocrx_word' id='word_1_350' title='bbox 333 3814 527 3893; x_wconf 84' lang='lat' dir='ltr'><strong>cognitionem</strong></span> <span class='ocrx_word' id='word_1_351' title='bbox 548 3826 576 3871; x_wconf 91' lang='lat' dir='ltr'><strong>et</strong></span> <span class='ocrx_word' id='word_1_352' title='bbox 596 3815 745 3875; x_wconf 87' lang='lat' dir='ltr'><strong>seientiam</strong></span> <span class='ocrx_word' id='word_1_353' title='bbox 763 3826 889 3872; x_wconf 89' lang='lat' dir='ltr'><strong>nostram</strong></span> <span class='ocrx_word' id='word_1_354' title='bbox 900 3808 951 3890; x_wconf 87' lang='lat'><strong>2),</strong></span> <span class='ocrx_word' id='word_1_355' title='bbox 978 3826 1010 3871; x_wconf 90' lang='lat' dir='ltr'><strong>ut</strong></span> <span class='ocrx_word' id='word_1_356' title='bbox 1029 3814 1137 3893; x_wconf 90' lang='lat' dir='ltr'><strong>pariter</strong></span> <span class='ocrx_word' id='word_1_357' title='bbox 1154 3827 1326 3894; x_wconf 82' lang='lat' dir='ltr'><strong>usurparent</strong></span> 
     </span>
    </p>
   </div>
   <div class='ocr_carea' id='block_1_3' title="bbox 84 3970 347 3982">
    <p class='ocr_par' dir='ltr' id='par_1_5' title="bbox 84 3970 347 3982">
     <span class='ocr_line' id='line_1_38' title="bbox 84 3970 347 3982; baseline -0.019 0"><span class='ocrx_word' id='word_1_358' title='bbox 84 3970 347 3982; x_wconf 76' lang='lat'>...—-..--—.</span> 
     </span>
    </p>
   </div>
   <div class='ocr_carea' id='block_1_4' title="bbox 83 4023 1328 4454">
    <p class='ocr_par' dir='ltr' id='par_1_6' title="bbox 118 4023 456 4108">
     <span class='ocr_line' id='line_1_39' title="bbox 118 4023 456 4108; baseline 0 -18"><span class='ocrx_word' id='word_1_359' title='bbox 118 4023 290 4108; x_wconf 67' lang='lat' dir='ltr'><strong>trram-p.</strong></span> <span class='ocrx_word' id='word_1_360' title='bbox 307 4039 373 4105; x_wconf 86' lang='lat'><strong>121,</strong></span> <span class='ocrx_word' id='word_1_361' title='bbox 398 4039 456 4091; x_wconf 78' lang='lat' dir='ltr'><strong>seo.</strong></span> 
     </span>
    </p>

    <p class='ocr_par' dir='ltr' id='par_1_7' title="bbox 83 4123 1328 4454">
     <span class='ocr_line' id='line_1_40' title="bbox 123 4123 1325 4196; baseline -0.002 -19"><span class='ocrx_word' id='word_1_362' title='bbox 123 4126 156 4191; x_wconf 84' lang='lat'><strong>2)</strong></span> <span class='ocrx_word' id='word_1_363' title='bbox 175 4127 310 4178; x_wconf 88' lang='lat' dir='ltr'><strong>Helvetius</strong></span> <span class='ocrx_word' id='word_1_364' title='bbox 321 4143 376 4177; x_wconf 75' lang='lat' dir='ltr'><strong>uc.</strong></span> <span class='ocrx_word' id='word_1_365' title='bbox 396 4127 459 4177; x_wconf 88' lang='lat' dir='ltr'><strong>duas</strong></span> <span class='ocrx_word' id='word_1_366' title='bbox 473 4127 570 4178; x_wconf 90' lang='lat' dir='ltr'><strong>homini</strong></span> <span class='ocrx_word' id='word_1_367' title='bbox 588 4127 619 4178; x_wconf 92' lang='lat' dir='ltr'><strong>ad</strong></span> <span class='ocrx_word' id='word_1_368' title='bbox 636 4126 799 4196; x_wconf 79' lang='lat' dir='ltr'><strong>cogitandum</strong></span> <span class='ocrx_word' id='word_1_369' title='bbox 821 4124 955 4178; x_wconf 84' lang='lat' dir='ltr'><strong>facultates</strong></span> <span class='ocrx_word' id='word_1_370' title='bbox 971 4125 1075 4189; x_wconf 87' lang='lat' dir='ltr'><strong>tribuit,</strong></span> <span class='ocrx_word' id='word_1_371' title='bbox 1093 4139 1197 4192; x_wconf 87' lang='lat' dir='ltr'><strong>quarum</strong></span> <span class='ocrx_word' id='word_1_372' title='bbox 1218 4123 1325 4174; x_wconf 86' lang='lat' dir='ltr'><strong>alteram</strong></span> 
     </span>
     <span class='ocr_line' id='line_1_41' title="bbox 86 4210 1325 4280; baseline -0.005 -16"><span class='ocrx_word' id='word_1_373' title='bbox 86 4213 275 4269; x_wconf 63' lang='lat' dir='ltr'><strong>comoditatem</strong></span> <span class='ocrx_word' id='word_1_374' title='bbox 292 4213 437 4280; x_wconf 76' lang='lat' dir='ltr'><strong>physicam,</strong></span> <span class='ocrx_word' id='word_1_375' title='bbox 454 4212 561 4263; x_wconf 88' lang='lat' dir='ltr'><strong>alteram</strong></span> <span class='ocrx_word' id='word_1_376' title='bbox 576 4214 717 4268; x_wconf 65' lang='lat' dir='ltr'><strong>memoratam</strong></span> <span class='ocrx_word' id='word_1_377' title='bbox 734 4219 826 4262; x_wconf 86' lang='lat' dir='ltr'><strong>vocat:</strong></span> <span class='ocrx_word' id='word_1_378' title='bbox 859 4220 992 4279; x_wconf 87' lang='lat' dir='ltr'><strong>utramque</strong></span> <span class='ocrx_word' id='word_1_379' title='bbox 1017 4218 1102 4261; x_wconf 88' lang='lat' dir='ltr'><strong>autem</strong></span> <span class='ocrx_word' id='word_1_380' title='bbox 1127 4210 1233 4274; x_wconf 83' lang='lat' dir='ltr'><strong>proprie</strong></span> <span class='ocrx_word' id='word_1_381' title='bbox 1249 4224 1325 4259; x_wconf 88' lang='lat' dir='ltr'><strong>unam</strong></span> 
     </span>
     <span class='ocr_line' id='line_1_42' title="bbox 83 4291 1328 4365; baseline -0.006 -14"><span class='ocrx_word' id='word_1_382' title='bbox 83 4298 256 4365; x_wconf 76' lang='lat' dir='ltr'><strong>eandemque</strong></span> <span class='ocrx_word' id='word_1_383' title='bbox 276 4313 337 4349; x_wconf 82' lang='lat' dir='ltr'><strong>esse</strong></span> <span class='ocrx_word' id='word_1_384' title='bbox 361 4297 507 4348; x_wconf 81' lang='lat' dir='ltr'><strong>contendit·</strong></span> <span class='ocrx_word' id='word_1_385' title='bbox 530 4297 557 4347; x_wconf 85' lang='lat' dir='ltr'><strong>la</strong></span> <span class='ocrx_word' id='word_1_386' title='bbox 581 4295 713 4348; x_wconf 64' lang='lat' dir='ltr'><strong>sensibilia</strong></span> <span class='ocrx_word' id='word_1_387' title='bbox 733 4296 799 4349; x_wconf 76' lang='lat' dir='ltr'><strong>setta</strong></span> <span class='ocrx_word' id='word_1_388' title='bbox 816 4299 917 4363; x_wconf 78' lang='lat' dir='ltr'><strong>produit</strong></span> <span class='ocrx_word' id='word_1_389' title='bbox 938 4305 1014 4347; x_wconf 76' lang='lat' dir='ltr'><strong>tontes</strong></span> <span class='ocrx_word' id='word_1_390' title='bbox 1031 4311 1073 4345; x_wconf 78' lang='lat' dir='ltr'><strong>not</strong></span> <span class='ocrx_word' id='word_1_391' title='bbox 1090 4291 1164 4344; x_wconf 64' lang='lat' dir='ltr'><strong>idios.</strong></span> <span class='ocrx_word' id='word_1_392' title='bbox 1201 4295 1241 4344; x_wconf 86' lang='lat' dir='ltr'><strong>De</strong></span> <span class='ocrx_word' id='word_1_393' title='bbox 1255 4293 1328 4344; x_wconf 73' lang='lat' dir='ltr'><strong>rtu-</strong></span> 
     </span>
     <span class='ocr_line' id='line_1_43' title="bbox 86 4380 519 4454; baseline -0.016 -18"><span class='ocrx_word' id='word_1_394' title='bbox 86 4387 149 4454; x_wconf 75' lang='lat' dir='ltr'><strong>pn&#39;t.</strong></span> <span class='ocrx_word' id='word_1_395' title='bbox 169 4385 234 4434; x_wconf 84' lang='lat' dir='ltr'><strong>Disc.</strong></span> <span class='ocrx_word' id='word_1_396' title='bbox 255 4383 275 4432; x_wconf 91' lang='lat' dir='ltr'><strong>t.</strong></span> <span class='ocrx_word' id='word_1_397' title='bbox 292 4380 317 4432; x_wconf 87' lang='lat'><strong>1.</strong></span> <span class='ocrx_word' id='word_1_398' title='bbox 336 4399 360 4445; x_wconf 88' lang='lat' dir='ltr'><strong>p.</strong></span> <span class='ocrx_word' id='word_1_399' title='bbox 379 4381 404 4431; x_wconf 79' lang='lat'><strong>2.</strong></span> <span class='ocrx_word' id='word_1_400' title='bbox 424 4390 450 4432; x_wconf 91' lang='lat' dir='ltr'><strong>et</strong></span> <span class='ocrx_word' id='word_1_401' title='bbox 467 4380 491 4430; x_wconf 82' lang='grc'><strong>9.</strong></span> <span class='ocrx_word' id='word_1_402' title='bbox 517 4384 519 4388; x_wconf 69' lang='grc'><strong>“</strong></span> 
     </span>
    </p>
   </div>
   <div class='ocr_carea' id='block_1_5' title="bbox 0 0 1413 5048">
    <p class='ocr_par' dir='ltr' id='par_1_8' title="bbox 0 0 1413 5048">
     <span class='ocr_line' id='line_1_44' title="bbox 0 0 1413 5048; baseline 0 0"><span class='ocrx_word' id='word_1_403' title='bbox 0 0 1413 5048; x_wconf 95' lang='lat' dir='ltr'><strong> </strong></span> 
     </span>
    </p>
   </div>
  </div>
 </body>
</html>
