2774 5048
673 246 732 307 290

119 415 196 473 .Non
216 412 254 473 ita
276 423 422 490 utramque
446 410 558 482 Graeci,
606 422 637 467 ut
663 409 759 469 Latini
778 409 925 484 solebant,
961 418 1078 469 nominc
1103 409 1292 472 diafinxerum

89 510 162 573 llam
191 507 267 569 idem
295 507 331 568 de
357 507 537 587 eloquentia,
560 506 638 584 quod
663 506 701 567 de
735 506 895 581 rhetorica,
914 508 1087 569 vocabulum
1108 510 1292 592 usurpabant,

91 622 238 688 utramque
257 599 415 689 ῥητορικήν
435 604 622 689 appellantes.
663 605 708 663 llo
728 618 822 665 tamen
861 605 998 667 distinxit
1011 605 1111 682 Plato,
1134 620 1167 667 ut
1183 610 1292 689 super-'a

88 728 141 769 nos
157 706 256 768 docuit
274 707 438 787 disquisitio
466 717 570 765 nostra.
616 704 688 787 Nam
730 717 759 764 ut
781 705 918 764 musicam
942 717 977 764 et·
999 705 1099 785 poesin
1117 727 1241 782 novam,
1265 706 1292 771 is

89 826 193 869 noram
223 805 292 880 ille,
322 820 354 865 ut
382 804 526 878 vidimus,
544 805 740 882 eloquentiam
778 802 916 862 inducere
935 802 1065 879 studuit,
1085 824 1162 882 quae
1177 820 1292 885 non,qt

88 903 223 984 sophistis
248 903 381 984 placebat
411 923 443 961 ac
468 900 650 976 rhetoribus,
672 900 719 961 vel
752 900 959 980 gratificaretur
984 901 1118 977 civibus,
1140 902 1189 964 vel
1217 902 1289 984 ipsias

88 1013 226 1081 spectaret
253 1002 375 1063 oratoris
402 1000 464 1060 sive
494 997 613 1078 gloriam
642 999 703 1058 sive
730 997 972 1075 emolumentum,
1002 999 1052 1060 sed
1082 1013 1143 1059 tota
1170 999 1286 1061 essetrtl

88 1098 168 1174 veri,
189 1099 226 1161 ad
245 1099 335 1175 boni,
355 1098 395 1159 ad
410 1097 483 1177 justi
503 1116 630 1157 caussam
650 1094 860 1157 vindicandam
877 1097 1097 1159 accommodata.
1123 1096 1153 1178 l)
1182 1100 1284 1159 Natura·

85 1194 122 1257 lis
141 1196 211 1259 haec
231 1211 273 1259 est
291 1197 411 1259 dicendi
429 1197 521 1271 ratio,
543 1218 603 1257 non
626 1217 693 1255 vcro
714 1194 854 1254 rhetorica
882 1208 923 1255 est
934 1240 943 1269 ,
963 1214 1036 1272 quae
1054 1205 1155 1255 ortam
1175 1198 1281 1257 contirct

83 1293 212 1356 dicendi.
264 1294 341 1355 Huic
360 1308 457 1355 auten
484 1294 562 1354 idem
591 1312 740 1374 germanae
769 1291 967 1371 eloquentiae,
991 1311 1064 1372 quae
1092 1292 1189 1374 ipsam
1211 1296 1280 1376 spirat

82 1390 315 1473 philosophiam,
335 1412 475 1472 quamque
496 1393 645 1466 referunt,
667 1403 699 1450 ut
730 1392 797 1450 item
826 1390 976 1465 vidimus,
1007 1391 1181 1472 optimorum
1208 1406 1278 1453 oram

19 1564 23 1575 ,
84 1510 166 1564 rum,
194 1491 316 1551 maxime
341 1490 560 1566 Demosthenis,
591 1491 716 1572 scripta,
747 1509 852 1547 nocem
882 1488 1027 1567 quandam
1046 1487 1184 1550 adhibuit
1202 1491 1278 1551 rlete

82 1595 189 1648 ricem
233 1589 271 1649 Ut
289 1600 384 1649 autem
421 1587 584 1668 eloquentia
611 1587 664 1647 illa
691 1586 820 1647 Platonis
844 1592 910 1645 cm
937 1607 1056 1663 amore,
1076 1587 1118 1646 ita
1148 1588 1217 1650 baec
1236 1591 1278 1669 ejas

83 1684 225 1747 rhetorica
252 1687 395 1746 cernendi
416 1698 499 1773 crte¹
515 1686 639 1766 insignis
665 1698 723 1744 est:
756 1684 843 1745 lluxit
867 1684 956 1745 lerme
982 1696 1041 1745 tota
1070 1705 1086 1746 e
1116 1684 1277 1761 dialecticae,

83 1805 168 1864 quam
191 1784 224 1845 in
244 1784 337 1845 lucem
356 1784 544 1865 prodiderat,
565 1784 729 1865 principiis.
1249 1778 1261 1813 ¹

121 1884 192 1941 Nam
218 1897 294 1942 arcte
322 1884 451 1963 profecto
472 1895 513 1942 est
542 1902 607 1941 cum
628 1882 782 1943 dialectica
800 1902 845 1941 ars
865 1879 985 1941 dicendi
1014 1883 1182 1960 conjuncta.
1220 1883 1277 1943 llttc

83 1981 153 2040 adeo
173 1981 318 2059 utriusque
338 1980 519 2040 necessitudo
545 1993 610 2054 est,
640 1993 672 2038 ut
692 1979 864 2055 dialectica,
885 1979 942 2038 nisi
961 1977 1087 2039 dicendo
1106 2001 1135 2040 se
1156 1982 1278 2063 explicet,

77 2080 179 2157 jejuna
196 2079 234 2137 sit
253 2092 280 2137 et
300 2078 439 2154 horrida;
462 2077 582 2138 dicendi
603 2099 672 2139 vero
691 2099 736 2136 ars
746 2123 754 2152 ,
775 2077 833 2137 nisi
851 2076 1032 2137 dialecticam
1053 2077 1157 2139 ducem
1174 2078 1279 2153 haheat,

81 2177 175 2235 futilis
201 2176 252 2250 sit,
283 2175 364 2234 firmo
385 2190 467 2246 certe
497 2176 588 2255 gradu
609 2198 668 2237 non
690 2177 779 2257 possit
808 2175 973 2257 procedere.
1023 2175 1196 2258 Exemplum
1215 2174 1282 2238 nolu

82 2274 207 2333 incertae
234 2272 431 2350 hujuscemodi
451 2287 534 2353 atque
558 2275 693 2333 erraticae
730 2274 904 2349 rhetoricae,
931 2274 964 2332 in
984 2272 1133 2350 Phaedro,
1157 2289 1189 2334 ut
1213 2272 1280 2335 nolo

82 2370 261 2444 monuimus,
283 2368 315 2450 2)
344 2370 427 2431 Plato
454 2371 551 2433 dedit:
587 2373 689 2453 Lysiae
717 2373 783 2433 dico
809 2373 966 2433 orationem
991 2372 1094 2448 illam,
1114 2395 1187 2453 quae
1214 2368 1279 2435 nulll

81 2465 179 2527 hahita
206 2464 393 2543 definiendi,
424 2470 591 2550 partiendi,
620 2469 837 2545 distribuendi,
867 2469 951 2530 nulla
977 2472 1097 2531 omnino
1127 2472 1276 2533 dialetico

79 2566 189 2625 ratione
199 2608 208 2640 ,
230 2578 334 2631 temere
353 2565 493 2646 nulloque
514 2568 616 2628 ordine
638 2568 812 2648 procederet.
854 2567 912 2629 Sed
930 2583 1014 2628 erant
1032 2571 1094 2647 ejus
1117 2568 1276 2643 sestertii,

80 2663 206 2725 rhetores
223 2665 337 2746 proprie
358 2665 492 2741 dicendi,
511 2668 560 2745 qui
582 2681 655 2726 artes
674 2665 793 2725 dicendi
817 2666 982 2742 traderent,
1004 2687 1057 2727 nec
1077 2681 1176 2729 mmen
1195 2667 1286 2749 magis,¹

79 2785 163 2843 quam
192 2764 290 2844 Lysias
317 2764 482 2844 similesque
510 2779 660 2840 oratores,
687 2764 876 2844 ¹eloquentiae
903 2764 1076 2826 adhiberent
1105 2766 1276 2828 dialecticon.

78 2862 100 2920 F
102 2864 208 2923 estivus
226 2861 263 2921 de
283 2863 319 2921 iis
341 2862 465 2923 Socratis
486 2876 528 2921 est
548 2884 610 2922 cum
632 2850 761 2923 Phaedro
778 2883 985 2942 se1m0,eoque
1004 2865 1196 2943 opportunius
1213 2862 1278 2925 nabit

78 2973 153 3021 totus
173 2960 301 3040 legetur,
329 2982 386 3039 quo
416 2960 577 3020 dilucidius
602 2960 671 3019 inde
702 2959 786 3019 nobis
809 2960 960 3041 apparebit
985 2961 1151 3021 Platonicae
1179 2961 1277 3023 rhetori·

77 3077 126 3117 cae
145 3059 327 3137 praestantia.
369 3059 440 3119 Nam
461 3072 631 3139 postquam,
659 3056 813 3120 dialectici
830 3044 966 3134 laudata,
986 3051 1085 3139 λόγων
1105 3052 1213 3141 calme
1232 3080 1277 3121 mc·

76 3170 234 3217 moraverat
253 3156 380 3217 Socrates
407 3157 589 3231 «haeccine,
612 3169 692 3235 rogat
703 3201 712 3230 ,
738 3156 790 3215 illa
815 3171 874 3232 est,
896 3178 953 3237 qua
976 3160 1208 3241 Thrasymachus
1224 3156 1276 3219 alii·

78 3273 132 3332 que
151 3253 196 3311 usi
206 3298 215 3327 ,
235 3266 263 3313 et
291 3253 348 3334 ipsi
369 3255 469 3315 diserti
491 3255 560 3315 facti
582 3268 649 3314 sunt
671 3268 698 3313 et
718 3254 789 3314 alios
809 3255 942 3332 faciunt,
969 3260 1136 3338 quicunque
1156 3261 1238 3342 ipsis,
1252 3266 1277 3313 lt

77 3350 211 3430 regibus,
228 3372 345 3412 munera
362 3353 489 3413 tribuere
508 3354 635 3415 volunt?
658 3353 712 3412 Cui
738 3352 903 3430 Phaedrus,
926 3358 994 3436 regii
1013 3357 1133 3436 quidem
1154 3354 1275 3427 illiciti,

78 3449 210 3528 reponit,
240 3470 292 3509 uec
318 3464 413 3509 tamen
441 3471 538 3510 eorum
563 3451 669 3533 periti,
699 3472 770 3528 quae
792 3453 931 3530 requiris:
961 3446 1036 3515 hanc
1057 3470 1154 3516 autem
1173 3455 1274 3539 speciem

75 3560 151 3605 recto
171 3545 243 3607 mihi
268 3548 383 3607 uomirm
410 3549 555 3631 appellare
586 3548 712 3623 videris,
743 3550 933 3609 dialecticam
954 3553 1121 3634 appellans:
1155 3552 1272 3615 rhetorica

77 3664 146 3703 vero
168 3666 220 3705 nos
240 3646 315 3725 fugit
334 3645 439 3711 adhuc.
460 3678 493 3689 -
525 3648 605 3723 Quid
624 3650 688 3708 aisl
715 3648 895 3711 Praeclarum
916 3672 983 3710 sane
1001 3652 1040 3711 sit
1057 3652 1157 3732 quod,
1176 3654 1211 3713 ab
1227 3661 1272 3709 ortt

74 3741 225 3801 dialectica
242 3745 402 3821 sejunctum
412 3791 422 3820 ,
438 3758 534 3805 tamen
555 3761 614 3805 arte
635 3746 758 3826 quadam
772 3746 885 3807 addisci
905 3762 1006 3827 queat3
1028 3765 1215 3811 veruntamen
1226 3766 1270 3807 uto

76 3830 269 3920 spernendum
297 3842 349 3901 hoc
370 3843 425 3902 tibi
449 3844 578 3922 mihique
606 3860 665 3904 est:
696 3844 853 3905 dicendum
880 3848 986 3928 igitur,
1016 3870 1089 3928 quae
1117 3850 1222 3929 reliqua
1242 3844 1269 3903 til

75 3938 231 4000 rhetoricae
258 3955 323 4021 pars
352 3956 466 4020 praeter
489 3943 680 4003 dialecticam.
705 3976 737 3985 -
759 3944 901 4004 Permulta
912 3968 959 4020 ,o
988 3946 1136 4023 Socrates,
1157 3941 1268 4007 inlibris

73 4035 109 4095 de
128 4051 188 4097 arte
208 4036 329 4099 dicendi
349 4041 464 4119 scriptis
482 4040 588 4102 tradita
609 4054 730 4101 exstant.
752 4069 787 4078 -
806 4045 893 4103 Recte
911 4065 1026 4105 mones:
1044 4044 1207 4127 προοίμην,
1224 4039 1266 4121 tpl·

74 4156 144 4208 nor,
165 4136 289 4215 primum
309 4156 367 4194 esse
387 4137 418 4195 in
439 4139 585 4217 principio
611 4140 748 4199 orationis
768 4140 943 4201 dicendum:
968 4144 1037 4205 haec
1067 4138 1266 4209 memorarat&

155 4290 328 4298 ..-——----

110 4355 132 4418 l)
152 4359 227 4409 Initio
245 4378 269 4426 p.
289 4361 338 4412 154
356 4379 409 4429 sqq.

107 4440 132 4505 2)
152 4445 211 4496 llud.
231 4462 255 4510 p.
278 4445 336 4496 276.
