2796 5048
672 274 733 337 500

81 449 244 530 pressimus.
298 443 423 503 Accedat
458 459 574 518 autern,
605 440 711 515 credo,
752 443 953 524 interpretatio
989 452 1112 520 oportet.
1171 439 1237 496 Nam
1264 458 1300 495 re-

81 565 208 629 pugnare
237 543 306 601 haec
334 543 358 600 si
383 563 450 610 uon,
472 541 662 623 opinionibus
691 542 816 614 nostris,
837 554 914 598 certe
942 537 1091 617 cogitandi
1120 548 1228 594 nostrae
1252 535 1301 594 dis-

82 642 254 721 serendique
283 640 388 699 rationi
426 639 583 714 videntur,
618 640 667 698 ubi
701 638 739 697 de
762 638 875 715 justitia
904 639 1024 717 agimus.
1077 635 1235 693 Memorare
1250 654 1302 691 nos

82 743 141 799 scre
161 760 226 797 cum
252 739 343 817 leges,
361 753 422 797 tum
449 757 574 818 poenas,
595 751 656 795 tum
671 737 785 813 judicia
806 756 839 794 ac
858 735 1018 793 tribunalia
1039 733 1180 808 solemus,
1200 731 1236 790 de
1250 752 1304 810 qur

82 839 173 895 bns
166 859 197 895 ιιι
228 837 273 895 bis
294 836 429 894 omnibus
459 833 583 894 Socratis
609 833 790 893 sermonibus
817 835 869 892 vix
898 832 1008 891 mentio
1028 831 1072 891 fit.
1115 830 1255 910 Agimus
1249 843 1302 886 rtem

81 920 118 993 de
143 922 396 1014 quaestionibus
385 933 480 1009 luris,
503 946 534 991 ut
564 946 725 1005 vocantur,
747 929 994 1003 intricatioribus,
1014 928 1257 1008 quemadmodum
1275 925 1302 984 de

82 1033 118 1092 iis
132 1031 226 1108 judici
248 1030 505 1112 pronunciandum
527 1032 581 1089 sit:
604 1051 661 1109 quo
682 1042 791 1109 spectat
818 1028 942 1085 maxime
957 1025 1193 1106 jurisprudentia
1215 1038 1304 1081 nostra.

82 1130 118 1189 ld
138 1151 206 1190 vcro
227 1129 420 1209 praetermisit
438 1128 475 1186 de
498 1127 643 1186 industria
664 1126 754 1185 Plato.
788 1127 939 1184 Caeterum
955 1126 1062 1182 mirum
1074 1121 1306 1200 nonnullis,0pi·

83 1250 154 1298 nor,
176 1247 214 1285 ne
240 1227 335 1284 dicam
360 1225 537 1301 absurdum,
559 1226 712 1299 rideatur,
733 1225 773 1282 ita
793 1223 830 1283 de
846 1224 962 1300 justitia
982 1224 1013 1280 ιιι
1039 1223 1161 1281 civitate
1187 1241 1305 1300 pronun-

82 1326 178 1397 ciare,
208 1325 292 1402 quasi
319 1323 382 1382 illic
408 1325 445 1381 sit
475 1324 619 1396 maxime,
642 1322 693 1380 ubi
722 1343 775 1380 suo
802 1320 924 1400 quisque
949 1320 1074 1378 maxime
1097 1333 1183 1378 vacet
1206 1317 1304 1390 officio,

82 1443 133 1481 nec
161 1435 296 1503 peragere
323 1421 401 1499 quod
429 1421 551 1480 aliorum
578 1435 621 1480 est
639 1419 764 1479 studeat.
805 1421 868 1478 Imo
887 1440 974 1491 vero,
995 1420 1099 1496 ajunt,
1124 1417 1177 1475 ubi
1197 1430 1226 1475 ct
1242 1417 1306 1495 opti-

81 1541 143 1578 mae
173 1531 241 1578 sunt
268 1508 345 1597 leges
374 1533 403 1578 ct
417 1518 533 1595 judices
550 1519 667 1599 optimi.
691 1538 743 1576 nec
765 1519 875 1576 cisium
896 1516 1016 1575 libertas
1034 1514 1213 1577 cohibendis
1231 1512 1307 1571 male·

82 1615 144 1674 licis
171 1617 277 1696 optime
305 1614 491 1689 vindicatur,
513 1616 577 1674 illic
604 1616 720 1676 demum
751 1616 784 1674 ιιι
810 1615 929 1675 civitate
954 1614 1068 1691 justitia
1095 1626 1150 1672 est.
1192 1611 1250 1670 Sed
1267 1631 1308 1668 nos

80 1713 274 1794 explicandae
302 1713 467 1773 Platonicae
488 1713 685 1787 doctrinae,¹
678 1736 709 1772 ιιι
737 1733 825 1791 quam
850 1713 903 1771 ista
922 1712 1053 1792 profecto
1070 1732 1133 1770 non
1157 1710 1198 1771 ita
1218 1723 1307 1769 temere

78 1813 248 1888 iaciuntur,
268 1812 363 1892 ipsum
383 1812 561 1871 Platonem
553 1825 742 1891 interpretem
764 1810 994 1870 adhibeamus.-

122 1909 211 1968 Haud
237 1930 306 1968 sane
335 1910 453 1988 negarit
477 1908 685 1990 philosophus,
715 1929 769 1983 ea,
794 1928 868 1988 quae
891 1928 972 1967 nunc
993 1905 1083 1986 vulgo
1103 1872 1262 1976 dicuntur,
1279 1901 1307 1960 ad

75 2008 219 2082 justitiam
248 2008 417 2067 incivitate
437 2007 569 2087 proxime
595 2008 760 2087 pertinere3
783 2006 836 2066 sed
862 2026 922 2064 rem
941 2004 993 2064 ille
1011 1998 1197 2082 indagavit
1190 2002 1308 2062 interius

80 2107 250 2180 Quaesivit,
270 2104 512 2184 quemadmodum
539 2106 641 2186 optimi
669 2106 702 2165 ιιι
728 2105 848 2164 civitate
878 2103 1015 2183 exsistere
1043 2122 1112 2161 cum
1133 2102 1309 2181 ,magistratus

80 2219 107 2263 ct
136 2205 328 2284 legislatores,
354 2218 416 2262 tum
440 2203 556 2280 judices
584 2215 716 2283 possent,
738 2214 770 2260 ut
797 2202 921 2283 optimae
951 2187 1204 2265 constituerentur
1229 2198 1309 2276 leges,

80 2301 253 2379 caedemque
280 2299 317 2361 ad
345 2299 508 2359 libertatem
529 2300 707 2378 salutemque
724 2300 833 2361 civium
852 2296 991 2358 tuendam
1008 2297 1246 2357 vindicarentur.
1282 2293 1309 2351 ld

80 2398 150 2457 inde
181 2397 371 2478 repetendum
397 2399 529 2472 censuit,
552 2399 577 2457 si
608 2419 691 2457 suum
711 2399 835 2477 ‚quisque
865 2399 898 2455 in
928 2397 1048 2457 civitate
1077 2410 1230 2476 perageret
1254 2391 1308 2457 offi-

79 2495 176 2569 cium,
203 2495 222 2555 i.
253 2515 277 2555 e.
305 2493 402 2569 illud,
433 2496 471 2555 ad
498 2496 576 2576 quod
599 2511 684 2577 aptus
713 2496 816 2555 natura
835 2495 941 2561 etfcre
961 2507 1160 2566 accusasset,
1181 2512 1308 2571 exseque-

80 2606 177 2667 retur,
209 2615 268 2651 uon
295 2614 381 2668 vero,
412 2608 442 2653 ut
468 2595 545 2669 fere,
577 2595 758 2673 maximeque
785 2592 924 2666 Athenis,
952 2590 1057 2665 fiebat,
1078 2593 1181 2650 oanuia
1206 2610 1308 2662 omnes,

79 2703 107 2747 et
134 2691 301 2774 grauissima
329 2690 402 2750 adeo
428 2693 558 2752 civitatis
585 2678 705 2750 munera
726 2691 830 2770 agresti
851 2690 971 2770 ingenio
991 2689 1126 2761 homines
1146 2690 1307 2749 affectarent.

34 2804 46 2821 ⁰
78 2787 177 2864 ltaque
203 2787 309 2847 tradita
339 2788 392 2847 itta
420 2788 598 2848 Phoenicum
624 2788 661 2847 de
687 2789 839 2864 bominum
867 2802 884 2847 e
912 2801 988 2855 terra
1015 2801 1082 2847 ortu
1109 2784 1233 2863 fabula,
1253 2785 1304 2866 pri-

31 2880 34 2885 ’
79 2905 157 2943 mum
185 2906 221 2943 ex
244 2888 323 2945 omui
348 2887 459 2946 civium
486 2907 590 2966 genere
615 2888 646 2946 in
669 2907 820 2945 numerum
842 2884 1013 2960 custodum,
1034 2899 1096 2945 tum
1117 2889 1205 2949 etiam
1226 2904 1306 2945 ecus

78 2981 222 3041 todibus
214 3004 246 3042 ιιι
265 3005 417 3044 numerum
437 2986 653 3065 magistratuum
672 2985 739 3044 illos
759 2984 875 3059 retulit,
897 3003 1019 3063 quorum
1039 2996 1163 3045 naturae
1184 2978 1307 3043 nonnihil

79 3080 140 3136 sire
161 3082 272 3158 argenti
292 3083 353 3142 sire
376 3083 439 3141 auri
465 3083 630 3144 admixtum
654 3097 745 3142 esset:
767 3097 828 3142 tum
857 3064 1038 3156 custodes,
1030 3083 1219 3169 maximeque
1245 3081 1306 3139 lutu-

79 3196 124 3233 ros
155 3176 333 3257 reipublicae
359 3180 565 3261 gubernatores
592 3182 735 3260 exquisita
765 3168 891 3259 quadam
911 3180 1097 3245 institutione
1119 3181 1267 3252 erudivit,
1284 3189 1306 3233 ιιι

78 3272 242 3333 libertatem
272 3297 304 3335 ac
334 3279 455 3337 salutem
476 3280 588 3338 civium
614 3293 691 3340 recte
719 3292 880 3338 tuerentur.
922 3279 1010 3339 Porro
1035 3276 1073 3337 de
1101 3278 1233 3338 ferendis
1252 3274 1306 3355 legi·

77 3369 149 3442 bus,
177 3370 213 3429 de
240 3375 343 3453 poenis
372 3358 603 3449 constituendis,
634 3375 670 3434 de
695 3375 848 3452 judicibus
868 3372 1002 3434 creandis
1029 3388 1080 3433 aut
1098 3373 1242 3434 ornandis
1260 3374 1305 3433 tri·

79 3467 258 3547 bunalibus,
287 3472 324 3532 dc
352 3472 398 3531 bis
423 3472 574 3548 omuibus,
605 3474 715 3547 fateor,
737 3495 795 3533 non
825 3473 995 3553 singulatim
1025 3473 1103 3552 egit:
1126 3471 1225 3533 noluit
1250 3469 1307 3530 adeo

79 3565 108 3622 in
143 3565 213 3626 haec
247 3571 377 3649 singula,
406 3569 672 3648 quomodoesscnt
703 3570 895 3645 instruenda,
923 3570 1090 3647 inquirere:
1114 3568 1197 3649 quod
1226 3560 1307 3647 ddpur

79 3656 193 3739 τέμνειν
212 3667 388 3748 appellabat.
418 3667 447 3747 l)
489 3667 690 3727 Veruntamen
716 3658 788 3727 iales
817 3668 873 3727 sibi
902 3667 1058 3727 videbatur
1087 3681 1118 3727 et
1138 3669 1266 3730 custodes
1287 3681 1308 3726 et

80 3765 260 3842 magistratus
288 3784 354 3824 cum
387 3767 525 3846 elegisse,
546 3781 607 3825 tum
635 3766 747 3854 artibus
771 3766 999 3846 disciplinisque·
1015 3766 1205 3843 informasse,
1225 3768 1309 3847 quales

82 3863 126 3919 bis
156 3861 279 3941 singulis
308 3865 509 3942 universisque
528 3932 531 3937 ,
547 3867 654 3946 optime
682 3866 889 3945 prospicerent.
931 3865 985 3924 His
1005 3866 1158 3945 peractis,
1178 3866 1309 3946 principia

81 3959 136 4016 sibi
167 3961 246 4020 visus
273 3974 314 4018 est
341 3960 513 4036 tradidisse,
545 3976 576 4021 ut
602 3965 679 4040 justa
711 3976 782 4020 esset
803 3963 915 4022 civitas.
957 3963 1014 4020 Nec
1033 3982 1102 4020 tero
1120 3962 1201 4024 illud
1221 3966 1251 4022 in
1267 3963 1309 4020 liat

81 4077 111 4114 rc
135 4057 299 4133 judicanda
328 4063 607 4139 praetermittamus,
629 4060 707 4140 quod
732 4059 821 4121 verbo
840 4062 905 4138 jam¹
928 4046 1094 4139 attigimus,
1107 4040 1310 4138 justitiaene

83 4154 190 4213 tionem
215 4177 403 4236 peromnem
426 4159 657 4246 antiquitatem,
680 4181 734 4218 nec
758 4159 856 4217 minus
877 4158 957 4239 apud
972 4157 1118 4238 Graecos,
1141 4183 1227 4242 quam
1245 4156 1310 4242 apud

84 4343 324 4356 -—--.-—...-..-..

124 4447 146 4512 l)
167 4450 203 4499 lle
221 4453 281 4520 ιιοιι.
301 4452 342 4504 lV.
362 4454 420 4504 tto.
440 4454 469 4504 E.
