2796 5048
645 208 681 266 61

50 371 195 442 honesta,
218 367 331 428 decora.
373 367 459 442 Quod
487 369 565 428 uisus
588 384 630 429 est
655 389 762 427 summa
787 391 841 450 ope
863 369 1009 443 Socrates,
1029 373 1079 450 qui
1103 371 1156 431 hae
1179 394 1236 432 uua
1256 376 1287 433 in

56 491 87 528 re
112 467 171 527 sibi
201 468 325 525 maxime
355 466 471 526 videtur
493 466 641 547 placuisse.
670 461 769 526 &trau
793 465 842 527 καὶ
862 462 936 547 λέγω
959 457 1057 550 δήπου
1078 463 1137 544 ciel,
1162 463 1208 532 ὅτι
1229 470 1288 553 e'yui

54 555 212 647 τυγχάνω,
241 557 282 638 ὠς
303 559 372 639 ἔπος
393 564 494 639 εἰπεῖν,
517 559 602 626 οὐδὲν
623 558 814 646 ἐπιστάμενος
834 558 912 650 πλήν
930 592 962 650 γε
984 571 1109 652 σμικροῦ
1128 568 1208 647 τινός
1227 599 1287 653 μα-

57 659 213 752 θήματος,
240 665 310 727 τῶν
337 664 528 748 ἐρωτικῶν.
575 669 671 730 Τοῦτο
699 666 798 749 μέντοι
826 665 863 732 tri
891 659 1027 754 μάθημα
1061 669 1131 756 παρ’
1159 669 1289 738 ὁντινοῦν

54 773 197 852 ποιοῦμαι
226 764 322 843 δεινός
345 762 417 829 εἶναι
443 768 491 830 καὶ
517 770 576 830 τῶν
596 763 818 853 προγιγννότων
839 762 1080 855 ἀνθρώπωνκαὶ
1101 778 1161 839 τῶν
1181 780 1241 840 νῦν.
1260 783 1289 863 l)

55 875 111 936 Sed
132 876 189 935 hoc
211 861 349 953 μάθημα
368 872 452 950 quale
467 887 560 947 esset,
581 895 671 955 neque
700 877 760 957 ipse
785 876 902 936 videtur
928 892 1059 938 accurate
1078 879 1231 961 tradidisse
1261 896 1288 942 et

19 986 24 993 '
55 999 107 1036 nos
134 978 349 1055 ignoraremus,
381 973 438 1031 nisi
467 973 640 1052 exposuisset
669 974 753 1051 nobis
777 975 858 1033 Plato
883 996 948 1034 curn
977 977 1009 1034 in
1040 978 1212 1054 Convivio,
1227 994 1288 1039 tum

56 1078 87 1134 in
117 1074 173 1133 hoc
201 1075 281 1156 ipso,
310 1092 394 1151 quem
417 1071 621 1151 percurrimus,
651 1071 774 1152 dialogo.
822 1073 894 1132 Nam
924 1072 1033 1134 Socrati
1057 1075 1189 1136 tribuens
1216 1098 1288 1157 quae

57 1176 118 1255 ipse
142 1172 304 1245 sentiebat,
330 1169 446 1228 inducit
473 1188 538 1226 eum
565 1187 647 1250 porro
675 1171 715 1228 sic
740 1170 932 1230 celebrantem
965 1192 1088 1232 amorem
1117 1174 1288 1253 honestum,

59 1286 89 1331 ut
117 1286 232 1352 turpem
250 1269 417 1350 culpaverat
435 1281 510 1326 ante.
541 1267 626 1326 Hunc
641 1289 708 1328 vero
724 1269 922 1344 Platonicum,
942 1291 1099 1331 sermonem
1118 1272 1231 1349 dicam,
1249 1297 1287 1335 an

58 1371 228 1452 hymnum?
251 1382 283 1427 ut
305 1366 497 1448 percipiamus
520 1367 653 1445 penitus,
674 1381 838 1447 tantamque
863 1389 1044 1447 assequamur
1068 1370 1287 1448 sublimitatem,

57 1469 222 1552 praeparari
241 1488 293 1525 nos
312 1463 520 1544 quodammodo
540 1478 648 1545 oportet
667 1465 732 1524 aliis
750 1465 915 1547 philosophi
939 1468 1131 1559 memoraqdis
1148 1471 1286 1553 interpre-

57 1567 212 1646 tandisque
231 1565 267 1624 de
283 1584 377 1624 amore
396 1562 520 1645 placitis.
543 1567 599 1642 Age
614 1564 701 1643 igitm·
711 1610 720 1638 ,
740 1564 861 1629 alterum
879 1563 963 1623 illum
982 1567 1141 1647 aperiamus
1159 1569 1288 1630 Platonis
1366 1623 1368 1627 .

57 1664 207 1744 dialogum
224 1663 406 1735 amatorium,
428 1662 485 1720 imo
504 1662 640 1720 intremus
660 1663 828 1722 convivium
847 1662 942 1736 illud,
957 1684 1013 1742 quo
1033 1665 1149 1726 nullum
1163 1689 1289 1747 unquam

57 1762 225 1845 philosophi
245 1760 429 1820 celebrarunt
453 1761 550 1839 magis.
591 1761 748 1820 Occurrent
773 1761 857 1820 nobis
880 1762 912 1820 in
931 1761 984 1821 illo
1007 1783 1071 1822 cum
1091 1765 1160 1840 alii,
1181 1769 1231 1846 qui
1252 1767 1289 1828 de

57 1881 155 1921 amore
179 1859 287 1918 dicturi
311 1871 397 1932 sunt,
423 1871 484 1916 tum
505 1856 650 1933 Socrates,
670 1872 731 1917 tum
757 1880 825 1918 vero
853 1861 938 1920 etiam
963 1860 1039 1920 idem
1070 1861 1121 1920 ille
1143 1864 1290 1925 Phaedrus

59 1972 167 2018 noster.
208 1959 306 2036 Neque
330 1956 378 2015 hic
407 1962 475 2015 sane
502 1955 538 2014 ab
562 1956 646 2015 initio
665 1956 735 2016 inde
757 1957 874 2036 exiguas
894 1957 980 2016 habet
1007 1974 1110 2039 partes.
1151 1963 1223 2021 Nam
1241 1985 1289 2023 au·

58 2071 122 2117 ctor
148 2071 190 2116 est
209 2076 370 2115 sermonum
399 2054 545 2128 omnium,
566 2075 634 2133 quos
653 2054 690 2113 de
716 2074 809 2114 amore
833 2054 943 2114 habent
959 2057 1110 2119 convivae.
1147 2059 1195 2119 Sic
1213 2063 1291 2122 enim

57 2155 201 2214 continuo
211 2153 439 2234 Eryxima'chus:
465 2152 649 2228 «Phaedrus,
670 2154 780 2233 inquit,
791 2173 993 2234 saepenumero
1007 2175 1052 2214 rue
1065 2177 1159 2216 coram
1174 2159 1291 2219 moleste

57 2253 148 2326 tulit,
169 2253 240 2312 alios
255 2251 372 2331 quidem
386 2254 459 2311 Deos
477 2251 594 2331 hymnis
614 2265 641 2310 et
660 2251 793 2311 cantibus
811 2274 828 2311 a
845 2253 937 2333 poetis
960 2273 1018 2313 esse
1036 2254 1168 2317 laudatos
1178 2303 1186 2333 ,
1207 2261 1290 2320 Amo·

58 2372 121 2411 rem
143 2371 228 2424 vero,
249 2350 336 2408 talem
359 2349 445 2408 illum
465 2369 497 2408 ac
516 2363 627 2408 tantum
647 2351 751 2424 Deum,
773 2372 789 2409 a
807 2363 849 2409 tot
869 2344 948 2424 illis,
969 2353 1019 2430 qui
1043 2354 1179 2431 fuerunt,
1200 2359 1291 2438 politis

57 2448 198 2510 adhunc
219 2470 306 2527 usque
326 2448 404 2507 diem
423 2446 539 2507 nullum
560 2449 699 2529 accepisse
717 2450 887 2508 encomium.
929 2450 1014 2524 Quod
1037 2454 1109 2512 mihi
1125 2457 1191 2532 jure
1211 2456 1289 2516 vide·

57 2565 108 2609 tur
127 2547 306 2627 indignatus.
348 2547 407 2626 Ego
428 2546 516 2625 igitur
535 2558 563 2604 et
590 2543 637 2603 illi
655 2545 808 2625 gratificari
827 2547 947 2627 cupiens
974 2562 1003 2608 et
1020 2571 1072 2609 nos
1092 2551 1193 2612 decere
1216 2555 1291 2616 arbi·

58 2661 171 2720 tratus,
193 2659 224 2704 ut
243 2659 339 2704 nostra
362 2645 469 2724 quique
497 2644 561 2703 vice
582 2663 703 2702 amorem
731 2643 924 2719 celebremus,
946 2660 1044 2706 auctor
1067 2671 1138 2710 sum.
1180 2653 1292 2712 Primus

58 2761 158 2808 autem
177 2743 324 2803 Phaedrus
343 2742 440 2816 dicat,
461 2740 568 2821 quippe
585 2741 635 2818 qui
656 2755 683 2799 et
696 2742 807 2821 primus
826 2742 970 2803 accumbit
984 2758 1012 2804 et
1030 2760 1111 2826 pater
1129 2763 1170 2808 est
1190 2767 1289 2810 sermo·

59 2846 109 2907 nis
127 2844 245 2922 hujus.''
267 2840 364 2916 Quod.
371 2854 521 2922 postquam
545 2859 642 2898 omnes
664 2839 840 2920 probarunt,
861 2841 901 2900 sic
920 2840 972 2902 ille
997 2843 1067 2904 iacit
1086 2844 1206 2907 dicendi
1235 2849 1291 2909 ini·

58 2946 146 3006 tium.
167 2945 298 3002 Amorem
312 2959 370 2998 esse
385 2937 535 2998 contendit
552 2938 676 2997 Deorum
690 2939 816 2998 omnium
834 2940 1033 3000 veterrimum:
1055 2941 1134 3002 haud
1152 2946 1291 3006 celebrari

59 3043 141 3103 enim
158 3041 220 3119 ejus
238 3051 379 3120 parentes.
410 3037 482 3096 Nam
495 3035 652 3096 Hesiodum
671 3037 765 3097 dicere
775 3083 783 3112 ,
805 3038 928 3118 primum
947 3041 1087 3100 exstitisse
1103 3042 1211 3119 Chaos,
1231 3059 1291 3104 tum

60 3143 182 3202 Terram
211 3151 238 3196 et
262 3140 412 3210 Amorem,
437 3134 569 3215 idemque
593 3133 733 3194 affirmare
755 3135 954 3195 Parmeniden
976 3150 1004 3196 et
1032 3141 1163 3200 assentiri
1188 3145 1292 3203 Acusi-

60 3241 152 3299 laum.
169 3234 201 3316 2)
221 3237 285 3311 Quo
299 3234 416 3316 respicit
431 3233 594 3306 Phaedrus,
612 3233 825 3315 philosophema
846 3235 994 3314 antiquum
1016 3235 1052 3295 de
1070 3258 1164 3297 rerum
1182 3242 1292 3320 origine

63 3352 90 3398 et
109 3335 278 3396 conditione
297 3346 444 3414 praesente
463 3353 639 3406 memorans,
660 3354 716 3411 quo
735 3332 778 3391 nil
798 3355 924 3412 unquam
944 3334 1103 3415 elegantius
1127 3337 1290 3398 sublimius·

63 3457 118 3516 que
136 3434 311 3514 excogitavit
330 3431 456 3490 hominis
480 3431 645 3510 ingenium:
668 3430 752 3489 chaos
774 3432 861 3491 fuisse
885 3434 1009 3513 primum
1019 3479 1027 3507 ‚
1056 3455 1151 3493 rerum
1172 3438 1292 3497 univer-

67 3555 161 3595 sarum
190 3531 336 3613 principia
364 3529 534 3602 continens,
567 3527 617 3586 sed
645 3527 745 3588 rudem
774 3529 1000 3610 indigestamque
1025 3531 1144 3609 molem,
1175 3535 1207 3594 in
1237 3558 1293 3616 qua

69 3633 162 3693 omnia
182 3630 306 3691 fluerent
324 3627 468 3687 contrario
486 3639 564 3685 motu
582 3638 610 3683 et
628 3626 659 3684 in
677 3646 706 3684 se
726 3627 849 3685 invicem
865 3629 1041 3707 agitarentur
1056 3631 1212 3693 elementa:
1231 3649 1292 3695 tum

72 3753 152 3807 rere,
173 3732 255 3789 ecce!
279 3740 379 3786 natum
403 3746 461 3783 esse
485 3723 625 3783 Amorem
637 3770 645 3797 ,
666 3744 722 3803 quo
746 3738 859 3799 exorto,
885 3726 980 3784 omnia
1004 3748 1063 3786 esse
1086 3733 1237 3792 confestim
1259 3756 1291 3793 ac

71 3842 167 3912 sponte
187 3829 220 3887 in
241 3824 373 3886 ordinem
391 3836 607 3891 etconcen‘tum
622 3821 749 3895 redacta,
764 3843 795 3881 ac
811 3822 1015 3904 pulcerrimum
1036 3827 1190 3902 exstitisse,
1209 3851 1291 3908 quem

107 4175 130 4240 1)
151 4177 243 4245 ruaqe
261 4173 319 4226 tae.
338 4173 367 4225 r.
386 4173 506 4224 Similiter
519 4173 600 4240 syras.
626 4169 683 4221 rrr.
701 4170 731 4221 u.
757 4154 791 4232 ὃς
816 4152 901 4220 οὐδέν
927 4180 1004 4241 φημι
1024 4157 1094 4223 ἄλλο
1114 4160 1292 4226 ἐπίστασθαι

67 4254 92 4340 ἢ
116 4256 149 4322 tri
164 4254 297 4344 ἐρωτικά.
321 4265 359 4318 ct.
379 4264 435 4317 193.
454 4265 484 4316 E.
1006 4335 1017 4341 -

111 4351 135 4417 2)
149 4353 307 4410 Parmenidis
326 4353 482 4404 mentionem
496 4351 608 4401 retinere
622 4365 671 4401 nos
682 4348 756 4415 jubet
771 4365 826 4400 cum
840 4350 920 4417 Syvup.
940 4348 996 4400 195.
1011 4348 1047 4411 G,
1065 4357 1117 4401 tum
1132 4351 1290 4420 subsequens

62 4444 142 4515 (rte.
164 4448 203 4513 c.)
227 4435 306 4502 οὕτω
321 4430 525 4517 πολλαχόθεν,
547 4451 598 4494 tum
616 4451 670 4494 uu
688 4443 761 4506 sutus
781 4441 905 4493 orations
924 4442 996 4492 rasso.
