2796 5048
659 203 718 264 528

80 374 222 436 libertatis
242 372 431 454 participem:
463 382 492 431 et
519 382 595 430 recte
621 369 739 449 quidem
764 369 832 447 illi,
861 392 918 451 quo
945 373 1037 455 magis
1060 372 1131 434 inde
1156 373 1289 453 efficiant,

79 494 159 556 posse
178 471 376 551 semetipsum
404 469 542 550 corrigere
561 487 594 528 ac
612 467 748 549 perficere
768 466 923 548 hominem.
965 471 1026 553 Ego
1045 492 1115 533 vero
1133 495 1191 534 non
1210 476 1291 534 ausin

78 572 111 632 id
130 571 262 632 universe
281 569 317 629 de
331 568 480 628 hominum
499 587 601 649 genere
619 575 764 648 usurpare.
805 569 877 628 Nam
895 571 979 650 pauci
999 569 1170 648 admodum,
1200 574 1224 632 si
1242 595 1291 633 rerrr

78 672 133 730 rite
155 667 399 750 perspexerimus,
420 687 518 746 reapse
547 663 633 723 liberi
661 677 746 726 sunt:
769 668 873 727 caeteri
900 667 1034 728 libertate
1061 671 1164 730 morali
1180 687 1291 732 'carent

78 769 150 850 Regi
178 768 255 828 enim
282 786 341 825 sese
370 787 387 824 a
415 762 626 845 cupiditatibus
654 762 886 844 libidinibusque
916 766 975 825 suis
1001 768 1043 827 ita
1068 769 1242 849 patiuntur,
1269 783 1294 830 ut

78 888 192 947 prorsus
219 865 277 924 sint
304 864 340 922 iis
369 861 523 923 submissi.‘
553 862 610 921 Nec
640 882 707 923 vero
733 864 765 924 id
786 864 1041 926 vehementissimis
1060 881 1178 928 tantum
1197 867 1293 929 vilissi-

78 965 187 1044 misque
213 961 422 1044 cupiditatibus
450 959 639 1021 tribuendum
664 974 724 1040 est;
756 962 890 1023 similiter
917 964 1069 1044 imperium
1096 966 1130 1026 ln
1159 987 1214 1026 nos
1231 987 1295 1027 exer·
1318 1020 1321 1027 .

78 1075 144 1121 cent
169 1082 202 1120 ac
230 1061 417 1121 dominantur
431 1058 523 1139 plane
540 1079 605 1119 curn
627 1059 724 1118 minus
738 1059 848 1139 abjecta
869 1061 1090 1141 honestioraque
1110 1064 1230 1140 studia,
1248 1079 1294 1125 tun

78 1159 229 1240 opiniones
255 1157 478 1240 praejudicatae.
527 1156 581 1216 His
613 1172 707 1217 autern
735 1160 801 1237 quis
830 1159 948 1219 tandem
977 1160 1144 1222 mortalium
1173 1177 1232 1240 est,
1258 1165 1294 1244 qui

79 1259 214 1341 plane-se
233 1258 357 1316 liberum
374 1256 464 1338 possit
482 1255 671 1336 praedicare?
710 1256 900 1332 Quamobrem
915 1279 973 1318 non
990 1261 1079 1341 magis
1095 1260 1213 1337 libera,
1228 1283 1295 1342 quur

77 1357 193 1438 sapiens
219 1369 269 1414 aut
298 1355 424 1436 perfecta
452 1367 573 1429 natura,
593 1355 677 1415 homo
703 1354 846 1416 dicendus
873 1369 934 1432 est,
953 1358 1061 1440 quippe
1081 1380 1143 1419 non
1167 1362 1257 1442 magis
1271 1360 1295 1420 li·

77 1453 197 1524 bertatis
226 1453 357 1528 moralis,
387 1464 471 1532 q‘uam
492 1454 649 1534 sapientiae
669 1473 700 1512 ac
719 1453 905 1534 perfectionis
923 1456 1077 1538 particeps.
1120 1457 1161 1517 Et
1176 1480 1250 1520 ‘vero
1265 1474 1294 1540 ty·

78 1553 216 1612 rannicus
245 1552 297 1610 iste
325 1551 410 1611 homo
434 1551 549 1611 belluae
576 1566 617 1611 est
643 1551 772 1633 potius,
788 1552 910 1632 praedae
937 1553 1080 1615 inhiantis
1116 1577 1188 1615 suae
1214 1559 1294 1638 suique

78 1649 244 1732 impotentis
273 1671 405 1731 prorsus,
435 1671 520 1731 quam
548 1649 656 1710 liberae
687 1663 817 1729 naturae
830 1649 944 1711 similis.
984 1653 1098 1728 Quodsi
1127 1657 1292 1736 quaerimus,
1336 1684 1338 1693 ·

78 1749 316 1830 quemadmodum
347 1747 409 1809 fieri
434 1747 518 1808 homo
545 1748 687 1809 libertatis
714 1748 830 1809 moralis
854 1750 997 1830 particeps
1017 1753 1129 1832 possit,
1152 1754 1193 1814 ab
1211 1755 1292 1816 lrocir

80 1848 182 1930 primis
210 1847 329 1906 immani
356 1848 551 1928 ferissimoque
576 1848 639 1909 viro
662 1846 827 1925 donjectura
845 1847 970 1928 petenda
991 1863 1051 1926 est,
1075 1865 1129 1928 ut,
1152 1874 1227 1934 quae
1241 1853 1295 1933 justi

79 1948 117 2007 sit
143 1946 200 2006 viri
226 1945 375 2021 conditio',
396 1967 586 2026 assequamur.
627 1945 726 2006 Proeti
749 1945 782 2005 in
808 1944 861 2005 illo
887 1948 966 2007 omni
982 1951 1161 2013 auctoritate
1180 1952 1295 2013 destituta

79 2045 152 2105 ratio
172 2057 213 2102 est
222 2088 231 2118 ,
252 2057 335 2122 atque
345 2089 354 2120 ,
375 2043 413 2104 ad
432 2044 506 2104 harrc
526 2045 612 2104 ferme
629 2043 784 2104 delendam
794 2089 803 2119 ,
831 2037 866 2104 τό
883 2042 1043 2122 θυμοειδὲς
1067 2050 1100 2110 τί
1122 2072 1179 2111 sua
1195 2045 1228 2112 τοΙ
1241 2044 1291 2110 ἐπι-

80 2134 250 2224 θομητικόν
274 2143 358 2219 juvat
385 2163 417 2203 ac
442 2143 623 2218 corroborat,
644 2144 684 2201 ita
704 2143 737 2201 in
758 2142 811 2203 lroc
831 2147 985 2208 submissae
1005 2150 1118 2210 rationi
1142 2153 1294 2236 cupiditates

78 2260 165 2320 sunt,
196 2244 318 2325 imperat
346 2241 436 2317 ratio,
466 2262 603 2322 opemque
633 2243 660 2303 ei
687 2234 788 2320 θυμός
812 2245 891 2305 affert
917 2247 954 2319 ad
972 2249 1108 2308 animum
1126 2265 1222 2312 totum
1234 2244 1296 2313 recte

79 2340 310 2424 gubernandum.
360 2338 416 2397 Hio
453 2353 547 2398 autem
573 2339 625 2400 ille
653 2357 708 2419 est,
738 2345 789 2423 qui
815 2344 963 2406 verissime
986 2344 1107 2427 demum
1135 2350 1201 2412 dici
1225 2350 1297 2411 libera

79 2455 202 2514 natura,
232 2440 313 2498 bomo
340 2439 434 2513 liber,
461 2438 568 2518 possit,
589 2460 728 2520 quemque
751 2463 848 2503 omncs
864 2432 994 2520 imitari,
1016 2446 1068 2524 qui
1089 2445 1240 2511 libertatis
1257 2464 1316 2510 rrro'

79 2539 147 2599 ralis
172 2537 326 2619 participes
355 2556 413 2596 esse
432 2537 574 2618 cupiunt,
601 2554 720 2619 oportet.
768 2541 848 2602 Talis
876 2541 986 2601 scilicet
1013 2543 1167 2609 Socratica
1184 2548 1251 2608 'illa
1271 2561 1294 2607 et

78 2631 247 2719 αὐτάρκεια,
279 2636 335 2695 imo
365 2628 570 2717 αὐτοκράτωρ,
600 2658 686 2716 quarn
717 2639 864 2721 praeclare
900 2641 932 2701 in
965 2641 1129 2704 Meneaeono
1144 2652 1147 2657 ’
1163 2645 1290 2729 descripl

79 2743 168 2802 Plato.
203 2731 288 2824 Ὅτῳ
307 2730 364 2818 γὰρ
386 2732 473 2821 ἀνδρὶ
489 2737 529 2813 εἰς
544 2732 652 2799 iuveris
673 2730 835 2820 ἀνήρτηται
854 2729 949 2798 πάντα
968 2732 1006 2800 coi
1025 2736 1107 2823 προς
1123 2737 1293 2825 εὐδαιμονία

79 2835 208 2924 φέροντα
229 2835 250 2923 ἢ
276 2835 361 2922 ἐγγύς
386 2834 508 2916 τούτου,
530 2839 578 2901 καί
602 2836 647 2922 μή
667 2836 697 2902 ἔν
721 2832 818 2914 ἄλλοις
840 2833 1013 2924 ἀνθρώποις
1038 2841 1200 2927 αἰωρεῖται
1222 2835 1295 2921 ebrit

79 2938 100 3027 ἢ
129 2937 162 3005 εὖ
188 2939 208 3027 ἢ
238 2944 333 3017 κακῶς
358 2936 532 3026 πραξάντων
560 2943 731 3005 πλανᾶσθαι
756 2936 934 3025 ἠνάγκασται
961 2943 1010 3004 καὶ
1035 2940 1194 3025 τάκείνου,
1223 2943 1296 3033 vairp

80 3041 185 3130 ἄριστα
210 3039 437 3130 παρεσκεύασται
463 3044 527 3128 ζῆν·
556 3035 643 3121 οὗτός
667 3041 744 3109 ἔστιν
765 3039 782 3106 o‘
803 3038 934 3128 σώφρων
954 3046 1003 3108 καί
1024 3036 1113 3125 οὗτος
1137 3045 1159 3112 ὁ
1183 3049 1296 3135 ἀνδρεῖα

79 3148 128 3213 καὶ
157 3143 314 3233 φρόνιμος·
341 3138 441 3224 οὗτος,
466 3143 644 3231 γιγνομὲνων
664 3142 832 3231 χρημάτων
852 3146 901 3209 καὶ
921 3147 1036 3211 παίδων
1057 3150 1108 3213 καὶ
1132 3154 1297 3238 tropario

79 3248 194 3332 μένων,
215 3246 343 3331 μάλιστα
363 3249 489 3312 πείσεται
514 3250 555 3337 τῇ
582 3248 741 3336 παροιμίᾳ·
764 3234 829 3312 οὔτε
850 3245 907 3334 γοὶρ
930 3251 1045 3335 χαίρων
1068 3248 1138 3317 οὔτε
1164 3253 1297 3338 λυπούμε-

80 3380 129 3432 νος
159 3349 233 3438 ἰὶγαν
255 3347 418 3436 φανήσεται,
437 3349 487 3415 dici
510 3349 547 3416 τό
572 3347 653 3439 αὐτῷ
678 3347 858 3415 πεποιθέναι.
884 3355 913 3436 l)
961 3357 1051 3431 Quem
1081 3357 1184 3420 locum
1212 3363 1297 3423 diserte

83 3461 223 3542 expressit
232 3458 345 3519 Cicero:
368 3465 499 3516 nomcui
515 3466 580 3517 viro
598 3480 633 3515 αα
652 3465 836 3535 coipaoopto
851 3465 923 3515 aunt
940 3462 1059 3530 omnio,
1082 3479 1166 3534 quoa
1181 3463 1223 3521 od
1235 3463 1297 3519 hott

82 3562 239 3618 vivendum
247 3561 381 3634 ferunt,
402 3579 473 3632 noc,
491 3577 633 3634 suspensa
652 3557 783 3614 oliorum
802 3564 859 3612 out
876 3556 945 3613 bono
962 3575 1033 3612 cusu
1055 3566 1113 3614 out
1134 3567 1295 3628 contraite,

80 3661 209 3737 pondero
239 3679 274 3714 oc
300 3657 430 3714 alteriue
457 3664 569 3714 eventia
595 3665 624 3713 et
651 3676 757 3713 errare
777 3663 949 3734 coguntur,
970 3654 1039 3711 braic
1060 3662 1177 3731 optime
1198 3657 1296 3717 vivmd

83 3766 163 3816 ratio
189 3764 363 3832 comparato
393 3742 458 3814 ests
476 3757 523 3812 lra'c
542 3763 586 3813 est
608 3755 660 3812 atta
678 3756 868 3827 moderatus,
890 3755 938 3811 liic
956 3755 1076 3826 fortis,
1098 3755 1152 3812 liic
1175 3766 1295 3834 copiam,

82 3861 149 3931 hic,
175 3868 204 3914 et
222 3855 412 3912 noscentibus
425 3863 455 3911 ot
472 3856 645 3921 cadentibus
662 3876 730 3912 cum
749 3854 876 3931 reliquia
893 3852 1047 3911 commodis
1058 3895 1067 3925 ,
1089 3861 1161 3912 tum
1181 3862 1295 3915 maxime

1 3983 2 3987 ¹
85 3959 205 4029 liberta,
219 3955 341 4030 parebit
356 3962 385 4008 et
400 3954 509 4036 obediet
522 3963 681 4032 praecepto
698 3954 748 4009 illi
768 3958 863 4009 ceteri
872 3974 882 4007 .·

184 4049 285 4130 Neque
305 4057 385 4108 carim
406 4052 570 4111 loetabitur
590 4073 739 4130 unquam,
760 4072 811 4108 nec
832 4049 972 4108 maerebit
992 4053 1106 4123 nimia,
1123 4070 1136 4094 ι

187 4149 269 4229 Quod
289 4172 403 4227 semper
422 4158 454 4207 iar
477 4174 506 4208 aa
520 4159 588 4234 *ipso
608 4173 719 4209 omnem
740 4171 819 4229 apem
838 4157 959 4226 reponet
979 4154 1037 4206 aui.
1060 4144 1093 4225 2)

85 4285 150 4390 Τι’
161 4315 257 4378 menei.
276 4324 333 4377 aar.
351 4326 380 4376 a.

117 4412 142 4477 2)
162 4413 211 4466 cic.
232 4413 301 4465 Tusc.
318 4414 346 4475 Ο.
361 4412 390 4462 V.
410 4411 448 4460 12.
