2796 5048
497 1656 653 1723 VllRl
697 1656 969 1742 lucus„

132 2449 321 2513 Pulcerrimus
335 2461 377 2508 est
395 2467 462 2508 sane
472 2468 476 2491 ³
482 2460 510 2507 et
527 2445 632 2528 dignus
645 2445 761 2505 Platone
778 2445 900 2507 Socratis
918 2447 970 2506 ille
988 2447 1021 2506 in
1036 2448 1182 2507 amoreml

89 2569 172 2628 quem
191 2546 445 2628 disceptationibus
463 2545 522 2605 suis
537 2545 724 2606 interioribus
738 2546 884 2626 praemisit
899 2536 1012 2605 auctor:
1032 2568 1084 2606 nos
1097 2562 1182 2607 auten

87 2648 147 2707 lare
165 2646 362 2729 philosophiae
381 2646 543 2731 Platonicae
560 2644 683 2703 sublime
695 2651 880 2722 prooemium
898 2667 958 2704 non
976 2645 1183 2718 dubitavimus.

87 2758 252 2826 gumentum
269 2743 371 2826 hymni
388 2741 466 2824 (nam
481 2747 566 2823 juvat
584 2741 742 2822 reminisci)
761 2744 900 2824 pristinus
920 2757 980 2802 erat
1000 2757 1028 2802 et
1046 2764 1182 2823 praesens

59 2840 150 2902 ·rum
176 2855 273 2903 status.
313 2833 399 2902 Beata
426 2842 623 2906 celebrabatur
649 2842 773 2901 Deorum
803 2827 1005 2903 immortalium
1032 2843 1110 2916 vita,
1140 2842 1182 2903 tal

85 2940 180 3020 qualis
198 2962 256 3000 una
283 2955 310 3000 et
327 2942 401 3001 Deos
419 2937 500 3000 decet
524 2954 552 3000 et
576 2940 635 3000 dici
657 2942 763 2998 divina
786 2954 896 3021 potest,
914 2960 985 3020 quae
1007 2962 1066 3000 non
1091 2940 1182 3022 volup

87 3039 137 3098 sed
156 3038 301 3114 idearum,
321 3038 371 3100 sed
392 3039 481 3119 ipsius
504 3039 632 3098 veritatis
652 3039 892 3119 contemplatione
918 3041 1054 3098 cernitur.
1095 3040 1182 3101 Divin

61 3188 65 3195 ,
82 3138 161 3216 jusce
181 3137 325 3207 felicitatis
344 3137 497 3218 participes
511 3136 597 3195 fuisse
616 3137 772 3216 aliquando
787 3137 876 3197 animi
889 3139 1007 3196 humani
1022 3136 1182 3197 dicebantu

86 3234 118 3294 hi
136 3236 223 3294 secuti
241 3236 274 3294 in
291 3235 406 3295 coelesti
421 3235 543 3308 itinere,
563 3235 724 3315 spectaculo
743 3235 876 3295 delectati
890 3248 958 3295 sunt
972 3236 1098 3294 omnium
1115 3236 1182 3317 pulc

85 3334 191 3414 quippe
208 3333 319 3417 pulcri,
339 3333 429 3407 boni,
447 3333 537 3411 justi,
558 3333 648 3391 sancti
669 3334 794 3412 perfecta
811 3334 910 3392 intuiti
928 3333 1067 3414 exempla.
1094 3335 1181 3417 Lapsi

84 3432 255 3507 interram,
274 3432 314 3492 sic
333 3430 468 3514 pergebat
487 3429 631 3504 Socrates,
652 3429 762 3490 indutis
787 3432 954 3512 corporibus
977 3432 1071 3506 hisce,
1091 3432 1182 3494 beatar

83 3529 268 3608 divinamque
293 3529 391 3609 uitam>
405 3549 470 3588 cum
498 3527 606 3606 abjecto
629 3528 682 3588 hoc
707 3542 735 3588 et
760 3530 863 3590 misero
891 3544 965 3589 statu
992 3544 1182 3590 commutamur

82 3648 154 3706 quae
171 3648 249 3701 nunc
268 3640 363 3687 nostra
381 3625 508 3686 conditio
528 3641 568 3687 est
579 3674 587 3702 ‚
608 3649 659 3708 pro
679 3614 802 3689 veritate
822 3628 907 3687 falsas
931 3629 1069 3707 imagines
1093 3630 1182 3710 ample

81 3737 130 3783 tur
158 3745 359 3804 coecorumque
385 3726 476 3784 instar
504 3726 677 3785 oberrarent.
720 3727 846 3800 Verum,
867 3728 998 3806 quamvis
1026 3727 1150 3787 exclusis
1178 3728 1182 3786 j

82 3821 185 3896 choro,
207 3837 332 3902 superest
350 3837 445 3890 tamen
465 3822 549 3883 nohis
566 3813 662 3883 eorum
671 3870 680 3899 ‚
701 3844 772 3902 quae
791 3837 851 3882 tum
866 3824 1071 3905 -adspeximuS‚
1091 3827 1183 3884 remia

81 3921 238 4000 quaedam,
259 3920 332 3982 levis
351 3922 403 3998 illa
420 3921 536 4000 quidem
556 3935 583 3980 et
603 3923 790 4003 perobscura,
812 3921 871 3989 sed.
880 3925 1091 3982 reminiscentia
1108 3936 1182 3982 tame

81 4020 132 4095 fit,
153 4033 185 4078 ut
202 4019 322 4084 facultas
339 4019 449 4079 homini
469 4021 506 4079 sit
524 4041 588 4078 cum
602 4021 663 4081 veri
679 4020 868 4095 inveniendi,
887 4034 948 4080 tum
966 4021 1169 4102 percipiendae

79 4119 162 4197 quam
187 4133 247 4178 tum
266 4120 411 4200 percepit,
435 4117 598 4177 felicitatis:
620 4116 705 4177 modo
725 4118 890 4177 instituatur
913 4120 966 4177 rite
977 4165 986 4192 ,
1007 4118 1084 4197 quod
1102 4119 1182 4200 philo

80 4220 182 4276 munus
201 4230 250 4277 est.
272 4216 329 4276 Sed
347 4217 454 4298 hymno
472 4215 617 4276 recitando
635 4215 761 4275 Socrates
780 4237 909 4275 umorem
927 4215 1119 4281 celebraverat
1138 4217 1171 4277 in

77 4355 380 4364 ...η-...Ἥ

109 4424 135 4492 1)
153 4428 241 4504 luitr‘u⁸¹
253 4444 279 4495 p.
297 4427 336 4479 49.
360 4433 361 4437 ’
