2796 5048
664 240 724 305 323

69 405 167 489 nupia
197 397 343 486 ἀλήθειαν
374 399 423 462 nai
450 399 520 463 νοῦν
544 400 774 486 παρασχομένη·
800 382 848 464 nui
875 394 922 464 in
950 352 1005 475 del
1022 399 1135 486 radent
1158 405 1232 469 ἰδεῖν
1255 403 1311 470 τόν

69 505 227 588 μέλλοντα
253 497 414 586 ἐμφρόνως
442 496 562 594 nquius
586 499 607 586 ἢ
634 503 697 590 isliu
722 500 744 587 'l
773 502 920 590 δημοσίᾳ·
948 511 1052 583 quodsi
1078 509 1314 601 adscensnpslad

74 631 193 689 aspera
212 629 371 684 eorumque
388 627 463 685 qnae
480 628 575 683 snpra
592 617 664 666 sant
683 609 981 685 contemplationem,
1002 610 1100 662 animi
1118 627 1178 664 esse
1196 588 1313 667 diuinis

70 718 115 769 -in
145 710 293 766 mandans
323 706 550 809 intelligibiws
578 714 796 779 escensionem,
818 705 901 761 baad
920 705 1076 761 aberrabis
1093 724 1113 759 a
1132 724 1181 779 spe
1201 726 1267 762 msa
1286 716 1318 775 οι

70 814 253 879 -ssntentia,
282 811 311 862 si
333 805 435 877 lianc,
466 803 575 881 qualis,
593 811 653 877 sit,
685 823 860 883 cognoscere
886 808 982 878 cupis.
1025 799 1127 875 Dens,
1149 824 1223 860 nam
1242 788 1314 861 cele

71 914 143 980 sit,
175 911 278 963 novit:
310 923 386 980 qnae
414 922 482 959 ecre
508 901 585 958 milei
612 903 776 975 videntur,
807 900 981 976 hujumodi
1006 909 1098 956 sant:
1128 906 1162 957 in
1188 903 1316 975 mande,

77 1011 140 1085 qai
167 1009 265 1059 menti
285 1002 329 1058 ed·
345 999 578 1094 cognoscendam
594 1009 696 1076 potet,
715 1006 900 1075 postremum
920 1003 1051 1073 conspici
1067 1005 1097 1053 et
1110 1019 1200 1077 aegre
1226 1001 1318 1058 b'oni

67 1103 221 1161 -ideans
229 1121 244 1170 ,·
276 1108 312 1156 at
326 1107 427 1156 autern
447 1107 602 1172 conspecta
623 1107 687 1170 est,
709 1098 786 1154 lianc
808 1113 901 1152 unam
921 1094 1086 1152 babendum
1104 1114 1165 1153 esse
1183 1101 1319 1157 omnibus

77 1206 221 1261 omniane
258 1208 410 1255 rectorum
448 1197 644 1273 bonorumque
681 1215 838 1267 caussam,
866 1200 968 1269 utpote
996 1211 1071 1268 qaae
1099 1184 1133 1248 s'n
1161 1197 1317 1268 spectabili

77 1296 198 1357 undo
218 1295 314 1352 lacem
330 1301 454 1371 eiusque
469 1301 622 1350 auctorem
636 1299 805 1370 pepererit,
825 1296 861 1347 in
880 1288 992 1347 mundo
1008 1297 1111 1347 antem
1127 1291 1319 1372 intelligibili

71 1399 145 1455 sun
170 1400 238 1470 ipsa
264 1398 449 1449 austeritate
484 1397 645 1448 veritatem
682 1391 980 1469 intellipentiamqae
1005 1387 1167 1462 praebent:
1195 1391 1317 1447 candens

69 1502 193 1551 vtem
221 1491 331 1548 bancos
358 1489 512 1564 adspicere
532 1489 601 1546 illos
620 1490 742 1561 decere,
763 1493 934 1564 quicunque
953 1491 1109 1562 sapienter
1126 1493 1231 1555 acturi
1251 1508 1319 1546 cam

77 1595 258 1669 privatim,
278 1595 344 1645 tam
361 1586 479 1671 publice
499 1594 627 1687 eripi.»
652 1583 682 1663 l)
792 1658 794 1663 Ι
1025 1666 1030 1676 Ι
1120 1661 1121 1664 ¹

71 1726 77 1737 ·
126 1685 181 1745 Est
199 1684 288 1763 igitur
304 1682 504 1761 hujuscemodi
525 1681 604 1763 apud
624 1683 773 1743 Platonem
793 1680 920 1740 mirndus
937 1679 1152 1759 adspectabilis.
1174 1683 1321 1744 (lavernae

73 1784 140 1845 ¹inti
162 1781 266 1858 similis
295 1792 355 1839 est:
386 1777 520 1859 qnodque
552 1780 585 1838 in
614 1779 666 1838 illa
696 1779 791 1858 ignis,
822 1777 854 1834 in
883 1775 938 1835 hoc
964 1775 1006 1834 sol
1026 1775 1125 1836 efficit.
1157 1779 1209 1847 ,Ut
1228 1781 1321 1839 oculis

70 1880 281 1965 ·'p0reipiamus
306 1896 380 1956 quae
405 1876 530 1958 adsunt,
561 1876 631 1935 solis
658 1877 724 1936 luce
748 1894 822 1954 opus
850 1887 905 1945 est,
943 1892 1000 1949 quo
1029 1873 1231 1935 illustrentur:
1253 1892 1319 1936 sunt

72 1990 182 2039 nutem
201 1974 309 2057 plane,
329 1987 362 2032 ut
380 1974 443 2032 illic
463 1972 617 2031 simulacra
627 2017 635 2046 ,
657 1974 697 2031 ita
715 1968 766 2031 blc
799 1962 984 2049 φαινόμενα,
1010 1991 1083 2049 quae
1100 1991 1159 2029 esse
1179 1971 1319 2032 videntur

81 2088 179 2147 vera,
208 2071 259 2132 sed
287 2072 370 2130 inani
398 2090 451 2129 nos
475 2089 680 2149 saepenumero
705 2071 799 2150 specie
830 2069 948 2130 fallunt.
990 2069 1133 2144 Quocirca
1160 2076 1322 2145 minamur
1358 2097 1361 2102 ’

72 2173 120 2233 in
148 2170 204 2229 hoc
231 2189 317 2250 specu
347 2173 464 2242 nostra,
491 2188 551 2225 non
577 2174 698 2229 scimus.
740 2166 865 2246 Νοητοῦ
885 2187 955 2228 vero
971 2167 1075 2226 mnndi
1095 2166 1245 2226 aliaratio
1261 2182 1321 2241 est,
1346 2170 1361 2251 1'

74 2286 142 2331 ‚naa
171 2266 315 2326 declarari
346 2264 398 2324 ille
428 2265 542 2346 aptius,
573 2283 660 2375 quin
689 2287 705 2324 e
730 2266 935 2349 spectabilium
964 2284 1059 2326 rerum
1087 2265 1197 2344 specie,
1218 2278 1320 2345 potest.

77 2363 174 2442 Quod
194 2361 291 2423 iuliis
309 2362 352 2422 sol
373 2376 434 2436 cst,
455 2361 518 2420 illic
544 2373 573 2418 et
587 2350 635 2420 'est
647 2354 683 2445 [et
702 2363 793 2423 efficit
813 2356 904 2445 ἢτοῦ
917 2356 1040 2443 dynant
1052 2355 1133 2434 ἰδέα,
1155 2369 1223 2425 boni
1239 2365 1322 2438 ideo,

76 2465 198 2545 qnippe
217 2480 290 2540 quae
310 2461 351 2519 sic
373 2461 523 2520 veritatem
544 2458 660 2536 νοητοῖς
680 2464 815 2523 omnibus
825 2511 834 2540 ,
858 2463 951 2543 ut‚'sol
969 2462 1056 2521 rebus
1075 2461 1322 2542 adspectabilibus

76 2560 184 2621 lucem
200 2556 334 2617 affundit.
375 2558 494 2634 Itaque,
516 2571 547 2615 ut
565 2559 680 2637 opinari
699 2559 866 2620 desinamus
885 2558 1044 2639 aliquando
1064 2572 1149 2637 atque
1169 2557 1319 2618 adrerum

75 2656 240 2725 aientium
265 2655 411 2734 ipsamque
442 2655 592 2713 veritatem
617 2656 806 2732 accedamus,
829 2658 887 2717 huc
907 2656 993 2717 nobis
1011 2676 1026 2714 e
1045 2676 1131 2735 specu
1149 2655 1202 2715 illo
1220 2677 1316 2716 escen·

70 2752 220 2817 dandum
249 2752 408 2811 necessario
438 2765 489 2810 est.
533 2752 642 2810 Verum
661 2774 802 2831 quaenam
822 2770 864 2815 est
882 2754 953 2826 illa,
975 2772 1061 2831 quam
1081 2755 1319 2831 memoravimus,

79 2854 155 2913 ursi
171 2851 263 2909 ideal
285 2848 366 2924 Quid
384 2849 520 2908 universe
540 2852 618 2908 ideis
636 2852 776 2929 spectavit
795 2852 903 2912 Plato?
935 2849 1050 2925 Quibus
1067 2848 1151 2908 hoino
1167 2854 1319 2930 gradibus

79 2947 127 3009 od
153 2947 221 3006 illas
247 2947 400 3007 escendit?
432 2946 536 3020 Qualis
563 2947 634 3006 haec
656 2948 717 3027 ipsa
736 2947 863 3017 hominis
881 2963 925 3011 ot
943 2949 975 3006 in
995 2939 1101 3026 noqsdr
1120 2949 1263 3009 mundum
1282 2953 1320 3014 ad

82 3048 91 3061 '
188 3043 361 3124 spectandas
377 3044 531 3102 escensio?
546 3085 580 3095 -
608 3044 683 3103 Sunt
702 3044 793 3121 haec,
814 3045 920 3120 credo,
941 3047 973 3106 in
991 3047 1174 3128 philosophia
1191 3048 1320 3111 Platonis

78 3045 243 3224 xennia
260 3162 326 3200 cum
346 3142 512 3221 gravissima
529 3156 591 3201 tum
611 3142 648 3200 ad
666 3142 919 3224 interpretandum
940 3141 1125 3204 difficillima.
1147 3145 1204 3205 Sed
1219 3147 1319 3206 eadem

80 3241 146 3305 nisi
172 3253 270 3299 mente
286 3240 496 3321 perceperimus
515 3241 648 3321 penitus,
670 3262 725 3300 nos
741 3262 810 3300 sane
830 3263 883 3300 nec
903 3242 1015 3321 assequi
1033 3242 1233 3323 philosophiae
1250 3245 1320 3304 Pla-

79 3322 204 3401 tonicae
229 3335 336 3411 finem,
367 3356 420 3395 nec
450 3357 519 3397 vero
548 3340 675 3398 fructum
700 3359 803 3419 capere
831 3339 870 3398 ad
898 3339 975 3400 vitae
1004 3360 1086 3398 usum
1115 3341 1319 3401 esuhlimium

79 3436 193 3499 barum
211 3454 308 3493 rerum
326 3433 569 3514 contemplatione
589 3437 756 3515 poterimus.
777 3437 928 3517 Percipere
947 3451 1041 3496 autem
1060 3458 1093 3496 eo
1113 3437 1230 3496 facilius
1249 3438 1319 3498 haec

79 3533 211 3607 licebit,
232 3552 289 3610 quo
306 3531 441 3612 plenius,
459 3553 532 3609 quae
551 3532 587 3590 de
606 3532 830 3613 disciplinarum
849 3535 880 3592 vi
897 3549 925 3593 et
942 3535 1087 3614 proposito
1106 3555 1192 3614 supra
1207 3539 1319 3597 monui·

78 3651 171 3704 mus,
193 3630 226 3687 in
242 3629 406 3686 memorium
427 3629 665 3688 revocaverimus.
700 3628 856 3688 Ordiamur
875 3644 970 3689 autem
991 3651 1007 3688 a
1027 3644 1170 3711 postremo
1191 3631 1318 3697 illorum.

183 3821 244 3881 De
273 3824 459 3903 bominis
484 3822 529 3883 in
559 3824 748 3906 Ιαανίααι
777 3819 939 3903 ’νοητόν
969 3838 1221 3891 escensione.

524 3916 530 3929 ,
609 3906 627 3935 3
745 3906 755 3921 ¹

288 4004 293 4011 .
493 4002 497 4007 -
654 3980 698 4011 '¹⁸

171 4047 176 4052 -
206 4047 270 4069 ι
341 4035 427 4073 αα,
459 4029 492 4056 tt
563 4053 575 4066 t
713 3988 766 4092 lug⁶
794 3978 931 4103 princeps
958 4037 1017 4098 est,
1050 4025 1092 4082 uti
1120 4024 1264 4098 vidimus,
1287 4021 1321 4103 2)

342 4077 344 4080 ·
389 4074 408 4100 ν·
508 4061 532 4103 ’.’
552 4085 553 4088 =
571 4087 572 4090 =
594 4060 595 4064 ¹

184 4101 244 4215 ,
360 4121 397 4168 ,ο
427 4136 465 4175 an
493 4114 576 4174 falsis
593 4106 854 4199 praejudicatisque
874 4121 1083 4201 opinionibus,
1103 4142 1173 4217 quas
1192 4119 1323 4255 legedis

97 4274 567 4407 ‹cruentarentur-c
657 4272 749 4343 δ’.

117 4404 152 4469 a)
174 4405 252 4459 rusa
271 4420 299 4475 ρ.
315 4405 376 4470 an,
395 4405 454 4457 aco.
546 4406 551 4412 ·

194 4522 599 4979 ,ps
