2796 5048
657 212 718 276 itt

74 405 133 445 non
161 379 322 459 intelligis,
343 381 442 460 pueris
467 401 520 440 nos
540 382 666 463 primum
686 381 799 443 fabulas
820 383 961 441 narrare?
983 379 1039 443 bae
1060 394 1169 458 autem,
1190 399 1219 445 ut
1235 387 1290 445 uni-

72 502 153 540 verse
179 480 292 553 dicam,
320 478 409 538 falsae
440 494 527 559 sunt:
558 481 660 539 insunt
688 495 783 540 tamen
814 480 898 539 etiam
929 499 1014 554 vera3
1043 481 1126 561 prius
1154 496 1243 541 autem
1260 487 1294 543 la-

73 580 152 638 bulis
172 577 209 636 ad
230 599 349 658 pueros,
370 599 453 655 quam
475 580 632 658 gymnasiis
654 580 771 638 utimur.
791 619 827 630 -
847 577 917 651 Est,
939 591 971 636 ut
1003 577 1088 637 dicis.
1110 616 1146 628 -
1166 581 1226 640 Hoc
1244 604 1296 662 ergo
1349 608 1351 667 r

73 676 225 750 volebam,
254 697 320 734 cum
347 676 490 750 dicerem,
512 677 691 737 tractandam
720 678 801 758 prius
821 695 880 735 esse
900 676 1056 751 musicam,
1077 699 1165 756 quam
1183 700 1299 760 gymnas·

73 776 169 834 ticam.
189 802 225 813 -
245 777 343 834 Recte.
371 799 408 811 ··
442 769 557 836 Οὐκοῦν
591 767 674 836 οἷσθ’
708 766 754 835 ὅτι
785 767 869 853 α’ρχή
900 764 1013 848 sande
1041 769 1132 856 ἔργον
1162 762 1324 858 us'ysocor,¹

71 865 169 946 ἄλλως
191 895 221 934 τε
244 871 293 934 καὶ
320 868 377 958 νέῳ
399 875 450 938 καὶ
470 870 578 962 ἁπαλῷ
601 871 714 963 ὁτῳοῦν
721 901 731 952 3
755 869 884 954 μάλιστα
912 869 969 956 yde
994 871 1036 958 cin*
1063 870 1132 940 τότε
1156 874 1302 943 πλάττεται

72 976 122 1038 καὶ
155 969 287 1037 ἐνδύεται
311 970 417 1053 τόπος,
453 975 488 1041 ὃν
522 972 559 1041 ἄν
591 1003 635 1054 τις
667 972 809 1063 (ludiim
847 972 1078 1061 ἐνσημήνασθαι
1114 975 1244 1068 ἑκάστῳ·
1274 1007 1305 1044 on

74 1088 186 1154 nescis,
214 1087 248 1137 in
276 1103 457 1161 unaquaque
476 1104 511 1141 re
528 1091 718 1160 principium
736 1089 870 1142 omnium
889 1104 951 1142 ests
968 1091 1159 1160 αιααίηιααι,
1174 1108 1307 1165 ρναοκν-

74 1187 131 1238 tim
144 1189 257 1257 juveni
284 1191 314 1239 et
335 1192 437 1240 tenero
455 1183 588 1260 cuique?
616 1190 747 1240 monime
763 1189 844 1240 enim
864 1190 930 1239 tum
939 1182 1086 1262 fingitur
1113 1187 1307 1264 induiturque

63 1270 192 1356 fornia,
220 1301 311 1358 quam
337 1287 406 1359 quis
428 1289 593 1359 unicuique
610 1288 786 1365 imprimere
805 1280 888 1339 uelit.
907 1314 943 1326 —-
961 1279 1104 1342 Omnino.
1125 1320 1162 1333 --
1183 1282 1307 1343 Facilem

73 1378 162 1457 igitur
192 1379 339 1453 sinemus,
368 1379 513 1457 quaslibet
543 1379 657 1440 fabulas
682 1400 698 1437 a
724 1375 947 1456 quibuscunque
968 1377 1050 1439 fictas
1067 1379 1176 1440 audire
1197 1401 1307 1462 pueros,

73 1477 235 1556 animisque
263 1477 404 1537 imbibere
432 1478 585 1558 opiniones
613 1491 645 1537 ut
673 1476 834 1558 plurimum
860 1476 1019 1537 contrarias
1035 1476 1120 1554 illis,
1141 1501 1235 1558 quas,
1254 1500 1308 1539 curu

74 1573 275 1648 adoleverint,
302 1573 408 1634 habere
437 1575 503 1636 illos
529 1575 637 1635 debere
664 1574 886 1634 existimamus?
907 1612 944 1625 -·
962 1574 1053 1635 Nullo
1070 1575 1106 1636 id
1133 1576 1224 1637 modo
1243 1578 1309 1639 sinc·
1345 1634 1346 1639 ,

74 1692 147 1731 mus.
167 1673 347 1732 -Primum
376 1675 483 1753 igitur,
516 1688 551 1734 ut
578 1673 715 1747 videtur,
737 1670 903 1731 fabularum
926 1672 1093 1733 auctoribus
1115 1675 1308 1756 imperandum

75 1783 135 1844 est,
167 1784 213 1845 et,
242 1772 266 1831 si
294 1793 380 1850 qnam
408 1772 538 1832 fabulam
566 1771 673 1832 bonam
702 1770 846 1844 fecerint,
877 1767 1121 1848 adsciscendum,
1147 1766 1201 1834 'sin
1222 1787 1309 1834 conca

75 1868 199 1942 malam,
228 1869 421 1947 rejiciendum
446 1884 505 1930 cst:
537 1884 600 1930 tum
619 1870 726 1942 etiam,
755 1887 826 1945 quas
850 1861 1078 1945 idsciverimus',
1112 1891 1166 1952 per
1192 1873 1309 1932 nutrices

75 1980 104 2025 et
121 1980 225 2026 matres
241 1969 339 2049 pueris
358 1962 698 2028 narrandascurabimns
707 2014 716 2042 ,
736 1963 786 2027 καὶ
799 1956 936 2027 πλάττειν
948 1959 1004 2039 τὰς
1016 1961 1125 2047 mdc
1146 1963 1310 2042 αὗιῶντοῖς

74 2058 188 2144 μύθοις
211 2060 286 2127 notri
307 2064 423 2146 μᾶλλον
441 2060 462 2148 ἢ
481 2061 520 2128 td
541 2059 669 2144 σώματα
692 2069 757 2140 ταῖς
781 2062 892 2147 χερσίν
912 2076 949 2125 ut
966 2075 1104 2145 ipserum
1125 2080 1251 2132 animos
1264 2075 1308 2148 se

55 2171 154 2252 ‘dulia
181 2172 275 2228 multo
302 2178 401 2251 magis
428 2173 613 2245 informant,
632 2191 722 2247 quum
747 2190 872 2247 corporo
892 2169 1059 2227 munides.»
1085 2167 1130 2250 l).
1158 2171 1217 2229 His
1237 2169 1310 2228 dietis

75 2266 189 2346 longam
210 2267 348 2348 deinceps
369 2268 498 2326 Socrates
517 2267 555 2326 de
577 2267 686 2327 fabulis
704 2289 770 2327 cum
791 2264 961 2340 Hesiodeis,
992 2278 1054 2324 tum
1069 2267 1242 2328 Homericis
1259 2268 1311 2327 dis-

73 2355 262 2443 quisitionem
293 2364 435 2443 subjecit,
465 2365 533 2424 illas
562 2365 698 2444 rejiciens
722 2367 865 2440 maxime,
885 2382 958 2441 quae
977 2364 1108 2424 moribus
1129 2367 1267 2445 sanisque
1282 2364 1311 2424 de

74 2462 179 2522 diuina
208 2477 311 2523 natura
341 2463 531 2544 opinionibus
557 2477 697 2522 noceant:
729 2463 855 2542 denique
880 2453 992 2536 τύπους
1017 2462 1153 2540 indicat,
1185 2464 1226 2524 ad
1252 2483 1310 2543 quos

75 2566 225 2641 poetarum
252 2563 366 2643 exigere
394 2563 523 2622 carmina
544 2561 719 2647 jubet,·ut,
741 2583 814 2640 quae
842 2564 1025 2625 conveniunt
1053 2561 1139 2639 illis,
1157 2563 1309 2624 admittan-

74 2672 142 2733 tur,
173 2681 247 2739 quae
271 2683 333 2720 non
362 2661 563 2737 conveniunt,
594 2659 796 2741 repudientur.
838 2661 910 2719 Tam
928 2660 986 2720 late
1006 2661 1116 2720 iccirco
1134 2663 1264 2734 musica,
1281 2658 1308 2717 de

75 2759 220 2817 sententia
237 2758 385 2836 Platonis,
406 2780 458 2840 per
472 2773 561 2818 totam
579 2759 728 2819 civitatem
745 2771 834 2838 patet.

117 2954 175 3012 Da
201 2940 993 3032 pleniterPlctonis,mutatummicns
1013 2962 1277 3034 rution0,ip·

208 3052 339 3113 ''ieum
365 3059 530 3116 mutari
557 3073 602 3110 ac
630 3060 881 3111 commoneri
909 3060 1153 3115 civitatem.

16 3258 26 3279 ·
119 3249 275 3349 Nquero
303 3270 384 3308 nunc
408 3247 640 3308 dubitaverimus
657 3266 849 3327 magnopere,
869 3247 943 3325 qnid
961 3249 1042 3309 Plato
1062 3248 1214 3326 voluerit,
1233 3266 1309 3328 quum

78 3360 376 3439 tantamffquantam
405 3346 554 3419 diximus,
584 3345 708 3403 musicae
737 3345 769 3403 in
798 3346 946 3405 civitatem
974 3348 1033 3408 vim
1063 3361 1092 3406 et
1122 3345 1309 3406 efficacitattn

80 3445 230 3507 tribueret.
272 3447 314 3506 Re
350 3447 412 3506 exit
441 3442 556 3506 fabulas
584 3462 677 3502 sacras
702 3456 731 3501 et
755 3442 927 3523 populares,
957 3444 1065 3524 quibus
1093 3446 1138 3505 sic
1167 3463 1309 3526 puerorum

80 3545 190 3618 animi,
222 3558 254 3604 ut
281 3466 415 3607 milibus
441 3568 540 3611 eorum
566 3569 701 3629 corpora,
731 3547 926 3628 fingebantur.
976 3541 1170 3622 Tragoediam
1196 3541 1310 3622 respexit

80 3656 111 3701 ct
133 3643 326 3719 comoediam,
357 3647 466 3706 musica
487 3646 670 3730 spectacula,
691 3644 742 3705 sed
767 3667 858 3725 quae,
879 3658 912 3704 ut
930 3643 1008 3722 ipsae
1027 3638 1167 3716 fabulae,
1186 3639 1227 3700 sd
1244 3656 1311 3698 sacri

83 3739 283 3798 referebantur
310 3745 462 3822 proxime,
494 3766 583 3824 eoque
609 3744 699 3823 magis
728 3744 922 3823 spectantium
940 3739 1051 3797 animos
1068 3737 1246 3812 movebant,
1265 3754 1311 3813 qut

84 3839 201 3919 plenius
220 3859 312 3897 mores
330 3843 426 3901 varios
442 3843 584 3905 imitando
600 3840 811 3922 exprimebant.
832 3839 890 3900 Sed
907 3849 1054 3921 praeterea
1073 3847 1102 3893 et
1120 3855 1191 3896 vero
1207 3833 1312 3916 potissi·

84 3958 163 3995 mum
184 3938 274 4017 ipsius
293 3936 354 3999 vim
380 3943 505 4001 musicae
523 3941 670 4022 respexit,
690 3960 764 4018 quae
785 3961 843 3998 una
862 3940 968 3997 artium
989 3933 1120 3994 omnium
1141 3934 1265 3995 maxime
1281 3927 1311 3987 ad

83 4030 283 4117 εὐαρμοστίαν
308 4036 454 4115 quandam
485 4055 514 4099 et
533 4033 702 4120 εὐρυθμίαν
723 4036 871 4097 hominem
893 4033 1061 4116 componit,
1082 4032 1261 4109 caeterisque
1277 4048 1311 4086 ar·

1 4174 8 4195 .
85 4139 181 4214 tibus,
203 4153 235 4198 ut
264 4137 342 4197 idem
369 4135 515 4213 efficiant,
537 4140 629 4201 veluti
649 4137 816 4216 exemplum
837 4134 966 4215 praebet.
1008 4128 1177 4191 Praeclaras
1194 4125 1314 4191 Platonis

313 3608 324 3637 ’.-

89 4312 347 4337 L—--—.....—.

55 4428 76 4501 ξ
125 4423 150 4486 1)
170 4425 206 4474 De
224 4425 285 4492 Καρ.
304 4423 405 4483 ΙΙ.,376
423 4423 454 4474 Ι).
472 4450 508 4464 -
525 4421 575 4473 377
596 4421 624 4474 G.
