2796 5048
655 233 713 293 tot

58 392 174 454 tecua
190 390 290 466 Plato,
309 393 384 470 quin
399 414 464 453 sitos
482 396 544 474 ipse
560 395 599 454 de
619 416 650 454 re
666 396 843 457 sanctissime
861 397 979 459 intimos
997 406 1301 513 seusrffexpresserit,

58 510 153 578 'nemo
163 536 173 565 ,
193 492 244 570 qui
264 489 336 550 haec
354 490 443 572 legit,
464 493 498 550 in
517 486 836 557 ructuaverunt(

58 606 83 647 ¹1¹.
103 626 106 631 ·

65 664 83 677 Ἰ
218 687 443 746 «Iustitiae
474 692 771 767 exquirendae
799 699 1144 755 ouuaadoe‘oitoe

58 802 76 859 ,ζ
569 791 787 870 fingitur.

69 1000 74 1019 ²
105 982 183 1062 Ergo
200 1003 258 1061 quo
275 980 394 1054 lucilius
412 983 566 1063 'aptiusque
595 985 796 1064 gravissimum
821 999 1022 1064 argumentum
1051 987 1186 1071 idemque
1218 988 1302 1048 diffi-

58 1076 210 1140 eilttnum
233 1078 413 1159 explicaret,
442 1079 499 1138 iter
528 1083 673 1161 ingressus
696 1082 778 1142 Plato
805 1094 848 1143 est
868 1083 1100 1161 disquisitionis,
1121 1086 1200 1164 quod
1220 1086 1301 1146 baud

58 1176 140 1252 flcio,
161 1199 201 1236 an
221 1198 371 1256 nunquam
391 1199 409 1237 a
428 1177 602 1260 philosopho
623 1193 783 1256 tentatum,
810 1181 919 1241 nedum
946 1182 1111 1242 confectum
1139 1185 1186 1244 sit.
1228 1187 1302 1245 Cum

60 1268 260 1356 iti-singulari
278 1275 416 1350 homine,
436 1275 509 1354 quid
525 1278 639 1355 justitia
656 1279 712 1352 sit,
735 1299 796 1340 uon
816 1292 971 1359 appareat,
995 1281 1135 1340 continuo
1164 1282 1197 1342 in
1227 1284 1301 1344 civi·

64 1377 152 1433 tuem
173 1394 226 1433 nos
245 1373 382 1448 inducit,
402 1375 435 1432 in
455 1395 513 1454 qua
533 1397 586 1436 nos
607 1397 689 1450 eam,
717 1376 827 1457 quippe
848 1377 883 1436 in
911 1379 1018 1455 majore
1048 1391 1145 1457 atque·
1160 1380 1299 1461 ampliore

73 1473 198 1552 negotio,
219 1472 342 1531 celerius
373 1472 535 1552 certiusque
557 1473 729 1535 inventuros
751 1473 917 1538 arbitratur.
959 1477 1038 1535 Haec
1068 1497 1146 1538 nova
1172 1491 1215 1539 est
1245 1478 1301 1539 ille

74 1562 248 1649 disquirendi
269 1570 363 1645 ratio,
381 1592 475 1649 quae,
496 1583 530 1629 ut
550 1571 583 1630 in
603 1573 749 1652 prooemio
768 1572 1014 1651 significavimus,
1035 1596 1095 1636 uua
1115 1596 1181 1637 cum
1198 1576 1300 1641 morali

73 1662 216 1742 doctrina,
233 1668 386 1748 ‘politicam
407 1669 492 1728 nobis
512 1669 662 1729 recludet:
684 1669 775 1749 idque
798 1671 931 1731 effectura
964 1686 1024 1748 est,
1057 1685 1090 1734 ut
1117 1673 1151 1733 in
1181 1674 1300 1737 civitate
1392 1740 1395 1750 ¹

69 1760 228 1841 hminem
258 1767 292 1825 in
320 1766 437 1825 homine
468 1766 616 1827 civitatem
647 1780 675 1826 et
700 1788 886 1847 agnoscamus
907 1781 936 1826 et
956 1769 1147 1849 exploremus.
1189 1772 1300 1845 Quam-

65 1884 148 1945 qum
168 1864 201 1924 id
220 1887 287 1924 raro
306 1877 336 1923 et
356 1864 499 1939 vixdum,
520 1864 599 1944 quod
608 1866 715 1924 mirum
736 1865 821 1927 nobis
841 1865 956 1927 accidat
967 1887 1080 1927 necesse
1092 1881 1151 1943 est,
1162 1868 1298 1929 animad-

64 1976 215 2025 tuterunt
242 1962 444 2044 philosophiae
473 1963 638 2023 Platonicae
666 1964 848 2043 interpretes.
889 1965 981 2043 Longi
1012 1979 1081 2025 sunt
1109 1967 1169 2027 fere
1195 1966 1229 2027 iu
1245 1969 1300 2045 ju-

58 2060 190 2123 dicanda
218 2060 369 2142 republica
397 2061 565 2137 Platonica,
599 2083 686 2141 quam
713 2062 763 2124 rel
792 2060 914 2122 laudant
944 2061 1181 2142 admirenturque
1211 2065 1297 2127 vehe-

58 2174 174 2225 muter
190 2159 239 2220 rol
259 2159 496 2240 reprehendunt;
519 2181 576 2239 quo
597 2181 665 2221 vero
685 2161 832 2241 proposito
852 2180 914 2219 eam
935 2160 1056 2221 finxerit
1075 2175 1192 2236 auctor,
1210 2161 1297 2241 quid·

58 2257 173 2337 quein
192 2245 372 2337 perficiendo
392 2259 556 2339 proposito,
582 2256 621 2318 ad
640 2259 778 2319 moralem
807 2260 840 2317 in
871 2258 973 2339 primis
1004 2257 1192 2339 disciplinam
1218 2274 1295 2320 recte

58 2352 250 2432 dilucideque
280 2354 504 2435 exponendam,
538 2357 693 2436 perfecerit
722 2355 830 2430 simul,
867 2378 928 2416 non
958 2375 1094 2435 quaerere
1121 2377 1294 2439 magnopere

58 2450 166 2515 solent.
206 2452 242 2512 Id
263 2466 359 2515 autem
378 2452 592 2531 exquirendum
612 2453 647 2511 in
667 2454 769 2533 primis
789 2467 869 2529 erat,
899 2467 932 2512 ut
957 2474 1012 2513 nec
1032 2466 1138 2513 temere
1166 2454 1295 2515 admira·

58 2562 164 2613 rentur
183 2550 391 2631 rempublicam
410 2550 514 2625 illam,
534 2564 562 2609 et
583 2571 670 2625 tero,
691 2552 715 2611 si
746 2551 1011 2630 reprehenderent,
1036 2553 1114 2628 justa
1138 2552 1177 2612 de
1197 2574 1296 2613 caussa

58 2649 318 2731 reprehenderent.
361 2651 426 2722 Quo
445 2650 536 2729 magis
556 2670 623 2723 nos,
643 2648 695 2726 qui
715 2661 845 2706 nostrum
866 2669 926 2708 esse
956 2662 1109 2728 putamus,
1140 2671 1200 2711 non
1231 2650 1293 2709 lau·

58 2747 130 2809 dere
152 2746 200 2808 vel
221 2746 339 2827 culpare
359 2747 528 2822 Platonem,
550 2747 614 2807 'sed
632 2752 857 2824 interpretari,
887 2745 1028 2805 rationem
1058 2746 1292 2827 interpretandi,

58 2866 145 2927 quem
165 2843 263 2904 adbuc
280 2866 378 2904 sumus
391 2847 503 2921 menti,
522 2845 686 2905 tenebimus
704 2844 737 2904 in
756 2843 803 2903 his
822 2843 1008 2923 praesertim,
1031 2856 1062 2904 ut
1081 2842 1192 2903 aditum
1211 2866 1292 2926 prae·

58 2944 179 3005 bamus
207 2943 365 3007 lectoribus
390 2943 428 3002 ad
456 2942 684 3024 intelligendum
711 2940 958 3020 judicandumque
988 2940 1156 3001 Platonem:
1185 2941 1293 3003 facturi

58 3040 90 3103 id
107 3055 206 3100 cutem
224 3041 274 3099 hle
292 3041 471 3121 potissimum
491 3041 643 3114 videmur,
675 3040 727 3099 uhi
753 3038 898 3098 Socratem
916 3039 956 3105 iis
972 3038 1205 3119 proposuerimus
1235 3061 1293 3099 una

58 3158 126 3201 um
145 3139 296 3199 Glaucone
315 3153 344 3197 et
362 3139 518 3198 Adimanto
528 3183 537 3213 ,
558 3138 783 3219 generosissimis
802 3135 1055 3212 adolescentibus,
1075 3157 1142 3196 eum
1160 3136 1294 3198 conden—

58 3250 118 3299 tem
135 3237 316 3299 sermonibus
333 3238 501 3313 ciuitatem,
522 3250 584 3298 tun
603 3235 803 3314 exquirentem
823 3236 856 3293 in
875 3256 923 3308 ea,
946 3233 1067 3318 ubinam
1086 3234 1193 3310 lateat,
1208 3225 1293 3314 quid·

58 3356 115 3415 que
130 3336 169 3394 sit
179 3380 188 3410 ,
206 3336 330 3413 justitia.
371 3335 610 3415 Opportunitates
628 3348 722 3394 autem
740 3333 825 3393 nobis
843 3347 945 3413 sponte
964 3333 1102 3393 exsistent
1119 3333 1292 3405 identidem,

58 3433 167 3513 quibus
182 3433 253 3492 haec
273 3453 341 3491 cum
360 3454 396 3491 ex
416 3433 544 3491 moribus
559 3433 760 3510 antiquitatis,
781 3445 843 3490 tum
864 3451 902 3489 ex
920 3431 1043 3490 aliorum
1053 3428 1296 3510 philosophorum,

58 3530 220 3605 doctrinis,
251 3545 313 3589 tum
342 3552 410 3590 vero
438 3532 563 3589 maxime
582 3531 731 3610 exqipsius
749 3512 878 3600 Platonis
898 3529 960 3589 sire
978 3527 1094 3606 placitis
1113 3527 1175 3589 sive
1195 3525 1290 3607 philo·

58 3622 205 3712 sophaudi
224 3629 335 3691 ratione
356 3628 544 3687 illustremus.

58 3870 60 3875 .
141 3824 289 3882 initio
319 3830 538 3882 civitatis.
584 3820 794 3881 liudonem
822 3819 1058 3898 repetendo
1084 3819 1209 3878 eunt?

96 4023 197 4098 Quum
227 4022 317 4100 igitur
344 4033 489 4100 rogassent
518 4019 662 4078 Socratem
681 4016 792 4077 Glauco
811 4029 839 4074 et
861 4014 1037 4074 Adimantus
1056 4014 1217 4090 caeterique
1237 4013 1288 4091 qui

58 4119 200 4193 aderant,
223 4132 254 4177 ut
273 4139 445 4197 quocunque
464 4130 558 4198 posset
575 4116 661 4175 modo
680 4129 789 4194 spretae
809 4114 987 4191 rejectaeque
1007 4111 1138 4190 justitiae
1168 4131 1288 4168 succur-

57 4230 154 4290 reret,
185 4218 225 4275 sio
254 4237 371 4275 exorsus
400 4215 452 4274 ille
472 4228 522 4274 est.
567 4215 658 4273 «Non
676 4212 741 4273 leve
758 4211 887 4293 profecto
905 4211 1053 4289 negotium
1073 4208 1200 4286 quaestio
1220 4207 1291 4267 haec

58 4314 97 4374 de
112 4314 230 4393 justitia
256 4328 318 4389 est,
347 4313 400 4375 sed
426 4313 554 4374 hominis
581 4324 663 4371 acute
691 4310 847 4379 currentis.
889 4308 979 4368 Nobis
1004 4321 1118 4380 autem,
1147 4325 1213 4364 cum
1231 4327 1290 4364 non

58 4433 235 4492 magnopere
254 4412 331 4481 acuti
349 4410 521 4489 solertesque
542 4410 648 4484 simus,
675 4409 716 4467 sic
737 4405 917 4471 instituenda
937 4407 1000 4482 ejus
1029 4403 1186 4485 explicatio
1206 4402 1292 4463 ride-

1119 4501 1175 4558 30*
