2796 5048
703 234 762 296 aec
964 194 989 241 ⁹

113 404 201 466 luisse
220 399 427 483 philosophos,
453 399 504 477 qui
522 397 610 474 hujus
630 397 812 474 doctrinam,
833 416 918 477 quam
938 398 988 477 qui
1007 398 1147 459 Platonis
1165 412 1339 480 sequerentur.

112 502 170 563 Sed
187 503 241 561 hoc
260 498 380 578 quidem
399 495 612 576 explicandum
631 496 784 557 fortassee
803 497 922 557 levitate
941 498 1057 577 generis
1078 498 1259 575 nostris-est,
1276 500 1344 561 altius

112 602 173 661 lere
192 598 326 671 evolare,
346 616 432 676 quam
451 595 542 675 ipsius
562 608 666 653 natura
685 595 758 671 lert,
788 595 952 675 gestientis,
974 593 1056 655 illud
1075 616 1151 659 vero
1172 597 1265 677 magis
1278 598 1346 657 etiam

111 696 280 759 mirandum
298 708 326 754 et
343 694 396 755 vix
414 692 555 772 explicari
581 714 664 773 posse
685 691 838 767 videatur,
868 694 1003 753 inanium
1031 693 1224 753 somniorum
1251 695 1349 776 plenam
1374 692 1379 703 ⁴

112 794 244 857 habitam
264 793 352 852 luisse
371 793 430 850 fere
450 790 580 850 Platonis
590 790 836 891 philosophiam,
858 790 1007 867 Platonis,
1028 790 1174 869 inquam,
1189 795 1350 871 cujuqomne

23 960 26 965 ,
113 892 244 955 studium
262 892 347 950 unice
368 887 405 957 ad
426 888 498 947 falsa
518 901 546 946 et
568 909 669 947 anama
688 911 704 947 a
722 889 800 950 veris
820 891 961 969 certisque
981 887 1205 971 distinguenda
1216 891 1351 972 pertinuit.
1387 894 1389 899 '

114 992 162 1051 Sic
182 1003 276 1048 autem
292 987 422 1067 judicari
441 986 529 1065 vulgo
547 984 584 1044 de
604 986 846 1068 philosophorum
864 988 1017 1068 principe,
1042 988 1114 1067 quis
1133 1001 1183 1048 est
1202 989 1256 1068 qui
1284 990 1353 1070 igno·

114 1092 183 1149 ret?
213 1087 262 1146 Nil
291 1087 371 1146 enim
399 1086 539 1165 exagitari
567 1085 698 1144 crebrius
726 1085 763 1143 ab
790 1087 870 1145 omni
899 1086 1052 1145 hominum
1080 1106 1196 1167 genere
1215 1087 1352 1164 audinus,

114 1209 200 1268 quam
219 1186 351 1245 fictiones
370 1184 535 1243 Platonicus
544 1228 553 1260 ,
575 1183 739 1243 Platonicae
759 1183 956 1265 respublicas,
987 1204 1064 1244 vana
1086 1174 1232 1247 Platonis
1250 1186 1287 1247 de
1303 1208 1353 1269 per·

115 1286 203 1345 lectis
218 1282 406 1356 hominibus,
433 1281 565 1361 legibus,
597 1281 786 1359 civitatibus,
819 1282 938 1342 mundis
956 1295 1131 1343 commenta.
1179 1282 1354 1367 Repetendus

114 1384 266 1443 hominum
286 1402 365 1439 error
384 1393 427 1439 est
445 1401 461 1438 a
482 1380 621 1459 sequioris
641 1382 706 1440 aevi
726 1381 905 1455 Platonicis,
932 1380 983 1461 qui
1006 1380 1052 1442 vel
1087 1380 1209 1461 placita
1242 1382 1354 1443 obtruso·

115 1495 186 1541 runt
204 1479 319 1540 Platoni
339 1477 375 1535 ab
396 1467 489 1557 ipsius
508 1477 694 1558 philosophia
712 1479 808 1539 aliena
818 1479 899 1555 ,‘vel
921 1479 1013 1559 ipsius
1034 1478 1151 1560 placita
1184 1480 1352 1563 interpretati

116 1598 249 1661 perverse
277 1588 352 1637 sunt.
396 1575 507 1649 Quodsi
535 1575 572 1635 de
598 1576 645 1635 his
673 1577 744 1658 ipsis
773 1579 954 1657 quaerimus,
985 1576 1058 1656 quid
1088 1598 1217 1639 caussae
1236 1578 1354 1643 videatur

117 1697 196 1752 esse,
229 1688 260 1733 ut
278 1695 295 1732 a
316 1674 364 1734 via
392 1673 522 1732 Platonis
551 1673 771 1750 aberraverint,
802 1676 885 1735 Plato
913 1677 974 1756 ipse
1003 1692 1106 1735 eorum
1126 1692 1354 1757 caeterorumque

117 1773 263 1835 erroribus
281 1771 528 1853 opportunitatem
549 1771 716 1852 praebuisse
735 1772 880 1833 dicendus
908 1781 959 1834 est.
1001 1774 1075 1833 Nam
1106 1775 1246 1855 primum
1264 1782 1353 1855 prisia

117 1879 206 1939 refert
217 1920 226 1949 ,
253 1887 285 1932 ut
304 1868 341 1928 ab
360 1870 447 1929 initio
468 1869 538 1928 inde
558 1869 720 1930 identidem
740 1873 1019 1949 animadvertimus,
1049 1871 1252 1955 philosophia
1277 1873 1353 1932 Plato
1373 1932 1378 1943 ,

118 1977 175 2037 nis.
200 1971 229 2054 1)
257 1970 294 2031 Id
312 1968 482 2049 vulgaribus
501 1968 700 2050 philosophis,
731 1993 854 2051 quorum
873 1971 1018 2031 industria
1045 1972 1211 2053 omnisque
1240 1972 1354 2054 philoso-
1387 1974 1389 2015 ἕ

118 2074 188 2157 phia
205 2065 425 2143 ratiocinando,
447 2065 617 2147 probando,
646 2067 872 2130 demonstrando
899 2068 1171 2151 concludendoque
1202 2068 1354 2154 procederet
1387 2066 1389 2099 ³

120 2172 225 2244 unice,
254 2188 353 2227 ansam
370 2164 472 2239 dedit,
502 2178 534 2223 ut
553 2171 702 2244 petitarum
723 2167 892 2227 fictionibus
909 2168 1017 2250 placita
1037 2166 1179 2228 Platonis
1198 2186 1354 2229 annumere-
1387 2164 1389 2187 '

120 2282 204 2343 rent,
234 2279 279 2340 et,
310 2283 367 2342 qua
397 2261 580 2321 contumaci&
601 2277 716 2344 poetas,
737 2266 837 2326 eidem
860 2267 1008 2326 Platonem
1035 2265 1245 2348 despicerent.
1284 2268 1353 2327 Porro

120 2366 224 2428 iisdem
243 2359 368 2423 subinde
389 2359 511 2421 vocibus
528 2360 629 2438 Plato,
650 2364 700 2442 qui
720 2371 870 2445 petitarum
889 2386 950 2425 mos
968 2378 1030 2441 est,
1050 2384 1099 2424 res
1117 2364 1261 2429 diversas
1283 2363 1353 2445 signi·

120 2464 228 2526 ficavit.
271 2452 363 2532 Εἶδος
399 2471 429 2517 et
448 2452 528 2531 itte,
560 2481 632 2539 quae
662 2461 818 2543 distinguit
848 2484 1077 2543 nonnunquam,
1109 2464 1179 2523 lere
1208 2464 1352 2547 promittet

120 2576 257 2644 usurpat:
280 2560 312 2641 2)
341 2556 572 2647 παραδείγματα
591 2559 744 2635 similiter,
774 2582 847 2640 quae
866 2562 965 2641 qualia
986 2562 1080 2621 sinte
1099 2562 1231 2624 Timaeo
1256 2560 1351 2623 intelle

119 2661 235 2737 ximus,
257 2662 294 2722 de
314 2662 389 2723 ideis
406 2664 513 2744 accipit
531 2663 610 2722 item.
633 2658 664 2741 3)
694 2661 837 2735 Hinc,in
857 2661 959 2741 primis
978 2659 1123 2741 veroipsa
1134 2656 1351 2745 philosophandi

24 2754 30 2765 ’
119 2752 297 2821 sublimitate
313 2763 441 2838 factum,
463 2774 495 2820 ut
513 2759 767 2818 multiPlatoncm
787 2771 815 2817 et
835 2779 994 2839 perperam
1019 2759 1308 2840 interpretarentur,
1330 2768 1351 2816 et

78 2878 81 2885 ·
118 2859 171 2918 vix
196 2873 313 2940 possent
340 2859 462 2938 assequi.
504 2859 593 2936 Cujus
623 2857 665 2916 rei
693 2855 826 2937 exempla
858 2857 953 2916 afferri
973 2858 1130 2917 innumera
1148 2861 1287 2940 possint,
1311 2875 1350 2917 not

38 3007 44 3016 .
119 2977 210 3014 unum
228 2977 244 3016 e
261 2957 386 3017 Senecae
406 2956 535 3038 epistolis
555 2957 720 3032 afferamus,
748 2954 827 3034 quod
846 2954 924 3014 idem
945 2955 1030 3015 nobis
1058 2955 1280 3019 admonitionis
1304 2956 1349 3019 ti!

118 3050 258 3130 habebit,
289 3076 326 3114 ne
354 3054 488 3114 similiter
518 3076 654 3114 erremus.
697 3055 764 3134 Agit
793 3074 860 3113 cum
887 3055 981 3114 amico
1011 3067 1113 3114 auctor
1141 3054 1184 3116 de
1213 3056 1348 3119 verbm

119 3150 274 3230 generibus
290 3152 485 3230 Graecorum,
506 3175 579 3232 quae
605 3174 665 3211 non
694 3153 734 3212 ita
762 3152 849 3212 facile
875 3153 978 3212 Latine
1010 3166 1178 3215 vertantur.
1230 3156 1349 3215 Tertium

117 3272 215 3329 genno
244 3261 289 3309 eet
317 3273 438 3327 eorum,
469 3232 545 3330 quae
568 3260 695 3329 proprie
725 3264 812 3311 sunt:
843 3253 1083 3311 innumerabilia
1107 3254 1185 3311 baec
1206 3263 1296 3329 eunt,
1312 3249 1349 3310 tel

120 3359 209 3406 entre
233 3359 371 3409 noctram
395 3358 498 3427 posita
529 3361 726 3427 corespectam.
772 3349 855 3430 Quae
884 3348 977 3426 eunt,
1005 3352 1212 3432 interrogat?
1242 3356 1347 3431 proprie

119 3447 262 3507 Platonis
282 3450 416 3527 supellec·
435 3457 488 3508 eet.
532 3449 556 3507 I
561 3451 661 3507 deae
681 3458 787 3525 vocet,
820 3471 855 3506 ee·
877 3452 985 3527 quibua
1014 3456 1137 3525 omnia,
1168 3468 1349 3530 quaecunque

119 3548 273 3624 uidemur,
304 3550 413 3626 fiunt,
448 3558 479 3605 et
507 3550 547 3607 ad
576 3571 651 3627 qaae
677 3558 789 3606 cuncta
811 3551 1009 3624 formantur.
1058 3548 1128 3607 Hae
1154 3550 1348 3619 immortales,

120 3649 343 3722 immutabiles,
364 3649 554 3706 inviolabiles
575 3657 657 3707 eant.
702 3645 784 3725 Quid
804 3655 846 3706 eit
866 3648 954 3722 idea,
982 3648 1016 3705 id
1036 3657 1098 3722 eet,
1132 3651 1213 3726 quid
1241 3650 1348 3708 Platori

120 3764 181 3801 eree
197 3745 355 3820 videatur,
373 3748 457 3805 audi.
499 3746 574 3804 Idea
601 3757 646 3805 eet
672 3767 794 3821 eoram,
823 3767 899 3824 qnae
926 3751 1044 3803 nataret
1062 3746 1175 3822 fiunt,
1213 3745 1349 3823 exemplar

120 3852 289 3902 aeternum.
333 3843 491 3920 Adjieiam
507 3846 681 3922 definitioni
701 3852 1009 3922 interpretationem,
1031 3866 1087 3922 quo
1112 3846 1173 3903 titt
1201 3868 1257 3907 ree
1281 3861 1349 3925 Ψ

121 3949 183 3999 tier
198 3942 266 4014 fiat.
311 3941 382 4000 Volo
400 3951 567 4024 imaginem
592 3954 677 4001 tuum
699 3946 831 4019 secere:
862 3944 1017 4020 eaempler
1043 3950 1192 4020 picturae
1223 3954 1256 4004 te
1279 3945 1349 4003 ledet

157 4185 186 4249 l)
205 4186 236 4236 ln
256 4188 306 4238 ilem
330 4187 423 4256 spraclt
447 4186 561 4238 sialiter
578 4187 742 4256 poitisctte
760 4186 959 4241 Clerueterder
975 4186 1098 4243 mentre
1117 4187 1349 4262 philosophisel

122 4287 176 4322 oue.
194 4272 237 4323 Sic
252 4274 341 4340 paucis
357 4273 445 4324 verbis
464 4272 599 4325 Hcetcnus
619 4289 672 4324 reru
689 4281 784 4338 totam,
805 4284 832 4325 ut
854 4275 937 4338 solet,
958 4274 1087 4342 exprimit.
1095 4274 1174 4328 luein
1184 4274 1232 4340 lll,
1244 4290 1262 4324 t.
1273 4271 1347 4342 plbl·

157 4353 188 4417 2)
209 4356 266 4407 vid.
285 4358 362 4425 Wytt.
376 4358 409 4411 ed
425 4358 517 4409 Ptoed.
534 4374 559 4424 p.
575 4356 639 4422 270,
657 4357 722 4421 274,
743 4359 800 4410 275.

157 4437 188 4503 3)
213 4441 307 4496 Thenet.
326 4445 384 4497 176.
400 4446 429 4498 E.
450 4443 496 4497 Gt.
510 4444 587 4496 Initio
599 4461 624 4509 p.
640 4442 700 4494 333.
