2796 5048
90 200 130 259 20

492 370 530 419 Ila
547 385 619 436 opera
636 367 794 418 Platonic'dc
812 366 923 448 lapibus.

123 464 176 534 lloc'
200 503 275 549 opere
287 487 400 550 perfecit
412 487 470 535 data
484 487 576 551 opera,
602 486 688 550 qnod,
716 487 784 536 aliud
804 492 937 550 spectaui,
963 469 1277 538 inchoaveratacribendi

89 571 209 619 Politia
230 572 308 620 Plato.
329 573 462 621 Sermones
481 573 512 621 de
533 574 636 637 legitor
651 563 750 622 nihilne
766 588 900 620 commune
915 586 972 618 cum
991 572 1075 619 ethica
1091 569 1206 618 habent?

484 729 710 780 llll-VITA
747 725 933 776 ΒΕΑΤΑ.

125 849 303 912 Corruptarum
325 833 570 917 rerumpublicarum
591 857 655 914 quot
682 848 800 915 apeciea?
825 848 922 912 Duplex
951 848 1058 911 optimae
1086 861 1195 908 noman,
1214 856 1277 910 rag-

90 948 150 980 nnm
166 939 192 982 et
208 937 384 983 aristocratia.

226 1072 345 1141 Eripitnr
363 1074 397 1122 ad
414 1075 518 1139 optimae
536 1073 644 1122 civitatis
657 1071 802 1136 felicitatem
819 1087 906 1120 caram
924 1070 1030 1120 conditio
1047 1070 1191 1130 ciuitatum,

499 1151 507 1168 '
562 1175 627 1224 qaae
644 1165 776 1223 corruptae
792 1164 856 1205 mant.
1278 1150 1330 1203 513

128 1275 218 1322 Prima
233 1274 293 1322 mali
303 1274 373 1322 loom
382 1291 395 1322 a
405 1275 530 1337 neglectio
538 1275 636 1324 artibus
644 1281 672 1323 et
679 1274 907 1339 permixtiacivium
918 1273 1054 1334 generibus
1061 1272 1182 1336 proiecta.
1247 1268 1253 1279 '

463 1413 502 1462 Ile
518 1412 658 1462 timocratia
675 1419 697 1460 et
714 1413 771 1461 niro
787 1412 947 1460 timocratioo.
1297 1431 1310 1458 n

127 1528 220 1577 Polit.
230 1529 296 1578 VIII.
316 1531 346 1577 ln
356 1531 450 1593 optima
460 1530 561 1577 ciuitate
569 1528 630 1592 quid
638 1528 773 1576 cavendnm
783 1565 790 1591 ,
802 1529 864 1591 quid
877 1528 1015 1576 curandum
1025 1529 1150 1574 cicumeat
1159 1526 1258 1574 Platoni
1265 1526 1288 1573 l·
1324 1546 1329 1553 ¹

91 1615 145 1678 Quo
166 1614 272 1662 concilio
296 1615 413 1662 laromam
440 1630 597 1678 amorumque
616 1615 808 1661 cummunionem
828 1612 977 1677 praecepit?
1003 1614 1031 1659 ln
1055 1613 1133 1658 cicili
1154 1612 1276 1660 conlatata

94 1715 134 1747 reu
156 1700 271 1748 inaudita
295 1706 348 1764 eat,
375 1701 402 1747 in
426 1701 520 1748 morali
534 1699 649 1747 obtinere
668 1702 760 1762 potent.
790 1699 903 1762 Optimae
920 1697 1030 1745 civitatis
1047 1697 1073 1743 in
1091 1698 1277 1744 timocraticam

92 1785 264 1832 commutatio.
290 1785 357 1848 Quae
381 1786 497 1834 civitatee
514 1785 685 1833 timooraticae
704 1783 885 1845 intelliguntur
903 1799 917 1831 a
939 1783 1062 1831 Platone?
1080 1783 1144 1845 Quid
1156 1782 1183 1829 in
1199 1796 1277 1844 opere

92 1869 130 1917 de
148 1870 285 1931 Legibus
301 1871 425 1932 apeatavit
437 1906 444 1932 ,
458 1870 527 1933 quod
543 1870 603 1918 hinc
624 1869 743 1933 explicari
762 1869 863 1932 poaaiti'
881 1869 934 1916 Viri
953 1869 1012 1916 toni
1026 1873 1053 1916 et
1061 1868 1138 1934 jacti
1152 1867 1179 1914 in
1198 1869 1275 1914 timo-

94 1957 219 2002 craticnm
237 1956 408 2005 commutatio.
420 1956 558 2017 Diligentia
577 1955 689 2005 Plutonia
707 1955 733 2002 in
754 1955 896 2017 lamninnm,
914 1968 988 2015 quam
1005 1954 1030 2001 in
1048 1952 1190 2015 indaganda
1211 1953 1278 2000 cici·

89 2045 183 2102 tottam,
196 2042 362 2104 corruptione
377 2042 464 2103 major.

469 2178 507 2227 Dc
525 2177 664 2243 oliparclria
681 2184 704 2226 ct
720 2177 775 2226 niro
792 2175 949 2241 oliqarclrico.
1278 2172 1327 2224 517

128 2295 201 2344 Eorl.
220 2297 324 2346 Natura
346 2301 373 2344 et
393 2297 466 2359 origo
487 2294 647 2356 aligarchiae.
667 2295 745 2357 Quam
764 2294 894 2343 civitatem
908 2293 1062 2340 intellexime
1082 2292 1277 2354 ¹videtur,olig·

90 2380 201 2428 archiam
225 2381 388 2429 memoranti
422 2380 501 2443 Quale
527 2395 607 2441 genna
625 2385 756 2443 praeterea
777 2379 916 2441 cogitauit?
951 2379 1136 2443 Oligarclricna
1160 2379 1197 2424 vir
1218 2393 1276 2426 cum

91 2464 239 2529 ctigorclria
256 2472 424 2531 comparatus.
443 2467 492 2515 Cur
512 2465 629 2527 neglecta
647 2471 686 2513 cat
703 2467 756 2514 iere
773 2465 882 2513 hominia
899 2462 929 2513 ex
942 2464 1009 2511 mola
1025 2465 1051 2511 in
1064 2463 1278 2530 prp'oramcondi-

91 2548 188 2597 tionem
208 2552 333 2615 mutatio,
359 2566 417 2599 cum
444 2552 534 2599 summi
552 2550 673 2597 momenti
702 2551 733 2597 ait
753 2567 807 2599 earn
823 2550 960 2613 diligenter
976 2549 1139 2600 attendiaaei
1169 2549 1276 2611 Triptaa
1319 2550 1322 2554 ’

91 2635 169 2682 animi
186 2652 243 2700 para
257 2639 393 2701 praecipue
412 2628 587 2702 perpetuoque
600 2635 767 2684 considerata.

454 2777 493 2826 Dc
510 2764 660 2825 democratia
679 2785 701 2826 ct
717 2775 772 2825 oiro
790 2775 960 2825 democratiam
1278 2770 1329 2824 519

125 2892 199 2940 Eod.
225 2893 393 2943 Democratiae
418 2894 490 2957 origo
516 2894 702 2942 accuratissime
727 2895 862 2957 descripta.
890 2892 995 2954 Qualem
1019 2890 1174 2955 reipublicae
1198 2891 1276 2939 Athe-

91 2975 187 3024 nienaia
200 2976 372 3025 conditionem
392 2977 502 3040 carpsit?
520 2979 605 3040 Qualia
621 2981 664 3026 vir
680 2984 738 3040 eat,
757 2979 818 3026 huic
835 2979 944 3024 civitati
957 2976 1104 3047 congruus?
1121 2977 1303 3035 Manileatiua.

88 3066 208 3126 apparet,
237 3062 345 3110 ethicam
365 3062 488 3110 Politia
514 3064 649 3112 contineri.
679 3063 781 3124 lingula
804 3062 953 3133 exprimitur
967 3061 1087 3111 tranalata
1108 3063 1229 3109 civitatis
1248 3062 1276 3109 in

90 3148 203 3194 animum
224 3147 358 3196 latronam
378 3147 467 3207 imago.

405 3294 416 3316 a
436 3265 609 3316 Democratiac
627 3268 653 3316 in
672 3267 827 3332 tyrannidem
845 3267 980 3315 conversio.
1087 3269 1089 3273 ’
1274 3266 1326 3319 522

123 3383 453 3446 analemmatorum,
472 3387 502 3429 ut
517 3383 689 3446 divitiarum,
707 3373 761 3432 uitia
776 3384 1044 3432 converaioniaoauaaa
1056 3383 1209 3433 civitatibus.
1230 3387 1276 3449 Ty-

84 3469 199 3517 rannidia
212 3469 291 3531 origo.
318 3469 521 3530 Herodotus,
550 3470 688 3527 Lioina‚·
719 3470 833 3518 Cicero
853 3469 879 3516 in
893 3470 965 3518 libria
988 3469 1019 3517 da
1033 3470 1183 3534 Republica.
1220 3470 1273 3533 Quo

82 3554 157 3602 modo
168 3591 175 3618 ,
188 3555 291 3605 Caemre
306 3562 430 3617 tyranno,
449 3560 529 3602 cernet
544 3554 689 3627 concolatua
701 3553 761 3602 cati

611 3675 650 3724 Dc
667 3675 807 3740 tyrannide.
1273 3675 1324 3728 52⁴

117 3792 190 3840 aod.-
216 3792 298 3840 lrooua
322 3793 354 3840 de
382 3792 518 3856 tyrannide
541 3808 593 3854 quo
613 3791 671 3841 loco
698 3794 747 3842 luit
766 3794 833 3857 apud
850 3795 989 3858 antiquos?
1007 3795 1136 3859 Quomodo
1153 3783 1277 3842 cocorant

81 3877 161 3937 eam?
191 3877 305 3925 Exortum
321 3877 460 3939 'quomodo
485 3878 575 3924 tollere
597 3877 784 3928 ‘leafinarnntl’
817 3881 925 3943 Tyranni
951 3897 1058 3944 perrona
1082 3862 1275 3929 a'Cicarona

79 3962 216 4026 deacripta.
245 3963 500 4026 Rerumpublicarum
527 3965 685 4011 Graecarum
709 3971 813 4013 natura.
840 3967 908 4013 iuria
932 3967 1110 4014 communione
1137 3970 1163 4013 et
1188 3966 1274 4028 legum

78 4046 242 4096 observantii
266 4054 366 4095 conatui
392 4049 483 4094 civitio
510 4048 623 4096 libertae.
644 4050 795 4097 Soaiclaa
811 4052 878 4114 apud
897 4052 1058 4100 Herodotum.
1078 4050 1222 4099 Platonicae
1238 4056 1276 4113 ty-

82 4133 197 4181 rannIdia
212 4133 389 4196 deacriptiouia
403 4135 575 4195 praestantia.
835 4119 840 4129 Ι

441 4253 479 4303 lle
497 4253 552 4302 circ
569 4257 708 4318 tyrannico.
730 4255 786 4318 Qua
803 4257 900 4305 ratione
910 4237 978 4314 fit?
1146 4266 1150 4272 ·
1275 4253 1327 4308 526

114 4357 186 4420 t'od.
202 4373 244 4420 Ill.
266 4372 445 4434 Cupiditatem
465 4366 610 4425 discrimen.
629 4368 727 4424 Amoria
748 4373 886 4438 πανδήμου
904 4373 947 4420 via.
967 4345 1130 4421 P¹lraedrua
1148 4371 1291 4436 respicitur.
