2796 5048
663 275 737 339 569'

78 443 139 506 τῶν
156 418 335 525 ysycv'o'tov,
357 434 376 502 o‘
402 435 438 502 δὲ
463 432 582 522 ἄριστος
602 438 664 501 τῶν
686 437 797 506 αἰτίων.
822 442 852 524 l)
881 442 1017 520 Scilicet,
1038 459 1070 504 ut
1092 445 1169 506 idem
1189 459 1305 508 conten·

77 546 141 621 dit,
162 538 256 623 θέμις
276 536 337 604 οὔτ’
351 534 390 624 ἦν
405 535 472 638 ιιιτὲ
488 537 549 605 ἔστι
567 543 611 628 ’τῷ
630 536 742 628 ἀρίστῳ
764 541 840 626 δρᾶν
858 534 928 603 ἄλλο
945 537 1022 625 πλήν
1043 537 1080 604 sti
1094 539 1253 607 κάλλιπον.
1275 547 1307 629 2)

77 646 229 707 Pertincirt
258 646 329 706 haec
355 661 450 706 autem
476 646 549 705 illuc
574 646 773 727 potissimum,
795 659 826 705 ut
845 646 958 703 maltam
982 647 1077 706 cnivis
1104 648 1166 709 sive
1184 651 1225 707 rei
1246 649 1307 708 sive

76 757 196 803 naturae
218 745 334 826 potius,
354 767 439 825 quam
459 746 537 820 Deo,
557 745 712 806 tribuatur.
751 744 1007 810 Fluxerunt,inde
1031 746 1223 805 recentiorum
1242 766 1307 806 curn

75 849 239 925 poetarum,
260 856 322 902 tum
340 843 585 925 philosophorum
596 843 633 902 de
652 852 760 921 optimo
777 844 887 902 mundo
906 839 999 922 deque
1019 853 1185 921 optimismo
1195 892 1204 920 ‚
1222 864 1308 924 quem

80 941 221 1000 dixerunt
231 987 240 1015 ,
261 943 440 1017 sententiae,
460 964 533 1022 quae
560 945 598 1002 ita
620 963 649 1002 se
667 941 751 1002 nobis
768 944 891 1002 maxime
910 942 1171 1019 commendabunt,
1192 958 1224 1003 ut
1237 931 1308 1025 pro·

79 1042 157 1100 xime
178 1061 230 1100 nos
246 1039 284 1099 ad
302 1061 399 1117 earum
418 1042 527 1101 fontem
547 1042 758 1101 accesserimus.

121 1140 201 1220 Quae
231 1159 299 1199 vem
327 1125 464 1221 deinceps
483 1141 516 1199 in
545 1139 598 1221 hoc
626 1139 742 1220 dialogo
763 1138 800 1199 de
821 1160 1006 1200 numerorum
1024 1138 1186 1200 rationibus
1205 1160 1308 1201 occur-

80 1251 169 1312 runt,
190 1259 251 1296 non
271 1237 480 1299 confundenda
497 1261 564 1298 cum
588 1239 753 1322 posterioris
773 1240 838 1300 aevi
865 1238 982 1320 placitis
1009 1238 1045 1298 de
1072 1259 1257 1298 numerorum
1276 1238 1308 1301 vi

79 1349 109 1395 et
129 1333 298 1395 efficacitate
318 1335 476 1396 videntur:
497 1336 535 1397 ad
560 1338 715 1412 musicam,
735 1338 796 1397 sive
823 1336 1003 1397 harmoniam
1029 1339 1215 1414 referuntur,
1235 1359 1308 1419 quae

80 1447 153 1493 artes
173 1433 251 1516 apud
269 1448 378 1496 veteres
393 1435 432 1495 ad
452 1450 583 1496 mutuum
600 1435 821 1518 exprimendum
839 1456 934 1495 rerum
956 1437 1156 1496 universarum
1181 1458 1309 1498 concen-

80 1546 142 1591 tum
159 1530 384 1595 adhihebantur.
425 1514 591 1595 Praeclarus
610 1536 756 1596 Ciceronis
778 1536 870 1594 estin
891 1542 1003 1594 somnio
1031 1535 1183 1616 Scipionis
1209 1535 1308 1612 locus,

81 1632 132 1691 ubi
162 1631 307 1714 Scipios
298 1655 332 1692 ιιι
350 1633 462 1693 coelum
488 1634 656 1711 traductus,
677 1634 817 1711 miratur,
838 1634 904 1713 quis
920 1635 958 1693 sit
975 1633 1027 1714 qui
1054 1634 1225 1716 compleat
1215 1635 1308 1716 ipsius

80 1751 163 1791 aures
188 1745 286 1792 tantus
305 1745 408 1792 ettam
426 1731 522 1794 dulcis
542 1755 637 1795 sonus.
668 1734 728 1792 Hic
748 1742 812 1808 ast,
832 1747 865 1791 ut
884 1733 975 1814 ipsius
993 1753 1067 1792 avus
1083 1733 1309 1814 interpretatur,

80 1835 133 1908 qui
152 1833 327 1903 interuallis
344 1839 523 1909 conjunctus
539 1835 725 1912 imparibus,
746 1833 797 1891 scd
811 1841 911 1890 tamen
922 1851 981 1908 pro
998 1840 1071 1888 rata
1085 1841 1308 1909 partcrationc

79 1930 254 2004 distinctis,
284 1933 417 2010 impulsu
448 1941 478 1991 at
508 1942 590 1992 motu
615 1939 750 2010 ipsoram
773 1933 891 1990 orbium
919 1930 1101 2002 conficitur:
1133 1937 1186 2008 qui
1213 1940 1307 1989 acuta

81 2026 149 2086 cum
173 2031 320 2109 gravibus
345 2038 532 2110 temperans,
571 2039 671 2090 acrior
697 2013 897 2112 acqualibs'ter
925 2040 1083 2090 concentus
1111 2029 1223 2108 efficit:
1255 2050 1309 2088 nac

80 2135 161 2185 anim
181 2129 301 2187 silentia
319 2138 402 2188 tanti
417 2141 515 2191 nutus
531 2138 662 2190 incitari
677 2139 817 2208 potsunt,
829 2138 868 2187 'ct
884 2139 1001 2189 natura
1011 2132 1099 2205 fert,
1121 2138 1157 2186 ut
1172 2137 1308 2187 extrema

83 2248 118 2283 ea
138 2228 237 2285 altera
253 2236 344 2303 parte
360 2237 521 2308 grauiter,
542 2252 579 2289 aa
605 2231 706 2287 altera
734 2237 836 2286 autem
864 2239 951 2287 acuta
980 2237 1092 2288 sonant.
1103 2224 1146 2309 3)
1182 2226 1308 2287 Ductum

84 2321 150 2383 ide
135 2320 346 2419 ePythiagorae
366 2340 394 2387 et
413 2327 542 2388 Platonis
560 2327 708 2402 doctrina,
724 2347 756 2385 ac
774 2325 853 2388 valet
869 2325 907 2385 ad
924 2326 995 2386 haec
1019 2326 1136 2385 Timaei
1153 2324 1215 2384 loca
1231 2339 1309 2384 recte

83 2419 283 2499 intelligenda.
324 2424 397 2484 Nam
417 2428 564 2504 quaeritur
582 2427 616 2485 in
635 2428 672 2486 iis
693 2418 820 2504 δισμος,
840 2447 897 2504 quo
915 2438 982 2506 apte
997 2427 1100 2504 juncta
1121 2424 1181 2482 sint
1201 2423 1308 2483 omnia.

80 2517 213 2598 Δισμιιν
239 2514 313 2582 δ’
293 2544 309 2583 o
339 2517 554 2600 uiuamus
535 2547 570 2599 ος
597 2518 634 2586 iis
662 2549 755 2587 aaran
780 2524 830 2587 καὶ
850 2547 888 2584 τα
879 2514 1133 2601 ξυνδιιιμιια“
1114 2543 1160 2581 οτι
1180 2515 1310 2600 μάλιστα

80 2618 112 2682 ἓν
139 2620 231 2710 ποιῇ·
262 2625 350 2687 sousa
376 2623 412 2688 ce*
444 2621 571 2708 πέφυκεν
603 2621 742 2710 ἀναλογία
773 2621 913 2692 κάλλιστα
944 2619 1102 2687 ἀποτελεῖν.
1155 2624 1236 2698 Quae
1268 2623 1310 2683 sic

80 2718 169 2786 vertit
185 2726 288 2786 Latine
304 2727 414 2790 Cicero.
447 2729 531 2790 «Sed
549 2733 739 2791 vinculorum
759 2732 792 2790 id
807 2741 852 2793 ost
870 2737 1061 2809 aptissimum
1078 2735 1168 2805 atquo
1183 2727 1309 2803 pulcer-

81 2830 213 2900 rimum,
244 2829 321 2906 quod
346 2849 382 2888 oa
410 2852 459 2905 ιι,
489 2840 578 2909 atqua
606 2833 640 2890 de
659 2824 720 2908 iii',
750 2853 826 2911 quaa
855 2811 1042 2909 adstringit,
1070 2845 1160 2905 quam
1178 2833 1311 2885 manime

81 2945 175 2983 unum
205 2926 308 3005 efficit.
338 2925 400 2986 -Id
424 2936 531 3007 aptium
557 2939 749 3011 assequitur,
776 2953 852 3010 quac
885 2928 996 2989 Graece
1016 2919 1167 3006 α’ναλογιιι,
1197 2925 1310 2984 Latina

80 3019 264 3102 (audradum
287 3035 332 3087 esi
353 3037 452 3104 enim,
472 3037 614 3108 quoniam
644 3033 716 3090 hacc
732 3038 872 3109 primum
893 3051 912 3087 a
933 3033 1015 3089 nobis
1040 3025 1205 3107 novantur)
1225 3049 1310 3086 com·
1333 3107 1336 3113 Ι

78 3132 252 3199 paratio,
270 3135 506 3205 proportione
525 3130 587 3189 dici
604 3139 710 3208 potest.
753 3128 877 3205 Quando
905 3129 984 3187 enim
1011 3129 1100 3187 trium
1128 3126 1177 3190 vel
1205 3120 1336 3186 nume-¹

81 3239 196 3295 rorum,
228 3222 276 3283 vel
295 3224 469 3305 ligustrum,
490 3227 538 3289 vel
556 3248 792 3310 quorumcunque
812 3248 966 3310 generum,
987 3227 1151 3308 contingit,
1172 3239 1204 3284 ut
1232 3222 1311 3303 quod

81 3315 208 3378 medium
226 3321 280 3398 sit,
300 3336 332 3383 ut
344 3345 372 3384 er
364 3316 514 3417 pmmum
525 3328 724 3409 proportione,
745 3330 784 3389 ita
799 3328 831 3388 id
849 3340 990 3409 postremo
1008 3339 1206 3409 comparetur,
1220 3323 1311 3384 vicis-

80 3416 191 3496 simque
219 3433 250 3501 ιιι
274 3435 433 3484 extremum
453 3446 519 3491 cum
535 3424 651 3503 medio,
670 3429 711 3486 sic
731 3425 857 3486 medium
875 3425 1051 3506 cumprime
1071 3425 1255 3484 coniectatur
1277 3418 1310 3478 id

80 3515 158 3592 quod
177 3517 308 3579 medium
325 3534 386 3597 oct,
406 3498 694 3607 tuspmum
635 3525 688 3599 fit,
720 3539 782 3584 tum
802 3539 995 3606 postremum,
1024 3536 1166 3603 postrema
1189 3540 1258 3581 vern
1283 3530 1311 3578 et

80 3612 173 3692 prima
192 3615 287 3676 media
305 3616 391 3681 liunt.
410 3620 461 3681 Ιιι
471 3623 624 3685 necessitas
642 3625 734 3704 cogit,
757 3637 787 3682 ut
808 3621 908 3682 eadem
926 3622 985 3680 sint
1003 3641 1053 3696 ea,
1074 3641 1146 3700 quae
1163 3617 1311 3698 disjuncta

81 3709 215 3789 fuerant;
236 3713 336 3775 eadem
353 3730 447 3778 autem
465 3740 530 3787 cum
548 3720 625 3783 facta
642 3724 720 3798 sint,
731 3720 870 3798 efficitur,
891 3735 925 3780 ut
943 3721 1039 3779 omnia
1058 3719 1118 3779 sint
1136 3739 1236 3779 unum.
1247 3715 1314 3798 ul)-

121 3759 385 3893 Oppoitunitatem
393 3816 463 3878 haec
481 3820 602 3900 posteris
621 3821 784 3896 dederunt,
806 3834 838 3880 ut
854 3819 919 3879 etl
912 3804 1311 3901 ineptissimequaequecom·

80 3922 195 3986 menta,
217 3909 256 3971 ad
270 3924 415 3999 portenta
430 3925 460 3974 et
475 3921 644 3997 miracula,
661 3942 733 4000 quae
747 3918 879 3999 VelleJ'us
893 3917 1040 3998 loquitur,
1057 3919 1209 3982 venirent.
1230 3914 1311 3996 apud

114 4222 139 4288 1)
162 4225 219 4279 Tim.
234 4226 268 4280 29
281 4229 313 4281 A.
335 4228 383 4285 Off.
393 4212 475 4287 'letitia
489 4251 515 4303 p.
530 4231 582 4286 ³60
596 4251 653 4303 sqq.

112 4307 139 4375 2)
158 4313 220 4365 Eud.
232 4312 268 4367 ³0
279 4316 325 4368 Ax

113 4394 139 4461 3)
157 4400 199 4450 De
214 4402 277 4471 llep
294 4402 335 4455 Vl.
355 4404 395 4456 18.

113 4483 139 4550 4)
161 4484 218 4541 lim.
235 4488 267 4542 31
283 4490 312 4544 C.
325 4518 360 4531 -
375 4489 409 4544 ³2
424 4491 456 4546 A.
