2796 5048
654 205 694 265 57

517 402 587 462 DE
629 402 853 461 AMORE.

194 571 198 578 ⁸
267 582 407 641 Platonis
425 583 460 639 de
480 581 531 639 ltoc
550 591 729 662 orgunoooto
745 582 974 658 philosophandi
994 592 1087 643 ratio.

110 760 266 821 Sententia
281 760 409 820 Platonis
433 759 468 820 de
492 780 586 819 amore
612 761 653 819 sic
681 761 759 819 omni
777 774 903 840 tempore
932 759 1074 821 celebrata
1101 776 1160 838 est,
1186 775 1218 821 ut
1246 763 1306 821 rim

67 873 160 919 nacta
187 859 225 917 sit
250 858 453 939 proverbiict
478 878 562 917 nemo
589 878 650 917 non
679 857 813 938 loquatur
842 857 879 917 de
911 879 1010 918 orooro
1036 859 1204 920 Platonico.
1251 859 1308 919 Sed

67 956 218 1031 eandem,
240 970 271 1015 ut
285 955 335 1030 fit,
356 978 408 1037 pro
427 977 478 1015 suo
491 956 613 1035 quisque
631 977 717 1015 sensu
734 970 763 1016 et
778 956 893 1034 judicio
915 977 980 1015 cum
999 959 1110 1039 accepit
1128 959 1230 1033 aliter,
1248 972 1309 1017 tum

65 1055 230 1132 judicarit.
251 1057 432 1135 deceperunt
448 1055 527 1113 hunc
545 1074 667 1113 amorem
686 1059 806 1135 poetae,
827 1055 859 1113 in
877 1055 979 1137 primis
998 1054 1084 1131 luti,
1104 1055 1142 1115 de
1161 1057 1232 1115 mira
1257 1055 1311 1114 illa

68 1154 238 1213 animorum
256 1153 481 1231 conjunctione,
501 1173 573 1231 quae
592 1165 700 1211 amatae
724 1152 879 1212 intercedit
896 1174 961 1212 cum
985 1168 1123 1229 amatore,
1152 1168 1179 1212 et
1203 1167 1310 1212 utrum·

68 1272 131 1330 que
150 1253 185 1310 in
202 1250 327 1331 regionis
346 1250 479 1309 coelestes
497 1249 623 1310 extollit:
645 1271 677 1308 ac
696 1251 880 1330 profecerunt
898 1250 968 1310 inde
987 1253 1094 1311 Dantes
1112 1251 1255 1331 Aligerius
1272 1251 1310 1310 ad

68 1348 236 1408 Beatricem
245 1393 254 1424 ,
269 1347 420 1407 petrarcha
439 1349 478 1409 ad
496 1350 637 1424 Lautam,
658 1348 710 1407 alii
731 1347 769 1407 ad
785 1347 857 1408 alias
871 1349 1058 1409 celebrandas
1073 1349 1171 1412 divini
1188 1350 1311 1431 pectoris

67 1447 227 1507 foeminas.
277 1446 444 1526 Philosophi
473 1468 559 1521 vcro,
587 1448 611 1505 si
641 1446 678 1505 ab
708 1447 789 1505 Italis
809 1446 990 1530 discesseris,
1011 1449 1062 1527 qui
1088 1447 1232 1507 faciliores
1251 1447 1310 1505 lere

69 1545 217 1622 luerunt,
242 1559 274 1603 ut
294 1543 431 1604 nonnulli
450 1546 534 1604 etiam
552 1544 623 1620 alii,
643 1544 809 1626 philosophi
827 1546 915 1625 igitur
934 1535 1064 1626 plerique
1083 1566 1206 1605 amorem
1224 1547 1310 1604 istum

69 1644 258 1704 Platonicum
271 1642 309 1702 ad
322 1663 366 1701 res
384 1641 544 1702 retulerunt
551 1643 677 1724 poeticas
682 1642 750 1718 ‚sed
764 1642 947 1724 philosophiis
958 1643 1112 1724 indignum
1129 1644 1307 1703 hahuerunt:

71 1761 136 1805 esse
151 1742 230 1802 enirn
246 1741 362 1800 fortasse
376 1754 475 1820 aptum
489 1739 541 1798 alii
551 1739 666 1799 cuidam
684 1739 807 1815 mundo,
817 1762 901 1820 quem
914 1743 1076 1821 ignoremus
1086 1788 1095 1818 ‚
1105 1741 1155 1801 sed
1169 1741 1256 1816 huic,
1277 1742 1309 1800 in

73 1859 134 1916 quo
152 1840 280 1900 vivimus
298 1853 326 1898 et
343 1840 468 1918 agimus,
488 1837 568 1897 haud
587 1851 818 1898 consentaneum.
845 1838 938 1912 Quod-
942 1839 1088 1917 judicium
1094 1886 1102 1916 ,
1122 1854 1232 1921 praeter
1246 1839 1310 1920 phi·

75 1920 211 2019 losophos
219 1983 228 2012 ‚
246 1936 297 1995 alii
316 1938 401 1996 etiam
418 1936 612 2016 pronunciare
629 1934 741 2010 solent,
761 1937 811 2015 qui
827 1958 880 1996 uec
896 1936 1035 1997 dicuntur
1052 1937 1237 2019 philosophi,
1256 1956 1310 1995 nec

82 2050 155 2096 sunt.
196 2035 254 2095 Sed
271 2036 442 2094 exstiterunt
460 2035 529 2093 item
539 2079 547 2109 ,
569 2035 618 2113 qui
642 2055 701 2092 rem
720 2035 793 2094 serio
809 2034 996 2113 judicarent,
1023 2050 1137 2116 turpem
1156 2055 1218 2094 eam
1245 2055 1311 2094 cen·

68 2138 174 2193 'serent
188 2147 216 2193 ct
229 2133 355 2197 moribus
369 2133 499 2208 noxiam,
514 2132 662 2193 Platonem
672 2133 930 2214 reprehenderent,
944 2133 1204 2207 calumniarentur,
1219 2153 1311 2211 neque

89 2225 170 2306 ipsius
196 2245 345 2313 parcerent
369 2230 491 2290 Socratis
517 2232 628 2293 virtuti.
663 2229 692 2311 l)
720 2233 848 2307 Quorum
876 2252 945 2291 sane
970 2232 1098 2290 omnium
1127 2231 1212 2291 nobis
1239 2230 1312 2290 ratio

91 2321 215 2389 habenda
242 2331 296 2389 erit
323 2331 355 2389 in
382 2329 460 2388 hisce
488 2328 757 2408 disquisitionibus3
789 2330 840 2390 sed
859 2330 892 2390 in
920 2331 1022 2410 primis
1049 2323 1165 2406 eorum,
1185 2329 1312 2409 quitum

85 2418 179 2507 inique
199 2428 236 2486 de
254 2427 366 2487 Socrate
384 2442 412 2486 et
431 2427 548 2487 Platone
562 2428 753 2505 judicarunt,
775 2430 833 2488 imo
853 2450 922 2506 vero
940 2430 1111 2488 sententiam
1130 2429 1166 2488 iis
1186 2428 1312 2488 obtrusa·

78 2535 167 2601 tunt,
186 2527 313 2607 ipsorum
336 2525 451 2606 placitis
479 2527 686 2606 propositisque
711 2525 797 2606 plane
821 2527 1004 2586 contrariam.
1048 2527 1105 2586 Sed
1136 2540 1166 2585 ut
1193 2527 1313 2604 quisque
1372 2543 1378 2550 ·

70 2611 103 2674 de
144 2624 190 2683 his
215 2623 349 2684 omnibus
376 2625 435 2704 ipse
459 2623 590 2701 judicet,
612 2645 672 2683 non
699 2623 736 2682 ab
763 2624 858 2703 aliena
886 2623 1011 2704 pendeat
1035 2625 1190 2704 opinione,
1223 2642 1313 2681 unum

62 2710 257 2802 &lterumque
288 2742 486 2802 percurramus
513 2722 640 2781 Platonis
668 2721 831 2800 dialogum:
858 2736 886 2781 ct
915 2723 1040 2802 primum
1069 2721 1186 2800 quidem
1208 2720 1312 2792 illum,

58 2814 117 2882 qni
153 2819 278 2879 Phaedri
301 2819 416 2878 nomine
435 2819 605 2879 inscribitur
623 2833 650 2879 et
676 2819 771 2879 locum
786 2821 847 2896 jam
874 2818 959 2879 nobis
979 2819 1177 2901 suppeditavit
1196 2817 1232 2878 dc
1253 2819 1312 2878 vita

58 2899 172 2978 beitta.
213 2918 314 2998 Capiet
333 2938 384 2976 nos
404 2919 542 2977 continuo
560 2937 695 2997 generosa
714 2916 838 2976 Phaedri
859 2917 973 2977 indoles
993 2939 1058 2977 cum
1077 2917 1191 2978 Socrate
1210 2917 1313 2976 confa-

58 3005 210 3075 ’flantis
241 3016 425 3089 suavissime,
456 3030 516 3096 tum
545 3016 669 3075 Socratis
697 3036 749 3074 nos
775 3016 888 3095 capiet,
909 3016 965 3075 imo
986 3016 1112 3079 movebit
1140 3017 1173 3074 in
1200 3030 1312 3096 turpem

58 3118 203 3173 morem
222 3115 321 3172 oratio.
363 3113 420 3172 Sed
438 3113 474 3171 ab
491 3115 609 3174 exordio
629 3113 698 3174 inde
720 3134 905 3194 exponamus.

535 3310 724 3392 lla-vulgari
744 3333 852 3370 amoro.

94 3499 286 3570 Sermonem
315 3529 333 3570 a
360 3508 444 3588 Lysia
469 3523 615 3589 acceperat
635 3508 799 3595 Phaedrus,
827 3531 884 3588 quo
905 3506 1094 3568 contenderat
1114 3507 1184 3582 ille,
1205 3509 1311 3567 amanti

58 3608 134 3662 n⁰11
159 3605 379 3688 gratificandum
404 3627 481 3680 esse,
503 3606 552 3665 sed
581 3606 625 3681 ei,
655 3608 706 3685 qui
735 3629 794 3667 non
818 3621 939 3666 amaret:
972 3606 1050 3664 hunc
1080 3607 1157 3664 enim
1185 3605 1313 3665 sedatum

58 3708 133 3756 ³⁸⁸8
165 3720 193 3764 et
219 3705 387 3786 placidum,
413 3704 496 3764 illum
526 3725 593 3766 vero
622 3705 840 3765 vehementibus
867 3706 969 3785 agitari
997 3705 1109 3764 studiis.
1162 3707 1253 3781 Quem
1282 3719 1316 3762 ut·

58 3803 248 3884 deceperat,
269 3805 339 3863 urbe
359 3803 522 3885 egreditur,
544 3818 575 3864 ut
593 3803 669 3863 solus
697 3802 848 3862 ambulans
877 3803 1063 3864 meditaretur
1087 3824 1152 3862 eum
1177 3804 1311 3864 studiose.

59 3881 154 3990 Nam
173 3917 316 3961 oratorum
344 3904 470 3961 omnium
496 3903 608 3982 Lysiam
632 3901 829 3961 admirabatur
857 3902 999 3977 maxime,
1019 3923 1075 3981 quo
1104 3925 1163 3962 non
1193 3901 1312 3983 putabat

63 3977 218 4061 Psertius
236 4020 316 4081 posse
330 4021 499 4079 quemquam
517 4013 545 4059 ct
563 4001 691 4058 ornatius
711 3998 818 4061 dicere.
860 4000 1029 4061 Ambulanti
1057 4016 1150 4062 autem
1171 4014 1199 4059 ct
1217 3998 1312 4058 medi·
1391 4034 1393 4038 ι

64 4087 175 4173 tatlti,
196 4102 278 4158 ecce!
302 4097 405 4158 obvius
422 4112 463 4158 est
480 4098 506 4155 ei
526 4097 671 4171 Socrates,
692 4099 742 4176 qui
765 4083 883 4180 penitus·
908 4120 1080 4181 cognoscens
1102 4102 1258 4180 juvenem,
1282 4111 1312 4155 ut

72 4229 350 4284 χ’-ῄῌ

62 4398 65 4405 ,
90 4324 136 4396 1)
161 4344 191 4394 V.
208 4343 315 4396 Gesneri
327 4344 440 4395 Socrates
455 4352 555 4394 sanctus
566 4343 713 4410 paedercosto
725 4343 750 4392 in
768 4342 864 4394 Comm.
885 4344 943 4396 Soc.
961 4345 1061 4395 scientt.
1078 4341 1144 4395 Gdtt.
1169 4341 1199 4392 ll.
1220 4341 1311 4394 Editus

60 4408 139 4473 ¹²⁰¹n
158 4429 224 4494 rra.
236 4429 334 4481 auru.
355 4427 429 4479 ross.
