2796 5048
678 230 717 289 32

86 412 233 452 versorum
252 391 472 470 disquisitione,
493 390 579 450 habet
594 405 691 450 tamen
700 434 709 465 ,
728 390 843 450 Socrate
853 391 970 470 judice,
990 391 1068 470 quod
1084 411 1175 451 unum
1189 395 1317 453 maxime

85 490 361 570 diligentissimeque
384 488 509 569 indaget.
550 490 622 547 Nam
646 509 712 547 cum
739 488 875 548 latissime
892 503 986 570 pateat
1005 489 1195 568 cognoscendi
1216 511 1315 565 amor,

84 609 139 648 nec
158 588 254 647 minus
274 588 423 667 inquirant
440 587 591 661 mortales,
610 586 683 665 quid
703 586 735 645 in
753 585 818 645 altis
833 586 905 646 coeli
925 585 1081 660 tractibus,
1096 588 1184 666 quain
1192 587 1270 667 quid
1282 589 1315 649 in

84 686 130 745 his
147 687 230 746 terris
245 687 425 766 ipsorumque
443 687 545 745 animis
555 698 681 765 geratur,
701 697 728 742 et
738 705 806 744 vero
816 669 1009 744 illis'maxime
1018 684 1192 765 indagandis
1200 686 1315 767 sapien·

83 783 155 843 tiam
172 797 307 842 censeant
318 829 326 858 ,
347 783 474 843 Socrates
491 781 703 866 philosophiam
723 784 814 862 coegit
833 781 869 842 de
895 783 954 842 vita
974 797 1001 842 et
1020 783 1147 841 moribus
1170 776 1316 863 rebusque

85 880 169 940 bonis
197 895 224 940 et
253 881 336 941 malis
365 902 509 960 quaerere.
552 882 615 955 Quo
643 902 703 940 non
733 880 833 940 utilius
860 895 988 954 tantum,
1011 895 1042 940 ut
1070 881 1157 962 vulgo
1175 896 1297 963 putatur
1304 928 1313 958 ,

84 978 289 1058 hominumque
310 981 385 1040 vitae
402 980 658 1054 accommodatius,
678 978 729 1038 sed
746 999 844 1060 reapse
864 980 1022 1038 aublimiua
1045 1000 1102 1038 esse
1131 981 1227 1060 coepit
1249 980 1314 1062 phi·

84 1076 230 1158 losophiae
250 1080 435 1160 propositum.
457 1080 530 1136 Nam
549 1078 690 1158 pertinuit
709 1078 748 1135 ita
766 1075 804 1135 ad
821 1077 949 1135 animum
969 1076 1216 1155 cognoscendum,
1237 1079 1312 1152 sive,

85 1189 116 1234 ut
136 1199 188 1236 nos
209 1177 288 1256 loqui
314 1177 455 1252 solemus,
476 1175 514 1236 ad
539 1173 767 1256 cognoscendum
793 1176 957 1247 hominem,
979 1176 1096 1252 ejusque
1118 1174 1314 1254 explorandas

84 1261 205 1336 divinas
238 1274 348 1354 ingenii
382 1275 526 1354 animique
563 1273 721 1332 facultates.
773 1273 852 1346 Quin
880 1294 913 1331 eo
942 1273 1080 1352 spectavit
1107 1273 1252 1348 maxime,
1282 1289 1312 1334 ut

83 1373 276 1431 excoleremus
309 1374 511 1454 nosmetipsos,
527 1371 583 1471 *ad
617 1392 753 1431 summam
788 1371 1003 1451 perveniremus
1037 1372 1173 1430 virtutem
1207 1385 1238 1431 et
1271 1375 1311 1432 sic

83 1470 281 1528 accederemus
301 1469 338 1528 ad
357 1471 563 1550 perlectionem
582 1469 721 1530 divinam.
764 1468 821 1528 Sed
840 1469 1018 1549 praeclarum
1036 1467 1091 1527 hoc
1110 1468 1311 1551 philosophiae

83 1568 260 1648 propositum
287 1568 378 1648 ipsius
408 1569 491 1627 nobis
519 1567 727 1628 declarandum
753 1581 795 1627 est
822 1567 950 1626 Platonis
979 1567 1140 1626 sententiis.
1181 1568 1211 1627 Is
1232 1569 1311 1629 enim

83 1665 161 1744 quod
178 1664 324 1740 Socrates,
344 1679 371 1724 et
384 1681 450 1726 ante
466 1666 611 1737 ,Socratem
631 1665 799 1746 Pythagorei
814 1665 921 1743 aliique
935 1665 1084 1724 obscurius
1102 1664 1311 1744 prodiderant,

83 1765 227 1844 magisque
254 1764 287 1823 in
314 1784 398 1823 usum
416 1763 610 1823 adhibuerant
630 1786 714 1842 quam
733 1763 950 1824 declaraveram
967 1761 1081 1836 verbis,
1097 1761 1172 1821 clara
1192 1765 1225 1823 in
1248 1764 1311 1824 luce

82 1862 187 1943 posuit.
229 1863 286 1920 Nec
305 1863 454 1942 quisquam
477 1862 563 1921 facile
592 1864 775 1942 antiquorum
795 1883 860 1920 cum
890 1861 1012 1919 interius
1029 1861 1118 1918 sensit
1137 1860 1197 1919 vim
1215 1861 1310 1942 philo·

82 1960 216 2042 sophiae,
237 1973 298 2020 tum
325 1961 467 2041 explicuit
494 1960 638 2020 disertius.
681 1960 871 2035 Quamobrem
898 1957 998 2038 paullo
1023 1957 1115 2016 fusius
1138 1957 1193 2018 hac
1223 1959 1310 2019 dere

83 2079 164 2138 agere
185 2059 278 2137 juvat.
330 2059 385 2118 Hic
414 2060 552 2118 nimirum
578 2058 674 2118 aditus
700 2072 758 2133 est,
779 2077 952 2138 perquem,
978 2069 1115 2133 tanquam
1135 2077 1187 2136 per
1204 2058 1310 2119 atrium

83 2157 228 2237 quoddam
247 2171 415 2237 augustum,
436 2158 467 2215 in
489 2178 566 2215 sacra
586 2155 773 2237 procedamus
791 2153 957 2236 philosophi
977 2154 1147 2233 penetralia.

124 2255 244 2314 Initium
272 2252 470 2334 philosophiae
498 2236 539 2313 est
566 2256 747 2311 ad2mtratt0:
776 2253 845 2311 hinc
873 2253 950 2310 enim
978 2252 1088 2310 exsistit
1116 2251 1308 2329 cognoscendi

83 2352 200 2433 cupido.
241 2352 366 2410 Miratur
393 2351 564 2411 Theaetetus
582 2353 614 2409 in
635 2352 803 2430 cognomine
822 2349 951 2430 dialogo,
970 2371 1042 2429 quae
1062 2372 1077 2407 a
1097 2349 1211 2409 Socrate
1231 2350 1309 2411 dicta

84 2464 169 2509 sunt:
192 2450 353 2524 imovero,
374 2451 433 2524 ait,
454 2449 523 2509 haec
540 2450 664 2510 subinde
683 2450 856 2530 respiciens,
878 2449 980 2529 capitis
1001 2448 1073 2506 mihi
1093 2447 1195 2506 videor
1223 2450 1307 2509 verti·

82 2549 148 2628 gine
177 2547 317 2606 laborare.
368 2548 442 2606 Tum
474 2547 617 2607 Socrates:
648 2541 808 2626 Θεόδωρος
838 2539 966 2639 γοίρψἲ
998 2543 1078 2625 φίλε,
1112 2543 1245 2620 φαίνεται
1274 2541 1311 2608 oc'

80 2645 176 2720 κακῶς
210 2639 347 2719 τοπάζειν
380 2644 447 2727 περί
480 2645 535 2728 τῆς
572 2641 689 2728 φιίοεαίς
722 2670 788 2710 σου·
825 2643 906 2728 μα’λα
935 2644 991 2728 γιίρ
1023 2642 1190 2728 φιλοσόφου
1221 2647 1307 2710 τοῦτο

81 2744 117 2810 ad
155 2741 273 2822 πάθος,
309 2743 346 2808 ad
383 2743 563 2828 θαυμάζειν·
599 2746 634 2812 ου’
670 2745 737 2834 γιίρ
774 2746 861 2832 ἄλλη
898 2745 994 2832 cipp-q*
1033 2750 1253 2831 φιλοσοφίας
1287 2744 1308 2833 ἢ

81 2846 170 2932 αὕτη·
203 2848 253 2910 καί
287 2844 374 2911 ἔοικεν
406 2846 425 2911 o'
456 2846 510 2932 τήν
529 2846 609 2935 «Ἰριν
644 2849 820 2933 Θαύμαντος
854 2849 969 2935 ἔκγονον
999 2846 1114 2934 φήσας,
1147 2848 1183 2919 ου’
1212 2853 1307 2928 κακῶς

81 2955 261 3036 γενεαλογεῖν.
286 2952 315 3034 l)
354 2953 551 3034 Cognoscendi
589 2972 684 3017 autem
712 2957 763 3016 illa
793 2957 917 3039 cupido,
948 2977 1019 3035 quae
1053 2976 1089 3014 ex
1117 2956 1307 3017 admiratione

81 3059 189 3130 oritur,
221 3067 252 3112 ut
281 3066 399 3114 vocatur
429 3053 506 3127 fere,
527 3055 568 3112 ita
587 3070 627 3114 est
646 3076 742 3136 reapse
761 3077 844 3113 amor
863 3053 978 3133 aliquis.
1021 3059 1102 3113 Amat
1116 3053 1307 3135 philosophus

81 3154 269 3235 sapientiam,
290 3164 322 3209 ut
340 3152 476 3208 amasium
495 3172 577 3209 suum
587 3199 595 3227 ,
620 3154 677 3211 imo
696 3154 736 3211 sic
761 3153 830 3212 colit
851 3153 1005 3226 amasium,
1026 3167 1057 3210 ut
1077 3154 1137 3231 ejus
1156 3172 1251 3211 amore
1270 3152 1307 3212 ad

81 3251 251 3332 sapientiam
261 3248 419 3329 perveniat.
436 3245 468 3327 2)
492 3249 535 3306 lta
549 3251 650 3331 amoris
664 3250 741 3332 apud
752 3250 897 3310 Platonem
911 3252 1067 3310 arctissima
1078 3263 1119 3308 est
1132 3269 1197 3306 cum
1208 3249 1308 3330 philo-

80 3348 180 3431 sophia
210 3345 357 3426 cognatio:
388 3346 465 3404 unde
479 3345 643 3426 philosophi
664 3349 695 3406 in
713 3351 774 3426 ejus
791 3350 906 3430 scriptis
920 3371 979 3407 non
999 3350 1090 3408 solum
1112 3349 1307 3426 φιλομαθεῖς,

80 3447 131 3507 sed
162 3448 246 3505 etiam
277 3437 425 3524 φιλοκάλοι
455 3458 482 3504 et
505 3441 638 3526 ἐρωτικοί
661 3447 852 3527 appellantur.
880 3445 911 3529 3)
939 3448 1102 3508 Abhorrent
1117 3450 1186 3508 haec
1206 3472 1306 3511 sanea

34 3597 39 3608 ,
82 3560 177 3605 nostra
193 3546 416 3628 philosophandi
440 3547 569 3621 ratione,
590 3547 640 3607 sed
663 3567 695 3604 eo
720 3538 794 3605 sunt*
809 3546 896 3605 nobis
919 3548 1006 3625 magis
1029 3547 1306 3624 animadvertenda,

80 3665 169 3723 eoque
204 3645 258 3702 erit
293 3644 462 3725 diligentius
489 3645 558 3704 dein
592 3645 628 3705 de
660 3643 773 3704 coelesti
802 3665 895 3703 amore
927 3644 1154 3723 disquirendum.
1196 3645 1308 3728 Sponte

78 3744 121 3802 sic
142 3745 233 3803 oritur
251 3747 283 3804 in
302 3745 451 3804 hominurn
471 3745 566 3803 animo
584 3743 765 3825 philosophia
781 3756 808 3801 et
827 3742 935 3802 dicitur
954 3742 1004 3800 illa
1023 3742 1174 3802 nonnullis
1187 3753 1307 3804 natnrd

116 3967 145 4032 l)
168 3968 261 4019 lheoet.
281 3967 337 4020 155.
352 3967 501 4019 christoe.
516 3968 621 4036 Metcplc.
636 3967 654 4016 l.
670 3965 695 4016 2.
711 3951 760 4017 ded
786 3951 822 4017 cd
848 3951 1014 4034 θαυμάζειν
1037 3954 1064 4016 οἱ
1079 3953 1236 4038 ἅνθρωποι
1257 3961 1308 4022 καί

79 4061 132 4122 νῦν
149 4059 198 4122 καί
213 4056 250 4122 cd
266 4060 384 4142 πρῶτον
396 4053 520 4142 ἤρξαντο
537 4062 712 4142 φιλοσοφεῖν.
725 4103 756 4111 -
778 4068 841 4120 Hinc
858 4056 1031 4141 φιλοσοφίας
1046 4053 1126 4141 cippi
1139 4055 1175 4120 τιί
1193 4063 1308 4142 θαῦμα

79 4165 150 4233 apud
169 4164 315 4232 Olympiod.
330 4167 357 4215 ία
368 4164 447 4214 Alcis.
465 4180 490 4230 p.
505 4162 546 4213 24.
562 4172 588 4213 ct
602 4163 669 4229 apud
682 4162 766 4214 Procl.
782 4165 808 4213 in
821 4162 900 4213 Alcil.
916 4179 941 4229 p.
957 4161 1004 4224 112,
1020 4161 1049 4212 61
1067 4171 1092 4213 et
1108 4162 1163 4214 164.

115 4256 145 4321 2)
165 4257 269 4309 Ptaedr.
287 4256 344 4308 252.
359 4258 396 4307 De
407 4258 466 4324 κιρ.
482 4256 510 4306 V.
527 4257 583 4306 474.
600 4255 687 4324 ltaque
698 4242 835 4330 συνεργός
845 4240 964 4313 οἰοίιιιιό
979 4240 1054 4326 ίριος
1066 4247 1105 4320 εἰς
1118 4249 1306 4330 φιλοσοφίαν.

80 4347 139 4398 vid.
155 4348 281 4401 Procl.·rt'n
291 4349 369 4400 Ateio.
385 4365 410 4415 p.
426 4347 466 4399 61.

113 4431 145 4497 3)
164 4451 188 4485 v.
203 4452 225 4485 c„
242 4436 348 4487 Placedr.
364 4432 422 4485 248.
440 4434 469 4484 Ι),
