2796 5048
640 240 696 299 143

88 404 183 467 lieriltus
206 425 266 465 non
292 403 417 478 accidit,
440 417 471 462 ut
494 399 618 460 subinde
642 400 793 461 simulacra
816 388 947 482 pariant,
968 356 1176 479 nonnunquaqi
1194 424 1279 477 vera,

58 516 61 571 ξ
94 505 159 581 sitqm
181 500 300 562 difficile
320 502 389 560 haec
413 500 596 580 dignoscere:
618 498 697 577 quod
723 500 747 557 si
775 498 936 573 accideret,
956 499 1112 558 maximum
1137 500 1282 581 pulcerri-

58 624 64 707 ἒ
96 620 194 680 numque
213 600 398 660 obstetricum
416 619 521 656 munus
541 612 629 670 esset,
650 618 750 657 verum
772 619 787 654 a
810 596 883 656 salso
910 597 1105 657 discernendi.
1146 600 1191 657 Tu
1212 620 1281 659 vero

58 718 67 797 p
97 699 321 778 qmdsentisl-
341 697 420 756 Idem
438 696 629 775 profecto.-
650 695 732 753 Meae
752 707 843 752 autem
863 695 917 752 arti
939 709 1048 754 caetera
1065 697 1180 776 propria
1198 711 1279 770 sunt,

58 806 63 871 l
97 818 147 875 quae
164 797 293 871 illarum;
316 795 411 854 differt
441 793 625 872 ve10,quod
652 791 798 866 maribus,
819 815 879 851 non
902 794 1035 851 foeminis
1053 795 1279 873 parturientibus

58 908 224 968 ’;,ιιιιιιιιῑ
245 908 308 952 tum
326 887 424 953 etiam
430 896 540 952 animos
559 904 667 972 spectet
685 891 873 970 parientium,
896 913 955 949 non
970 912 1101 970 corpora;
1125 895 1280 953 maximum

74 1002 165 1051 'arun
182 993 231 1051 hoc
261 992 336 1052 inest
362 993 415 1049 arti
446 1011 523 1048 meae
535 1010 643 1070 ,posse
672 988 810 1048 videlicet
838 988 994 1067 diligenter
1022 989 1172 1068 explorare
1201 993 1279 1051 omni

98 1090 172 1163 nodo,
201 1086 420 1148 simulacrumue
450 1103 478 1147 et
507 1088 631 1162 falsum,
664 1110 701 1146 an
730 1064 823 1147 ιιιῑιιιι
853 1101 880 1145 et
908 1089 969 1146 reri
997 1087 1136 1165 quiddam
1159 1091 1279 1167 juvenis

100 1187 181 1245 acinus
195 1188 295 1268 pariat.
342 1189 488 1246 Caeterum
507 1186 539 1245 id
558 1188 630 1244 mihi
650 1187 735 1244 etiam
755 1206 818 1243 cum
836 1184 1037 1243 obstetricibus
1056 1207 1204 1246 commune
1223 1201 1276 1247 est:

97 1304 140 1342 non
152 1287 220 1364 pario
238 1285 427 1364 sapientiam:
448 1284 581 1363 quodque
602 1283 768 1361 objecerunt
787 1283 858 1342 milri
878 1283 981 1357 multi,
1002 1283 1073 1343 alios
1090 1307 1134 1344 me
1153 1287 1279 1347 interro-

94 1400 155 1459 gare,
168 1384 253 1464 ipsum
269 1403 336 1442 vero
352 1382 387 1441 de
402 1381 486 1440 nulla
503 1403 533 1439 re
546 1382 731 1462 respondere,
753 1383 820 1470 quia
835 1382 913 1440 nihil
922 1381 1042 1440 babeam
1050 1384 1127 1461 quod
1136 1385 1280 1466 sapienter

93 1479 265 1558 respondeam,
287 1501 353 1540 vere
372 1479 512 1556 objiciunt
532 1479 587 1538 illi.
630 1481 733 1538 Caussa
760 1493 853 1539 autem
872 1482 913 1538 rei
937 1479 1006 1538 haec
1025 1495 1094 1540 estz-
1113 1485 1280 1564 parturian-

94 1574 152 1634 tibus
167 1599 323 1656 succurrere
340 1579 416 1636 Dcus
436 1598 480 1635 me
504 1578 597 1656 cogit,
628 1599 761 1657 generare
789 1577 955 1659 prohibuit:
987 1583 1049 1636 'sum
1076 1579 1136 1659 ipse
1162 1581 1281 1661 quidem
1297 1586 1316 1617 ”·

92 1694 137 1732 ιιι
158 1696 319 1758 magnopere
347 1676 477 1756 sapiens:
507 1696 599 1754 neque
626 1690 667 1765 est
695 1676 766 1734 mihi
796 1676 889 1734 ullum
913 1677 1025 1755 sapiens
1048 1678 1219 1753 inventum,
1242 1700 1280 1741 ex

92 1771 166 1832 animo
192 1796 251 1833 meo
284 1787 400 1851 natum,
441 1775 492 1850 qui
518 1795 585 1833 vero
612 1773 817 1852 colloquuntur
846 1794 975 1847 mecum,
1008 1775 1132 1855 primum
1163 1778 1281 1856 quidem

92 1867 218 1947 videntur,
247 1873 386 1931 nonnulli
416 1894 475 1931 non
501 1871 634 1946 solertes,
659 1870 687 1950 l)
715 1873 766 1930 alii
794 1892 928 1952 perquam
954 1871 1025 1931 adeo
1052 1873 1154 1949 rudes',
1184 1897 1282 1937 omnes

93 1979 179 2044 autem,
197 1970 369 2050 procedente
389 1993 442 2029 usu
457 1984 484 2028 ct
498 1969 723 2044 consuetudine,
738 1970 843 2048 quibus
858 1968 980 2048 quidem.
991 1971 1067 2029 Deus
1077 1973 1283 2047 favet,mirum

58 2078 62 2121 t
93 2064 228 2128 immodum
247 2068 446 2148 proficientes,
468 2069 510 2126 uti
534 2082 561 2126 et
580 2067 764 2148 sibimetipsis
779 2082 807 2126 et
825 2069 943 2127 caeteris
961 2068 1108 2128 videntur.
1136 2068 1171 2128 Id
1188 2085 1282 2130 autem

92 2159 175 2253 liquet,
193 2188 209 2225 a
225 2188 270 2225 me
286 2167 352 2225 illos
371 2166 448 2225 nihil
469 2187 595 2244 unquam
613 2167 767 2240 didicisse,
789 2165 839 2224 sed
858 2166 933 2246 ipsos
951 2187 1002 2246 per
1016 2168 1179 2248 semetipsos
1192 2169 1283 2228 multa

92 2264 255 2339 etpraeclara
274 2265 419 2323 invenisse
438 2278 521 2343 atque
541 2266 573 2322 ιιι
600 2285 628 2322 se
658 2264 763 2324 babere
788 2263 954 2323 recondita:
976 2264 1216 2325 obstetricationis
1234 2288 1282 2325 au·

86 2368 134 2437 Μ]
156 2362 238 2422 Deum
261 2377 290 2421 et
307 2383 350 2420 me
373 2375 617 2421 auctorem-esse:
640 2362 716 2440 quod
735 2362 805 2421 hinc
834 2363 956 2420 maxime
981 2377 1067 2442 patet.
1109 2362 1198 2422 Multi
1222 2365 1283 2442 jam

92 2450 134 2513 ιιι
143 2459 300 2538 ignorantes
328 2475 356 2519 ct
383 2460 547 2540 semetipsos
568 2460 766 2541 increpantes,
788 2481 832 2517 me
860 2474 953 2518 autem
982 2475 1214 2537 contemnentes,
1235 2462 1284 2524 vel

58 2620 62 2633 ,-
92 2549 133 2630 ipsi
153 2579 198 2638 per
226 2579 303 2633 sese,
324 2558 372 2620 vel
401 2559 437 2616 ab
466 2558 531 2618 aliis
559 2557 696 2631 adducti,
717 2559 822 2631 citius,
842 2579 927 2637 quam
954 2579 1006 2637 par
1032 2573 1109 2632 erat,
1130 2561 1282 2620 abierunt:

58 2674 64 2731 ι
92 2657 167 2714 moti
184 2672 277 2716 autem
294 2679 309 2715 a
327 2679 390 2731 me,
411 2678 476 2715 curn
494 2670 669 2716 caeterorum
684 2671 800 2736 propter
813 2676 930 2736 pravam
950 2657 1187 2716 consuetudinem
1203 2659 1284 2716 abor·

58 2768 62 2797 2
91 2756 136 2808 lun
151 2755 295 2829 lecerunt,
316 2769 446 2829 tumea,
467 2776 539 2833 quae
558 2776 608 2834 ego
626 2753 789 2813 obstetricia
812 2774 864 2834 ope
885 2773 920 2809 ex
942 2753 977 2810 iis
999 2753 1191 2835 protuleram,
1212 2756 1285 2814 male

90 2841 175 2912 alentes
199 2853 409 2934 perdiderunt,
441 2852 512 2911 falsa
542 2865 570 2910 et
595 2852 747 2911 simulacra
780 2851 872 2931 pluris
901 2851 1056 2925 habentes,
1086 2873 1171 2930 quam
1199 2875 1284 2914 vera:

89 2946 236 3029 tandemque
256 2951 287 3008 hi
309 2964 336 3009 et
356 2950 541 3030 sibimetipsis
565 2964 593 3008 et
610 2950 738 3008 caeteris
760 2948 846 3008 rudes
870 2951 925 3010 visi
947 2964 1022 3008 sunt.
1064 2951 1192 3023 Quorum
1211 2973 1287 3012 unus

86 3035 130 3103 luit
153 3047 289 3108 Aristides
318 3048 481 3127 Lysimachi
511 3048 606 3122 filius,
627 3062 688 3106 tum
715 3047 850 3127 permulti
879 3033 962 3106 alii:¹
978 3070 1116 3127 quorum,
1145 3050 1286 3128 siquando

83 3132 189 3206 redeunt
216 3145 254 3206 ad
282 3167 326 3203 me
335 3159 531 3226 ,expetentes
558 3167 721 3224 congressus
742 3166 816 3204 meos
837 3160 939 3224 atque,
961 3160 992 3205 ut
1020 3146 1187 3223 obtineant,
1208 3150 1286 3209 nihil

80 3251 132 3301 11(ιιι
155 3244 322 3318 molientes,
354 3244 507 3319 ponnullis
530 3265 622 3301 meum
648 3265 691 3302 me
716 3244 898 3304 daemonium
925 3245 1020 3329 adesse
1048 3240 1199 3325 plohibet,
1220 3248 1286 3307 aliis

76 3339 155 3401 sluit:
173 3343 206 3401 'hi
234 3356 328 3401 autem
352 3356 413 3400 tum
437 3343 575 3401 continuo
595 3341 751 3422 proficiunt
778 3343 883 3402 denuo.
925 3344 986 3403 Hoc
1017 3365 1084 3403 vero
1112 3346 1196 3402 etiam
1221 3367 1286 3404 cum

70 3439 295 3501 Parumientibus
314 3441 446 3499 foeminis
468 3462 616 3499 commune
639 3440 776 3516 habent,
788 3442 837 3520 qui
857 3463 902 3499 me
930 3454 1068 3500 utuntur:
1090 3444 1188 3524 parties
1207 3445 1285 3504 dolo·

66 3521 149 3596 ribus
175 3536 309 3596 laborant
336 3552 363 3596 et
391 3552 487 3596 noctes
506 3538 640 3616 diesque,
667 3540 754 3618 magis
776 3541 861 3597 etiam
881 3560 965 3617 quam
985 3539 1071 3614 illae,
1093 3543 1287 3603 anxietatibus

62 3631 233 3706 replentur:
255 3636 307 3693 bos
325 3650 419 3703 autem
438 3636 550 3695 dolores
571 3658 616 3694 ars
635 3657 695 3695 mea
710 3651 737 3695 et
757 3638 881 3695 excitare
900 3651 991 3716 potest
1011 3652 1038 3696 et
1056 3638 1162 3698 sedare.
1189 3643 1286 3721 'Atque

58 3727 101 3780 ¹¹³
125 3733 267 3812 quidem
259 3735 306 3791 isti
326 3754 354 3792 se
374 3733 498 3793 habent·
491 3734 679 3813 ,aliquando
701 3756 785 3810 vero,
807 3735 1007 3809 oTheaetetc,
1029 3736 1052 3794 si
1068 3738 1117 3816 qui
1137 3739 1208 3797 mihi
1227 3762 1286 3798 non

58 3829 127 3884 ωδε
147 3845 333 3912 praegnantes
354 3832 509 3908 videntur,
532 3834 624 3893 sciens
648 3854 697 3914 ego
723 3782 800 3892 nibil
820 3854 864 3890 me
889 3833 925 3897 iis
942 3832 1075 3913 prodesse
1101 3857 1200 3916 posse,
1221 3837 1286 3895 aliis

58 3927 109 3974 ²⁰⁸
143 3929 282 3990 benevole
304 3929 491 4010 despondeo,
518 3945 564 4006 et,
595 3932 674 4010 qaod
698 3954 758 3990 non
784 3933 846 3990 sine
875 3932 928 3989 Dei
959 3934 1077 3991 numine
1107 3933 1189 4008 dico,
1219 3934 1286 3993 satis

58 4044 322 4078 X*—
1000 4044 1002 4049 .

62 4197 74 4209 q,
92 4117 131 4189 ¹)
151 4130 243 4181 lbeaet.
268 4127 325 4179 150.
346 4128 376 4178 Ι).
411 4117 439 4180 οἱ
461 4115 489 4181 δ’
511 4118 578 4198 ἐμοὶ
598 4114 811 4200 ξιγγιγιόμινοι
838 4117 875 4182 ιιι
896 4118 952 4200 μὲν
978 4122 1095 4204 πρῶτον
1122 4121 1284 4204 φαίνονται,

61 4224 138 4282 a'tur
158 4221 213 4302 μὲν
233 4221 282 4283 καί
302 4217 377 4282 πάνυ
399 4218 542 4301 α’μαθεῖς,
564 4219 668 4297 πάντες
690 4221 724 4283 dd
742 4274 773 4281 -
796 4234 930 4287 Excidisse
950 4236 1065 4311 nonnihil
1084 4237 1193 4311 videtur.
1218 4239 1285 4289 For·
1310 4231 1315 4243 ’
1342 4286 1345 4291 ,

67 4323 139 4387 lasse
156 4337 260 4403 scripsit
282 4343 371 4385 auctor
395 4321 462 4387 ἔνιοι
489 4322 543 4404 μὲν
570 4320 621 4386 οὐκ
643 4321 798 4404 εὐμαθεῖς,
822 4321 901 4388 ἄλλοι
924 4324 959 4388 δὲ
978 4327 1026 4389 καὶ
1047 4322 1122 4389 πάνυ
1144 4323 1285 4408 ἀμαθεῖς,

74 4417 171 4502 πάντες
193 4424 227 4487 tle*
243 4468 274 4475 —
293 4436 335 4486 Sic
352 4439 425 4505 verti.
