2796 5048
635 230 693 287 1129

57 392 160 478 dth,
181 388 315 472 λέγωμεν
336 386 377 464 aig
399 391 485 450 τοῦτο
511 382 573 449 οἷον
599 390 630 451 ἓν
657 384 807 470 ὀρθότατ’
833 386 1101 469 lv'olrnmolpia'
1123 388 1160 453 dr
1179 396 1240 456 τῶν
1266 395 1298 457 ἐν

55 497 98 582 τῇ
113 495 265 575 ξυμμίξει·
285 493 332 555 καὶ
359 489 408 554 lui
430 492 520 554 τοῦτο
543 486 583 567 ὠς
608 487 754 574 o‘yoltrir
771 488 820 566 dr,
849 486 988 573 τοιαύτην
1012 488 1107 576 αὐτήν
1137 494 1295 577 γεγονέναι,

56 602 164 679 quodsi
193 602 336 657 bonum
360 620 418 655 nort
440 604 502 654 und
527 619 686 676 pessumus
705 605 799 674 speeie
829 598 960 654 concredo
990 609 1129 676 assequi,
1147 623 1208 658 urio
1227 625 1295 660 euru

55 699 523 778 tribus,pulcrt‘tudine,
551 697 872 774 aequabilitate
898 705 926 752 et
946 707 1295 777 varitatecontpre-

56 800 235 868 terebatis,
256 799 394 854 dicemus
405 842 412 868 ,
432 797 466 853 id
486 805 632 871 terrqteem
646 815 739 850 uuum
760 803 841 852 recle
861 795 1079 855 israhelituros
1098 820 1159 856 esse
1179 821 1296 873 eorum,

56 919 136 976 quae
157 903 191 953 in
211 901 420 953 commistione
440 902 531 966 aurel,
547 914 699 966 caussam,
720 899 1017 970 constructionemque
1032 913 1089 970 per
1107 896 1172 970 ltoe,
1188 906 1294 976 quippe

55 1000 186 1069 Marum,
206 995 298 1051 telem
309 994 390 1069 fieri
409 1001 505 1069 ipsam
530 990 568 1069 1).

99 1093 182 1153 Talis
201 1093 232 1150 in
254 1090 393 1164 Philebo,
427 1091 450 1147 si
472 1088 544 1169 qnid
566 1087 653 1147 video
664 1135 672 1162 ,
702 1089 908 1170 disputationis
927 1089 999 1148 ratio
1017 1111 1050 1148 ac
1069 1094 1227 1171 progressio
1244 1109 1296 1155 est.

56 1192 240 1252 Fallerenrur
269 1202 363 1248 autem
390 1189 605 1267 maximopere,
636 1188 660 1244 si
681 1186 757 1271 hanc
779 1209 831 1246 nos
856 1187 1063 1268 disputationis
1081 1190 1298 1252 conclusionem

57 1289 285 1350 fundamentum
307 1307 366 1345 esse
388 1286 553 1344 habendam
574 1283 775 1365 philosophiae
796 1285 960 1344 Platonicae
981 1286 1097 1345 moralis
1117 1290 1299 1349 existimare-

58 1410 136 1448 mus.
178 1384 330 1460 Quaesivit
350 1384 505 1444 dialectici
536 1383 696 1443 subtilitate
723 1383 933 1464 philosophus,
955 1383 1028 1462 quid
1045 1385 1241 1461 judicandum
1261 1389 1299 1448 de

59 1484 271 1547 summobono
294 1483 355 1542 sive
376 1482 413 1540 de
436 1484 493 1541 vita
516 1482 622 1561 optima
650 1479 806 1541 videretur.
849 1481 1017 1559 Cujusmodi
1043 1482 1300 1562 disquisitionum,

59 1583 206 1664 siquidem
224 1595 300 1639 recte
321 1580 375 1639 hoc
398 1581 515 1639 nomine
536 1582 761 1653 disquisitiones
781 1579 937 1653 dicantur,
958 1580 1087 1639 incertus
1100 1582 1161 1642 fere
1178 1600 1300 1645 eventus

59 1698 113 1743 est.
156 1682 256 1758 Itaque
274 1678 307 1737 in
317 1676 470 1758 sophista,
491 1692 522 1737 ut
533 1676 678 1751 vidimus,
695 1675 836 1751 Socrates,
847 1698 913 1736 cum
928 1678 1085 1758 sophistam
1104 1680 1301 1763 investigaret,

58 1778 269 1864 philosophum
288 1774 483 1856 deprehendit
504 1773 545 1854 2).
577 1776 650 1834 Nam
671 1773 740 1833 duci
761 1795 791 1832 se
811 1774 975 1854 patiebatur
992 1791 1111 1850 auctor,
1128 1800 1301 1861 quocunque

59 1883 178 1962 ipsum,
200 1888 231 1934 ut
251 1876 291 1933 ait
311 1872 360 1953 3),
381 1876 485 1933 mentis
506 1873 769 1954 disputationisquc
788 1873 931 1953 impetus,
953 1888 1090 1953 tanquam
1112 1879 1300 1951 ventuS‚ler·

59 1992 114 2037 ret.
158 1978 337 2053 Quamquam
358 1985 543 2045 constanter,
564 1992 616 2051 pro
637 1970 705 2029 talis
725 1971 838 2049 ingenii
860 1972 989 2050 impetu,
1011 1972 1301 2052 cotendebat,quod

59 2076 109 2138 vel
132 2094 233 2136 rerum
254 2071 302 2130 vel
332 2091 397 2149 curn
419 2090 488 2127 vero
517 2071 707 2145 conjunctum
728 2082 798 2126 erat.
840 2069 938 2147 Itaque
961 2068 1027 2142 hle,
1055 2069 1087 2127 in
1108 2073 1210 2129 summi
1230 2072 1301 2132 boni

59 2173 284 2252 disquisitione,
306 2169 423 2241 evenit,
447 2180 477 2225 ut
499 2167 530 2226 in
546 2165 713 2243 hujusmodi
738 2165 972 2239 conclusionem,
991 2187 1064 2246 quae
1088 2189 1147 2227 non
1168 2168 1303 2229 abhorret

59 2271 182 2351 quidem
201 2268 239 2327 ab
260 2271 321 2342 ejus
338 2266 510 2346 principiis,
531 2285 583 2324 nec
610 2278 706 2323 tamen
722 2264 853 2322 continet
873 2264 992 2336 haecce,
1014 2263 1067 2322 sub
1087 2264 1175 2325 linem
1194 2266 1302 2347 dialogi

61 2367 217 2429 incideret.
265 2364 510 2425 Exercitationem
539 2363 658 2422 omnino
682 2360 866 2420 dialecticam
894 2361 1033 2420 Philebus
1060 2364 1211 2439 continet,
1241 2387 1302 2425 non

60 2468 176 2528 ethicae
195 2464 360 2523 Platonicae
381 2461 441 2520 sire
472 2459 743 2530 fundamentausive
769 2458 941 2519 doctrinam.
983 2459 1022 2518 Et
1042 2460 1083 2518 sic
1103 2461 1221 2539 quidem
1239 2463 1303 2522 Pla·

61 2580 111 2639 to,
131 2562 211 2643 quod
230 2561 322 2642 ipsius
340 2558 541 2639 philosophiae
560 2559 709 2638 proprium
729 2571 789 2629 est,
810 2558 843 2615 in
865 2555 1029 2616 scribendis
1047 2570 1105 2615 tam
1123 2561 1303 2640 metaphysi-

62 2664 106 2722 cis
127 2661 206 2718 hisce
217 2705 225 2734 ,
247 2679 332 2737 quam
352 2655 515 2731 dialecticis
533 2655 674 2735 dialogis,
697 2655 871 2734 procedere,
893 2654 1145 2735 appropinquare,
1166 2657 1303 2717 accedere

60 2760 100 2820 ad
128 2779 228 2821 verum
253 2755 384 2829 studuit,
405 2766 564 2813 assecutum
583 2774 612 2811 se
637 2751 712 2810 illud
733 2773 793 2811 esse
815 2753 847 2810 in
871 2750 1030 2817 subtilibus
1050 2751 1218 2829 hujusmodi
1239 2755 1303 2815 dis-

61 2856 266 2941 putationibus
284 2872 425 2931 nusquam
452 2852 597 2931 prolessus
615 2865 665 2910 est.
708 2852 817 2909 Iterum
836 2851 873 2910 de
891 2850 961 2909 boni
984 2848 1067 2922 idea,
1085 2849 1136 2909 sed
1156 2852 1214 2909 alia
1234 2853 1303 2913 lon-

61 2977 154 3037 geque
174 2952 290 3012 diversi
310 2951 421 3009 ratione
441 2944 604 3027 quaesivit,
623 2970 711 3026 quum
734 2950 854 3007 educere
875 2948 912 3007 ad
933 2947 991 3006 veri
1020 2947 1171 3007 scientiam
1188 2953 1304 3013 futuros

63 3056 105 3113 rei
130 3051 266 3133 publicae
292 3062 415 3107 rectores
444 3046 608 3105 institueret
629 3046 670 3125 lt).
713 3048 788 3104 Tum
808 3068 876 3106 vero
899 3045 1015 3126 negavit
1042 3043 1133 3121 adeo,
1160 3048 1256 3129 ipsum
1274 3072 1303 3110 se

62 3153 112 3211 bo
125 3175 143 3209 n
155 3172 172 3207 u
183 3171 211 3206 m
228 3147 405 3207 traditurum
416 3165 489 3218 esse,
510 3158 660 3203 contentos
680 3166 732 3204 nos
749 3164 808 3202 esse
821 3144 949 3222 jubens,
961 3143 985 3201 si
1004 3135 1108 3218 tristor,
1129 3146 1152 3204 si
1163 3167 1204 3227 pr
1213 3147 1303 3207 olem

62 3250 107 3309 bo
120 3248 160 3307 ni
181 3264 428 3325 consequeremur.
471 3241 507 3300 In
518 3241 627 3301 talibus
645 3242 706 3302 sive
726 3241 985 3324 disceptationibus
1005 3245 1067 3305 sive
1088 3246 1301 3305 exercitationi·

63 3350 121 3407 bus
141 3344 303 3405 dialecticis
321 3341 452 3402 diversas
477 3338 640 3399 identidem
666 3340 858 3423 philosophus
885 3343 1046 3420 quaerendi
1078 3342 1140 3401 vias
1158 3343 1304 3421 ingressus

62 3459 126 3520 est,
145 3465 202 3524 quo
231 3441 350 3523 propius
381 3436 540 3515 aliquando
560 3438 597 3496 ad
628 3438 760 3497 idearum
786 3451 934 3514 naturam,
954 3440 992 3498 ad
1009 3440 1069 3519 ipsa
1087 3431 1125 3497 tei
1147 3431 1220 3498 ὄντα
1240 3462 1303 3523 per-

65 3544 192 3606 veniret.
235 3538 320 3613 Quod
333 3535 417 3596 nobis
433 3532 521 3593 debet
531 3532 680 3611 sufficere,
696 3556 762 3593 nam
772 3535 886 3613 exigere
898 3535 934 3593 ab
949 3534 1066 3594 homine
1076 3583 1085 3612 ,
1094 3538 1172 3618 quod
1181 3538 1303 3598 humani

65 3641 179 3721 ingenii
200 3637 365 3696 facultatem
387 3643 520 3714 superet,
541 3653 602 3690 non
618 3631 718 3691 decet:
737 3630 903 3690 laudandus
925 3633 956 3691 in
978 3632 1024 3691 his
1045 3634 1097 3694 ille
1112 3638 1236 3696 maxime
1251 3649 1302 3730 est,

63 3740 118 3821 qui
139 3760 155 3796 a
174 3737 296 3799 veritate
316 3732 396 3792 abest
416 3729 559 3812 proxime.

106 3839 294 3897 Rementem
316 3830 401 3890 nobis
430 3826 577 3888 declarare
607 3826 820 3906 quodammodo
847 3830 1038 3889 recentiorum
1065 3830 1303 3914 philosophorum

102 4160 130 4224 1)
148 4163 239 4213 l’ltt'leb.
258 4160 300 4212 (ill.
318 4159 346 4207 Ι).
366 4183 400 4192 -
417 4153 459 4204 65.
478 4155 509 4206 Α.
529 4155 567 4206 Cf.
586 4159 615 4207 de
633 4158 694 4225 Rep.
713 4156 754 4207 Vl.
768 4154 829 4210 486.
846 4156 873 4207 D.

101 4245 129 4307 2)
147 4249 224 4298 lollio
242 4263 267 4313 p.
285 4243 350 4307 260,
369 4239 428 4293 267.

103 4332 131 4397 3)
150 4334 187 4383 De
204 4333 266 4399 llep.
284 4329 328 4380 ΙΙΙ.
347 4326 405 4378 394.
425 4325 457 4376 D.

103 4412 398 4481 omnmo
