2796 5048
637 221 692 281 157

58 383 569 469 mequeincalescereseincendique
579 382 760 457 sentiebant,
779 381 832 462 qui
849 378 1021 457 adstabant,
1042 379 1200 441 audientes.
1221 380 1288 451 Ita,

58 508 102 569 pre
119 483 318 547 commovebat
340 483 394 542 hac
415 482 578 560 eloquentia
603 482 749 540 civitatem
773 479 994 540 Atheniensium
1014 494 1121 555 totam,
1150 485 1197 556 et,
1218 503 1277 541 una

58 606 110 647 :nra
128 584 183 643 hac
194 629 204 659 ,
228 596 316 642 totam
345 583 408 640 fere
433 580 591 640 Graeciam.
633 580 704 638 Nam
732 580 877 658 quiescere
902 600 985 641 nemo
1011 591 1139 659 poterat,
1161 580 1212 659 qui
1236 579 1277 639 sic

58 698 124 745 ntus
142 680 343 754 afficiebatur,
364 681 404 738 sic
424 678 517 738 oculis
537 679 597 736 fere
617 676 737 740 videbat
759 678 879 757 pessime
901 697 930 735 se
949 678 1037 758 egisse
1056 677 1206 752 socordia,
1236 679 1276 737 sic

58 802 101 843 Ιο
118 794 236 863 pectore
256 793 285 838 et
304 780 413 859 patriae
432 798 526 837 amore
547 790 575 835 et
593 775 806 857 praeclarorum
823 776 985 834 facinorum
1002 775 1100 837 studio
1117 775 1277 837 inflamma·

58 894 139 941 attur.
177 879 242 952 Quo
261 879 371 936 factum
381 922 390 951 ,
411 890 443 935 ut
463 875 540 934 solus
558 873 762 934 Demosthenes
780 873 840 933 sola
860 872 1040 951 eloquentiae
1057 875 1194 934 facultate
1211 874 1280 956 plus

58 996 96 1041 Ιι·
112 975 279 1058 complures
296 996 389 1035 annos
412 971 533 1063 efficere,
544 972 582 1033 ad
604 970 742 1032 tuendam
761 985 790 1030 et
807 971 980 1031 servandam
998 970 1166 1049 Graeciam,
1193 994 1279 1053 quam

58 1074 83 1137 d
98 1074 275 1137 domandam
295 1073 449 1153 Philippus
467 1073 589 1146 astutia,
611 1070 703 1145 dolis,
722 1071 876 1150 praemiis,
902 1070 1037 1150 pecuniis
1046 1116 1067 1145 ,.
1082 1071 1259 1131 exercitibus
1268 1116 1278 1146 ,

58 1172 186 1235 lancibus
203 1172 358 1233 diceretur.
400 1170 510 1245 Quodsi
533 1172 594 1248 jam
611 1171 667 1243 sit,
687 1170 737 1247 qui
757 1183 893 1248 quaerat,
915 1168 991 1228 unde
1017 1168 1088 1230 haec
1114 1169 1218 1231 divina
1241 1170 1280 1230 sit

58 1292 81 1331 n
94 1270 287 1333 Demosthene
304 1269 424 1329 dicendi
441 1269 487 1329 vis
505 1283 533 1327 et
548 1269 671 1329 facultas
689 1266 862 1348 repetenda,
876 1267 933 1327 sibi
949 1288 1011 1327 eam
1029 1267 1131 1329 debuit
1150 1270 1280 1350 profecto

58 1384 191 1431 ustorum
211 1370 367 1450 princeps,
394 1380 425 1426 ut
446 1365 502 1426 sibi
532 1386 629 1427 omnes
652 1365 760 1426 debent
788 1366 963 1426 excellentes
992 1367 1048 1428 viri
1078 1366 1281 1428 excellentiam

59 1488 153 1527 amm.-
175 1481 222 1541 et,
244 1466 301 1525 nisi
321 1466 362 1524 sic
382 1467 436 1523 ille
454 1479 538 1525 natus
556 1465 595 1524 ad
615 1460 808 1543 eloquentiam
827 1465 945 1539 fuisset,
968 1478 1000 1524 ut
1019 1466 1076 1524 fuit
1094 1465 1132 1525 ad
1150 1465 1282 1547 philoso-

59 1564 150 1647 phiam
165 1565 309 1638 Socrates,
327 1578 437 1624 tantam
455 1560 561 1623 habere
578 1564 610 1621 in
628 1562 838 1644 rempublicam
858 1563 936 1637 vim,
957 1578 1094 1643 quantam
1111 1566 1161 1623 hic
1178 1562 1282 1625 hahuit

61 1663 300 1746 inphilosophiae
319 1663 432 1737 studia,
454 1684 515 1721 non
529 1663 676 1743 potuisset.
713 1660 771 1720 Sed
794 1661 903 1720 Socrati
920 1661 1023 1721 debuit
1041 1663 1180 1722 orationis
1196 1663 1283 1723 disci·

63 1760 202 1843 pliuaeque
222 1760 404 1841 exemplum,
435 1781 491 1839 qua
518 1779 576 1817 una
602 1757 814 1833 efficacissime,
844 1759 1018 1840 quidquid
1009 1775 1089 1820 intus
1111 1762 1144 1821 in
1163 1761 1284 1845 homirqe

66 1872 114 1935 rat,
129 1861 299 1933 suscitatur,
325 1858 459 1938 idemque
477 1857 516 1916 ad
535 1857 588 1916 hoc
607 1858 769 1939 exemplum
795 1857 912 1918 ridetur
936 1859 1097 1918 naturalem
1126 1844 1283 1939 eloquendi

66 1946 215 2029 fatulmtem
233 1957 360 2031 acuisse,
382 1955 539 2016 excoluisse
560 1969 588 2015 et
604 1977 671 2016 vero
692 1957 744 2015 uni
763 1955 931 2016 adhibuisse
947 1957 1126 2038 reipublicae
1145 1958 1241 2019 saluti.

101 2057 156 2117 Non
175 2057 305 2115 imitatus
323 2054 449 2114 dicendo
469 2068 509 2112 est
534 2055 594 2115 sive
616 2052 760 2113 Socratem
785 2056 846 2117 sive
873 2055 1021 2115 Platonem
1044 2071 1187 2117 oratorum
1209 2070 1282 2117 sum·

69 2170 132 2233 turs:
150 2155 180 2215 id
198 2155 231 2213 in
262 2167 373 2213 tantum
392 2152 542 2232 ingenium
563 2175 623 2212 non
650 2152 771 2213 cadebat
783 2178 791 2231 ;
824 2153 875 2214 sed
895 2152 973 2234 quod
999 2154 1191 2236 colloquendo
1218 2176 1284 2216 cum

65 2246 205 2323 juvenibus
222 2253 255 2311 in
276 2252 405 2333 ipsorum
424 2251 528 2310 animis
551 2251 680 2311 effecerat
701 2252 848 2329 Socrates,
870 2267 902 2313 ut
924 2253 1002 2335 apud
1020 2244 1182 2314 Platonem¹
1197 2276 1283 2338 repc-

69 2345 160 2425 riehat,
186 2351 220 2410 id
238 2351 306 2426 ille,
329 2349 376 2408 his
394 2349 464 2430 ipsis
483 2349 611 2408 imbutus
628 2349 788 2410 Socraticae
809 2350 983 2433 disciplinae
1002 2353 1174 2434 principiis,
1192 2376 1282 2433 quum

71 2443 102 2505 td
112 2447 264 2509 dicendum
282 2469 310 2506 se
326 2446 468 2522 dedisset,
484 2448 516 2506 in
534 2449 661 2508 universi
681 2449 782 2535 populi
798 2451 903 2509 animis
919 2448 1063 2509 efficiebat
1079 2464 1190 2531 sponte.
1211 2452 1282 2513 Erat

68 2536 110 2615 lut
132 2561 225 2608 autem
262 2546 422 2627 ejusmodi,
448 2559 479 2604 ut
504 2545 626 2626 puderet
651 2546 801 2606 audientes
825 2549 1005 2628 ignorantiae
1034 2562 1118 2626 atque
1136 2550 1282 2611 socordiae

73 2656 138 2720 ture,
151 2666 279 2724 quaeque
296 2645 424 2725 generosi
434 2642 553 2725 pudoris
569 2646 663 2705 visest
671 2691 679 2720 ,
691 2645 887 2706 excitarentur
906 2646 1023 2708 virtutis
1033 2645 1148 2720 studio,
1164 2648 1282 2727 ipsoque

73 2731 225 2804 hoc-studio
242 2743 280 2802 ad
305 2742 451 2824 praeclara
475 2743 657 2822 suscipienda
683 2744 811 2803 facinora
835 2744 1058 2804 adducerentur.
1100 2743 1284 2826 Spectaverat

73 2830 208 2923 disciplina
234 2841 378 2901 Socratica
403 2840 604 2914 honestatem,
634 2843 863 2917 verecundiam,
894 2841 1121 2917 liberalitatem,
1145 2845 1282 2920 omnino,

74 2938 134 3009 quod
149 2938 294 3022 appellare
308 2940 432 3016 solebat,
452 2931 489 2999 τό
507 2931 610 3000 ualde·
631 2941 734 3023 quodsi
744 2940 863 3021 legimus
872 2940 1107 3017 Demosthenem,
1122 2942 1175 3003 vix
1192 2942 1282 3003 ullam

74 3026 260 3097 doluerimus
289 3040 465 3116 orationem,
490 3043 563 3121 quin
594 3043 778 3122 nosmetipsos
806 3040 962 3126 sentiamus
989 3038 1085 3120 pulcri
1112 3039 1283 3121 honestique

75 3144 148 3194 more
163 3136 371 3196 inflammatos:
394 3139 472 3219 quod
488 3155 516 3200 et
534 3142 653 3201 sensisse
671 3155 779 3201 veteres
799 3138 937 3200 videntur
947 3183 956 3213 ,
977 3158 1042 3196 cum
1068 3159 1114 3197 eas
1136 3138 1281 3219 legerent,

75 3232 225 3294 lltaussam
245 3233 411 3296 habuerunt
429 3239 475 3299 vis
490 3238 573 3298 illius
590 3254 617 3301 et
638 3236 816 3298 efficacitatis
835 3234 1013 3319 stupendae,
1033 3257 1118 3315 quam
1144 3239 1204 3316 ejus
1224 3238 1280 3299 clo·

76 3333 203 3401 quentia
195 3355 228 3391 ιιι
252 3333 488 3411 Athenienses,
480 3359 513 3397 ιιι
534 3339 610 3418 ipsos
636 3338 707 3397 adeo
732 3336 885 3396 Thebanos
905 3333 1018 3394 habuit
1060 3336 1213 3395 Panaetius
1240 3339 1281 3396 sic

74 3437 170 3509 ⁸tpptas
188 3452 256 3490 ¹esse
276 3431 425 3512 plerasque
448 3437 509 3514 ejus
527 3437 669 3496 orationes
695 3434 918 3508 animadvertit,
941 3455 981 3505 ως
1001 3425 1096 3510 μόνον
1117 3434 1172 3494 τοῦ
1192 3434 1283 3497 κολοῦ

75 3514 240 3588 Miluo
209 3530 329 3590 ιιιοετοῦ
351 3526 449 3609 ὄντος,
472 3547 507 3594 ut
534 3544 587 3616 qui
614 3537 770 3608 decernat,
790 3534 946 3592 honestum
970 3546 1097 3612 propter
1125 3559 1154 3594 se
1181 3546 1281 3614 ipsum

74 3639 119 3685 tue
131 3633 342 3715 expetendum:
366 3633 395 3715 1)
415 3634 531 3695 duxisse
548 3655 612 3695 eum
634 3634 713 3693 cives
732 3653 767 3690 ov
787 3654 864 3711 προς
889 3626 925 3691 ro*
947 3624 1110 3713 &Utamur
1089 3658 1107 3715 η
1130 3655 1239 3718 ριιοτον
1259 3662 1278 3717 η

72 3716 300 3804 Ᾱιοιτιλέοτιιτον,
328 3757 386 3793 aron
405 3735 445 3791 ad
464 3735 514 3806 id,
536 3734 611 3811 quod
630 3742 685 3790 aut
696 3735 976 3810 jucundissimum,
998 3747 1054 3793 cut
1064 3739 1279 3812 facillimum,

70 3838 113 3886 «ut
128 3833 325 3890 utilissimum
345 3844 437 3906 esset,
459 3824 531 3890 oillei
552 3830 703 3911 πολλαχοῦ
723 3825 778 3912 vir
798 3825 958 3913 depelletur
983 3832 1031 3894 καὶ
1052 3857 1107 3916 την
1129 3857 1281 3917 oartqptuv

68 3918 141 3989 οἴεται
168 3929 230 3989 δεῖν
258 3927 290 3989 ἐν
319 3925 443 4016 δευτέρᾳ
464 3926 542 4003 τάξει
572 3933 627 3994 τοῦ
654 3933 745 3995 καλοῦ
765 3937 914 3997 ποιεῖσθαι
944 3935 993 3997 καὶ
1022 3937 1075 3999 τοῦ
1104 3934 1281 4019 πρέποντος,

64 4021 106 4091 ted
121 4033 284 4091 identidem
303 4042 496 4094 accumulem
513 4048 601 4114 atqua
618 4039 746 4096 sulutem
756 4041 988 4116 postponendum
1003 4051 1102 4100 censet
1114 4042 1230 4099 honesto
1249 4052 1280 4098 et

59 4131 160 4192 decoro.
185 4129 216 4212 2)
238 4131 302 4205 Quo
318 4147 457 4211 quantum
484 4133 609 4196 valuerit
627 4135 705 4216 apud
727 4135 857 4201 homines
875 4139 961 4197 etiam
983 4138 1116 4213 timidos,
1142 4139 1281 4218 ignavos„

58 4282 135 4294 ἔ.
157 4278 179 4287 a
204 4280 307 4288 ...ω-ο...-

76 4352 106 4419 ι)
126 4351 197 4404 rtur.
219 4353 271 4404 aaa
291 4352 358 4404 aaa.
381 4369 407 4402 ο..
426 4327 475 4401 12.

73 4443 94 4495 2
128 4438 194 4489 aaa.
