2774 5048
658 228 713 287 165

105 381 248 445 lminihus
266 387 361 468 parit,
383 407 428 445 ars
453 408 521 446 veru
546 387 686 467 appellari
716 410 782 455 uon
803 401 903 468 potest.
946 393 1008 450 Non
1037 391 1120 463 dico,
1143 389 1219 451 idem
1249 398 1307 449 esse
1375 444 1380 449 .

110 499 150 537 ren
172 486 359 563 coquinariam
379 499 407 544 et
426 485 637 564 eloquentiam,
659 484 709 544 sed
734 484 860 561 ejusdem
887 488 975 547 studii
994 490 1148 570 paniculas
1168 492 1228 569 Q
1246 489 1301 549 aio.

75 650 78 656 .
111 577 195 652 Quodsi
220 585 376 662 quaeritis,
402 585 554 695 cujwam
581 585 642 643 siut
674 582 763 643 studii
792 585 968 664 paniculae,
999 586 1088 679 pudet
1114 570 1237 662 referre,
1268 608 1304 647 ne

111 675 203 761 Gorgiae
220 702 272 762 ego
294 696 383 741 artem
407 702 581 747 cumeorum
610 681 710 743 videar
739 683 848 742 ratione
874 683 977 745 ridere.
1017 687 1108 747 Aorsi
1124 683 1220 747 τοίνυν
1239 706 1305 763 μοι,

111 768 254 859 ullhpylo,
280 772 355 840 alvari
373 803 401 842 τι
423 766 606 862 &tridacna
627 774 760 861 τεχνιῃὶν
780 776 836 857 μὲν
857 776 906 855 οὒ,
929 786 1033 867 ψυχῆς
1054 785 1090 848 δὲ
1111 786 1303 868 στοχαστικῆς

110 876 146 939 tol
158 877 289 971 qivdpsloq
311 881 361 943 troi
388 877 473 964 φύσει
505 882 602 964 δεινῆς
626 885 815 963 προσομιλεῖν
839 886 900 957 τοῖς
927 882 1111 968 ἀνθρώποις·
1139 890 1233 951 aula
1265 885 1305 949 di

110 977 287 1065 oiroddyol
306 979 348 1047 td
369 979 582 1067 κεφάλαιον,
610 983 815 1047 κολακείαν·
847 989 968 1047 videtur
991 993 1069 1051 mita·
1088 980 1152 1050 asad
1171 993 1305 1051 studium

94 1086 243 1167 qudeim,
265 1110 323 1147 nort
353 1091 471 1166 quidem
498 1100 566 1147 orte
592 1099 784 1161 contentum,
806 1089 856 1146 aad
881 1095 999 1167 ingenii
1022 1099 1158 1187 rapacia,
1184 1097 1305 1167 aptique

76 1266 81 1274 Ι
109 1192 197 1243 acturo
211 1195 240 1245 et
251 1193 385 1264 potentii
405 1189 444 1246 ad
456 1162 609 1279 Quum
629 1189 687 1245 sibi
704 1187 945 1273 poametudinenr
965 1190 1197 1247 conciliandam:
1213 1192 1305 1246 ἐνοι-

108 1302 173 1340 mom
188 1294 308 1342 cotem
328 1293 409 1379 ejus
427 1287 746 1362 ettoopueoppello
765 1264 1045 1345 ddulotzoaem.»
1072 1283 1187 1366 l)Hinc
1204 1284 1305 1358 eflicit,

108 1388 192 1440 autum
211 1382 326 1467 apeme,
348 1398 398 1458 ut,
417 1405 489 1462 quae
508 1385 624 1445 summis
641 1385 673 1449 im
693 1383 804 1442 eoelum
828 1381 963 1443 laudibus
981 1384 1072 1442 efferri
1093 1384 1163 1444 solet
1185 1382 1303 1443 dicendi
1345 1383 1352 1401 '

108 1496 159 1552 ars,
175 1477 262 1560 digna
281 1481 328 1541 his
346 1481 483 1541 laudibus
501 1470 555 1556 sit',
578 1496 609 1541 ut
632 1502 669 1540 ue
689 1502 734 1539 ars
758 1478 875 1558 quidem
899 1480 958 1540 dici
988 1481 1090 1541 debeat
1118 1497 1146 1541 et
1174 1502 1242 1541 vero
1266 1479 1303 1547 ad

108 1578 281 1652 gravissimum
300 1582 442 1677 pertineat
459 1579 587 1640 hominis
607 1579 820 1667 detrimentum.
856 1580 928 1637 Nam
946 1578 1051 1657 quidni
1069 1582 1229 1663 pertineat,
1248 1580 1305 1654 ait,

107 1691 154 1731 tum
170 1676 256 1735 studii
274 1698 344 1759 para
361 1680 398 1737 sit
425 1680 555 1741 omnium
575 1678 708 1739 w'lissimi
728 1677 985 1755 abjectissimique,
1010 1678 1217 1739 adulationis?
1236 1678 1304 1737 Fin-

107 1770 149 1847 glt‚
165 1773 207 1834 his
224 1776 265 1835 ita
286 1776 451 1856 explicitis,
472 1763 604 1843 Socrates
621 1777 682 1835 sive
700 1773 807 1855 μῦθον
824 1777 887 1835 sivo
902 1776 1055 1856 apologum
1080 1776 1117 1835 de
1146 1775 1306 1836 adulatoria

92 1862 163 1948 Ἓῆο,
188 1896 243 1952 quo
262 1889 349 1934 totam
368 1877 400 1934 in
421 1876 485 1934 luce
502 1877 588 1955 ponit
602 1875 799 1956 ¹sophistamun
822 1873 1011 1934 calliditatem
1030 1896 1063 1935 ae
1081 1876 1303 1956 perversitatem.

108 1964 187 2031 «Sunt
195 1962 317 2050 quatuor
327 1974 387 2034 sive
402 1989 477 2033 artes
494 1975 555 2033 sive
575 1996 638 2049 res,
661 1976 757 2055 ipquit
767 2020 776 2049 ,
797 1972 883 2032 rebus
899 1972 1033 2031 humanis
1051 1972 1187 2053 perutiles
1205 1986 1232 2033 et
1253 1995 1305 2031 ne-

106 2071 216 2130 marine
225 2117 234 2146 ,
255 2090 376 2150 quarum
394 2071 468 2133 duae
487 2073 614 2154 corpori,
630 2071 704 2131 duae
717 2073 814 2133 animo
833 2056 1028 2152 prospiciunt:
1049 2070 1117 2129 illae
1135 2083 1210 2128 sunt·
1219 2092 1303 2150 gym-

106 2175 201 2226 antica
224 2183 252 2228 et
279 2171 447 2245 nemeina,
477 2158 640 2246 hae,'.illis
670 2165 875 2253 ἀντίστροφοι,
907 2158 1096 2249 legislatoris
1114 2183 1142 2228 et
1152 2176 1303 2246 justitio.-

66 2344 70 2349 .
105 2278 175 2324 unum
192 2281 233 2327 est
253 2267 355 2326 harum
370 2269 500 2341 omnium
515 2290 666 2333 commuue
684 2274 853 2347 consilium,
870 2285 901 2331 ut
918 2258 1063 2341 homiuem
1082 2265 1210 2327 efficiant
1223 2269 1303 2327 omni

104 2374 165 2436 puts
180 2367 337 2446 perlectum
363 2366 591 2447 absolutumque.
634 2370 719 2461 Quod
747 2373 874 2431 sentiens
903 2350 1089 2439 luctatoris,
1109 2364 1188 2453 haud
1211 2367 1303 2425 sciens

104 2458 216 2537 quidem,
241 2484 309 2522 nam
338 2464 415 2523 nihil
435 2465 522 2524 hahet
549 2487 615 2525 cum
644 2454 770 2528 scientia
793 2487 959 2540 commuue,
981 2465 1031 2524 sed
1056 2465 1238 2540 conjectans,
1269 2464 1302 2522 in

104 2571 203 2630 quatuor
221 2577 309 2621 semet
322 2554 417 2643 pites
436 2561 555 2638 divisit,
572 2564 725 2645 induitque
746 2567 795 2625 has
816 2588 859 2625 res
877 2578 1007 2640 artesque
1026 2559 1153 2640 singulas
1163 2607 1171 2634 ,
1192 2574 1223 2619 ut
1243 2580 1302 2618 esse

103 2650 247 2735 siugulatim
266 2661 432 2735 videretur,
453 2682 574 2739 quarum
603 2665 730 2722 omnium
749 2664 871 2743 speciem
892 2671 1067 2718 assumserat.
1108 2659 1151 2716 Ita
1177 2658 1301 2731 accidit,

101 2756 160 2827 quod
177 2781 255 2819 nuuc
274 2754 337 2819 fieri
358 2758 507 2834 videmus,
530 2760 617 2819 utel)
637 2761 803 2821 hominihus
832 2769 1016 2838 usurparetur
1044 2776 1095 2835 pro
1124 2756 1299 2836 gymnastica

96 2848 241 2932 furcata,
261 2878 315 2939 pro
333 2856 478 2943 medicina
497 2868 676 2937 coquinario
693 2861 815 2941 peritia,
834 2860 867 2918 in
896 2856 996 2937 primis
1008 2874 1083 2937 ,vero
1108 2866 1136 2911 et
1162 2850 1199 2911 ad
1228 2872 1300 2913 sum·

101 2962 161 3013 uum
177 2955 303 3016 hominis
319 2953 523 3031 detrimentum
540 2979 593 3038 pro
611 2958 784 3038 legislatoris
805 2956 945 3019 coleretur
966 2944 1134 3034 σοφιστικὴ,
1153 2954 1206 3032 pro
1219 2952 1302 3029 justi·

100 3042 129 3103 a
145 3047 306 3134 latravi»
331 3052 363 3135 2.)

128 3149 183 3217 llac
211 3157 293 3217 alato
316 3154 498 3214 festivissima
523 3152 723 3235 disputatione
737 3148 892 3237 'vulgarem
921 3156 965 3214 sui
994 3155 1058 3215 aevi
1083 3140 1302 3235 perversamque

96 3240 273 3330 eloquentiam
291 3253 479 3335 perstrinxit:
507 3274 560 3313 uec
579 3253 657 3314 vvero
680 3255 810 3335 pepercit
833 3255 865 3312 in
886 3253 984 3313 eodem
1012 3251 1132 3333 dialogo·
1151 3248 1303 3330 superioris

95 3342 167 3411 ‘fiam
191 3354 299 3413 saeculi
323 3350 502 3424 oratoribus,
528 3350 677 3427 Miltiadi,
699 3349 904 3427 Themistocli,
933 3351 1063 3425 (h'moni,
1092 3370 1128 3408 ue
1157 3348 1212 3429 ipsi
1238 3346 1301 3425 qui·

92 3432 149 3507 dem
176 3449 299 3525 Pericli,
330 3470 414 3529 quem
442 3449 475 3508 in
500 3447 629 3509 Phaedro
657 3440 835 3510 laudaverat.
885 3448 970 3525 Quod
996 3463 1027 3508 ut
1049 3446 1154 3524 aliquis
1181 3444 1300 3502 miratur

89 3530 217 3625 l⁰¹¹tasse,
238 3549 434 3625 mirata-certe
453 3568 513 3605 rem
529 3547 686 3625 antiquitas
701 3560 756 3621 est,
777 3549 817 3606 ita
832 3568 999 3626 quaeramus
1019 3565 1133 3604 necesse
1149 3555 1207 3616 est,
1228 3561 1299 3618 quae

86 3638 197 3706 laltdem
216 3645 268 3706 illa
288 3644 453 3725 eloquentia
472 3645 525 3720 sit,
546 3666 651 3724 quam,
672 3643 708 3702 de
736 3645 825 3724 ipsius
853 3624 1014 3718 sententia,
1035 3656 1176 3709 oratorum
1204 3638 1298 3698 adhue

74 3736 219 3824 *fugisset
244 3766 336 3805 nemo.
378 3742 475 3823 Vulgo
495 3742 725 3829 duci-oratorum
744 3743 917 3823 vituperatio
936 3741 1007 3829 illa,
1028 3760 1112 3819 quam
1132 3737 1198 3798 data
1215 3735 1312 3823 opert:

78 3840 261 3903 stationibus
278 3843 416 3909 refutavrt
441 3840 581 3905 Aristides
600 3840 715 3915 rhetor,
737 3846 773 3900 e'x
793 3839 1006 3923 odio,=l'latonis
1024 3839 1060 3898 in'
1074 3837 1206 3918 politicos
1224 3835 1300 3894 viros

75 3924 173 4018 ”¹⁹²3
197 3963 248 4022 ego
263 3961 331 4001 vero
347 3960 406 4001 rem
425 3939 524 4020 paullo
538 3939 624 3998 altius
643 3953 671 3998 et
690 3959 727 3998 ea
747 3940 816 4019 ipsis
830 3936 994 3997 Platonicae
1007 3934 1203 4018 philosophiae
1221 3932 1301 4013 prin·

72 4018 168 4108 eiPiis
186 4054 320 4121 repetam.
368 4039 454 4098 Haud
474 4037 539 4097 aliis
560 4018 693 4116 equidem
720 4039 825 4107 caussis
852 4034 967 4111 tribuo,
988 4035 1065 4115 quod
1088 4029 1299 4115 praestantissi-

69 4130 146 4196 ¹¹¹08
171 4139 221 4198 hos
247 4153 370 4198 oratores
401 4136 577 4218 vituperavit
603 4135 809 4216 philosophus,
844 4156 928 4213 quam
958 4132 1057 4192 iisdem
1082 4133 1158 4205 illis,
1195 4127 1299 4207 quihus

66 4246 338 4287 X-„ffl
856 4245 859 4249 .

110 4338 147 4410 t)
164 4349 234 4416 aa,
253 4346 303 4398 roa
320 4347 348 4396 u.
367 4343 416 4395 uua
433 4346 463 4394 4.

109 4423 148 4496 2)
165 4436 222 4486 aaa
241 4433 292 4484 roa
310 4433 337 4482 ο.
