2796 5048
704 244 721 300 6

107 417 233 462 veterum
261 403 392 463 lectione.
439 403 562 481 Jungere
588 423 634 462 eos
657 413 766 482 oportet
790 403 982 482 grammatices
998 401 1125 467 studium
1144 422 1210 462 cum
1227 402 1328 463 audio

105 522 268 597 poetarum,
288 516 504 591 historicorum,
525 497 683 591 oratorum,
703 517 829 597 ipsarum
845 512 949 576 άηὶιιιῐι
967 517 1174 597 ingenuarum,
1194 519 1326 597 quas-di·

105 631 207 701 diciss'e
226 630 350 691 fideliter
372 659 375 665 ·
615 706 618 710 ὴ

427 747 539 804 emollit
556 766 651 803 morea
668 766 720 802 nee
740 753 817 803 sinit
833 768 893 804 oeae
899 748 996 820 feror.

144 860 180 918 Et
207 860 259 919 hoc
288 861 390 919 itinere
408 881 561 940 sanequam
574 858 784 938 jucundissimo
803 859 887 919 facile
905 875 933 920 et
951 860 1031 918 firme
1049 859 1328 942 progredientur-nd

103 974 266 1033 interiorem
293 958 493 1054 grammatices¹
513 975 680 1034 scientiam·
703 946 752 1032 ha,
768 974 844 1032 enim
864 973 984 1053 judico:
1015 973 1114 1033 nullus
1142 994 1272 1054 unquam
1292 975 1327 1033 in

102 1087 155 1147 hac
173 1102 232 1149 arte
251 1110 369 1170 magnus
388 1089 496 1148 exstitit
513 1090 561 1151 vir
568 1134 577 1163 ‚
597 1089 655 1148 nisi
681 1089 731 1168 qui
757 1089 790 1147 in
812 1089 882 1170 ipsis
904 1089 1019 1169 scriptis
1038 1102 1166 1149 vetorum
1184 1088 1264 1149 vitae
1279 1102 1328 1148 ta-

100 1199 289 1273 bernaculum
307 1217 433 1285 poneret.
473 1204 550 1263 Haec
573 1202 633 1263 ille.
674 1202 863 1263 scholasticae
889 1205 1007 1263 omnino
1022 1203 1128 1262 rationi
1145 1202 1328 1285 repugnabat

101 1328 159 1375 tota
177 1317 233 1377 viri
256 1307 428 1399 disciplina:
450 1317 527 1398 quod
544 1338 559 1376 e
576 1318 689 1399 scriptis
706 1321 767 1397 ejus
785 1319 918 1379 omnibus
936 1331 1032 1399 patet,
1063 1318 1185 1378 maxime
1208 1338 1224 1377 e
1243 1318 1327 1378 Sele·

101 1441 218 1490 olorum
234 1434 409 1513 praefatione
428 1442 456 1494 'et
475 1441 539 1492 otto
552 1433 743 1492 'Bubulcum
770 1433 902 1494 Habebat
919 1432 1036 1512 quidem
1054 1431 1105 1492 illa
1125 1431 1264 1492 nonnibil
1283 1454 1325 1493 ec·

102 1546 248 1620 veritatis,
269 1547 477 1627 incipientibus
498 1549 620 1608 maxime
643 1562 670 1608 et
693 1548 826 1629 progredi
849 1546 1032 1608 nolentibus:
1053 1568 1145 1626 neque
1169 1568 1238 1609 vero
1260 1548 1325 1629 ipse

101 1662 147 1720 vir
164 1661 259 1718 statim
277 1661 408 1742 placebat
426 1662 567 1722 omnibus.
602 1661 660 1722 Sed
678 1675 710 1721 ut
728 1663 788 1743 ipse
798 1708 807 1738 ,
829 1664 869 1722 ita
891 1664 952 1741 ejus
972 1663 1115 1722 institutio
1139 1683 1196 1742 quo
1220 1683 1325 1743 cogno·

101 1780 232 1841 scebatur
250 1777 390 1852 interius,
418 1798 451 1837 eo
469 1778 558 1858 magis
577 1798 805 1860 unumquemque
827 1777 957 1858 capiebat
974 1798 1007 1837 ac
1023 1777 1148 1838 tenebat.
1185 1777 1256 1838 Nam
1276 1798 1326 1838 re-

99 1894 208 1954 ferebat
227 1893 415 1953 Horatianum
444 1890 520 1951 illud
544 1892 675 1973 idemque
693 1893 886 1968 Socraticum,
915 1892 1100 1953 scholasticae
1118 1891 1325 1953 consuetudini

98 2010 288 2069 contrarium:

409 2126 545 2182 ἆοοῖνίηα
564 2125 614 2200 aed
630 2130 692 2180 eim
703 2132 855 2199 promovet
870 2129 1005 2182 incitam.

139 2238 195 2298 Sed
212 2239 287 2297 facta
296 2283 305 2312 ‚
332 2240 468 2298 Creuzere
478 2282 486 2311 ,
507 2237 582 2296 uitae
600 2236 829 2296 Ruhnkenianae
848 2237 1005 2312 mentione,
1026 2237 1103 2297 ultro
1119 2237 1251 2298 recordor
1263 2237 1324 2299 loci

98 2356 131 2412 in
149 2361 213 2415 aiau
229 2366 297 2426 tua,
324 2361 343 2410 'a
361 2352 508 2432 temetipso
530 2370 622 2430 nuper
637 2351 708 2410 miro
730 2351 853 2411 candore
871 2350 1032 2433 descripta,
1058 2352 1109 2411 ubi
1128 2354 1245 2429 lateris,
1264 2352 1322 2412 boc

98 2465 317 2548 Wyttenbacbii
335 2467 472 2547 scriptum
490 2465 550 2527 uim
569 2465 648 2524 inte
666 2464 799 2525 babuisse
816 2465 1025 2527 maximamad
1042 2466 1136 2527 studia
1154 2466 1223 2527 baec
1242 2469 1323 2549 regia

98 2560 153 2644 vil
164 2581 368 2663 persequenda.
405 2581 490 2658 Quod
519 2595 550 2640 ut
575 2580 650 2660 legi,
667 2579 730 2642 >dici
750 2602 810 2640 non
828 2595 938 2662 potest,
957 2596 1132 2663 quantopere
1151 2580 1320 2644 delectarer.

97 2699 169 2758 Nam
195 2696 329 2758 videbam
339 2744 348 2774 ,
374 2699 511 2757 Creuzero
534 2717 595 2755 meo
620 2694 695 2755 idem
715 2695 768 2755 illo
795 2710 939 2777 tempore,
959 2694 1037 2775 quod
1062 2697 1152 2770 mihi,
1172 2697 1321 2758 accidisse.

97 2815 176 2888 Quae
194 2812 299 2871 similia
321 2814 354 2871 in
368 2813 527 2870 amicorum
546 2809 631 2868 rebus
649 2811 771 2868 maxime
790 2810 890 2870 ualent
906 2811 944 2870 ad
962 2811 1122 2870 animorum
1141 2813 1322 2889 conjunctio·

97 2948 171 2987 nem.
200 2927 237 2985 Et
255 2946 322 2985 sane
341 2927 438 2986 mirari
458 2926 498 2984 sic
519 2922 610 2998 desii,
625 2916 743 2983 eandem
762 2923 790 2984 te
808 2927 840 2985 in
858 2925 904 2984 his
923 2924 1014 2985 literis
1031 2925 1161 2985 colendis
1178 2926 1322 2987 ratio'nem

96 3044 253 3122 ingressum
276 3061 351 3115 esse,
371 3061 456 3119 quam
472 3045 627 3098 tenuerunt
644 3038 905 3118 Wyttenbachius,
926 3040 1136 3115 Ruhnkcnius,
1156 3041 1322 3103 Valckena-

113 3158 119 3169 ”
160 3160 191 3227 ’-,-
242 3156 246 3163 ’
280 3155 441 3228 terbusius‚
462 3139 560 3212 eadem
581 3167 627 3228 te,
649 3167 732 3232 atque
755 3154 855 3213 heroas
878 3153 962 3229 illos,
982 3168 1109 3214 secutum
1126 3175 1184 3214 esse
1200 3145 1228 3214 et
1245 3164 1319 3216 asse-

145 3276 153 3285 '
181 3268 209 3317 ⁴²·
269 3260 378 3350 'ivero
397 3268 504 3327 librum
522 3269 578 3348 legi
595 3242 662 3326 ¹cum
681 3269 742 3349 ipso
756 3269 990 3349 Wyttenbacbio.
1020 3270 1092 3327 Nam
1109 3290 1217 3350 paucae
1232 3280 1322 3332 erant

78 3388 220 3519 paginae·
268 3385 314 3466 pis
338 3405 504 3471 expressae,
529 3405 616 3463 quum
639 3383 743 3442 Leidae
768 3386 828 3462 ejus
847 3385 974 3465 hospitio
1000 3383 1108 3443 utebar
1152 3386 1216 3444 Huc
1239 3385 1319 3444 enim

91 3474 264 3587 dignarer&
287 3500 402 3582 pietatis
416 3520 512 3558 caussa
528 3519 591 3578 erga
614 3499 820 3559 Ruhnkenium
844 3521 942 3574 suum,
965 3499 1002 3558 ad
1026 3520 1084 3557 rem
1102 3499 1318 3579 provehendam

93 3615 272 3675 calamitosae
286 3615 386 3674 domus
406 3612 645 3679 Ruhnkenianae.
683 3612 805 3672 Multo
797 3614 884 3694 igitur
899 3635 981 3673 mane
999 3614 1126 3694 legebam
1144 3613 1220 3673 solus
1230 3635 1318 3704 ,hqua

88 3731 150 3808 jam
169 3729 249 3811 prelo
276 3730 422 3789 exierant:
453 3743 513 3788 tum
536 3729 665 3808 proxima
690 3730 965 3810 persequebar-cum
989 3730 1052 3809 ipso
1076 3742 1208 3804 auctore,
1228 3731 1279 3809 qui
1299 3750 1318 3789 e

94 3845 198 3925 scripto
218 3865 268 3903 suo
287 3842 484 3924 praelegebat·
514 3841 705 3903 Jucundiores
719 3843 802 3902 horas
816 3863 860 3901 me
878 3865 929 3925 per
948 3857 1035 3904 totam
1053 3843 1142 3904 vitam
1159 3844 1316 3925 transigere

93 3980 152 4017 non
171 3959 297 4016 memini.
334 3957 418 4030 Quod
437 3958 514 4016 enim
531 3957 634 4017 dicunt
651 3960 728 4048 fere,
758 3959 807 4037 qui
825 3967 919 4016 vitam
936 3959 1015 4018 illam
1031 3958 1178 4038 legeram,
1197 3959 1317 4018 rediisse

93 4095 121 4131 se
140 4068 226 4153 plane
246 4074 277 4131 in
296 4073 347 4131 illa
365 4086 509 4153 tempora,
524 4071 629 4151 quibus
644 4074 720 4132 uixit
734 4073 944 4148 Ruhnkenius‚
962 4073 1016 4132 boc
1036 4073 1107 4131 inibi
1123 4076 1183 4152 jam
1201 4075 1315 4134 contin·

92 4186 175 4268 gebat
192 4188 319 4247 omnium
338 4188 470 4246 maxime.
499 4187 571 4246 Nam
590 4185 762 4268 ab'rumpens
781 4186 833 4246 ille
851 4188 974 4248 subinde
994 4189 1159 4264 lectionem,
1180 4189 1317 4289 narpabat

92 4303 256 4364 suavissime
275 4303 310 4363 de
328 4302 522 4377 Ruhnkenio,
542 4301 579 4362 de
597 4301 808 4377 Valckenario‚
829 4303 865 4362 de
879 4324 929 4362 sua
934 4304 1106 4382 juventute,
1126 4325 1215 4384 quum
1223 4302 1316 4363 adiret

91 4420 213 4498 primum
233 4417 284 4477 hos
304 4417 449 4477 literarum
467 4418 622 4498 principes.
662 4407 826 4497 Dessquibus
845 4417 1022 4478 ambulantes
1041 4418 1202 4480 identidem
1221 4433 1251 4479 et
1267 4440 1316 4478 ru·
