2796 5048
698 219 718 277 5

92 389 137 438 est
155 376 258 437 nobis:
287 375 418 439 nondum
442 377 520 438 enim
545 378 669 438 Atticam
685 378 803 438 formam
820 377 1010 455 attendimus,
1031 379 1159 441 nondum
1187 380 1310 441 Platoni·

89 513 179 568 cam,
203 491 334 553 nondum
360 493 533 573 exquisitum
563 492 715 554 verborum
744 514 844 569 usum,
874 495 1042 573 exquisitam
1070 494 1200 556 nondum
1226 497 1313 556 totius

91 608 253 668 sententiae
277 591 455 687 elegantiam.
500 607 600 667 Fiebat
626 608 666 667 ita
693 629 753 667 non
782 629 863 683 raro,
892 580 933 666 m,
952 630 1009 669 una
1033 611 1193 686 sententia,
1223 630 1313 670 unum

91 723 180 782 etiam
207 721 380 783 vocabulum
408 742 460 803 per
487 722 626 802 integram
652 742 704 781 nos
729 722 827 782 horam
850 722 992 783 retineret.
1033 726 1121 804 Cujus
1146 738 1241 784 tamen
1270 734 1314 785 m'e

90 856 189 896 morae
216 857 310 916 neque
334 850 396 896 tum
421 835 572 912 taedebat,
602 856 694 916 neque
720 856 788 897 vero
806 850 901 918 postea
919 838 1070 918 poenituit.
1109 840 1181 899 Nam
1204 839 1315 901 voculis

91 951 147 1011 ille
162 950 363 1032 explicandis,
377 950 547 1032 explicabat
573 949 645 1010 mihi
668 937 805 1010 simulet
830 933 1047 1012 commendabat
1073 967 1173 1034 sponte
1192 953 1315 1014 Graecae

94 1065 217 1146 linguae·
233 1064 314 1125 dotes
336 1063 540 1140 admirabiles,
558 1066 669 1126 Atticae
690 1064 809 1125 dialecti
835 1077 1030 1142 venustatem,
1050 1067 1141 1148 ipsam
1169 1067 1314 1127 urbanita-

94 1193 151 1240 tem
167 1180 309 1241 htticam:
331 1180 509 1260 eloquentiae
537 1179 570 1239 in
597 1181 697 1261 primis
721 1181 781 1241 vim
807 1181 952 1255 nativam,
972 1202 1044 1260 quae
1070 1182 1182 1241 nonin
1207 1182 1316 1262 tropis,

93 1294 213 1375 liguris,
233 1295 407 1376 imaginibus
434 1295 664 1374 ornamentisque
692 1294 821 1354 oratoriis
838 1309 970 1355 cernatur
980 1340 989 1370 ,
1008 1296 1059 1356 sed
1084 1296 1200 1377 proprio
1217 1282 1323 1377 cupri-¹

92 1422 188 1470 natur
203 1424 234 1470 ct
252 1410 394 1490 exquisito
412 1408 563 1471 verborum
580 1426 651 1468 usu:
683 1408 761 1490 apud
778 1408 925 1469 Platonem
952 1411 1135 1492 praesertim,
1154 1411 1237 1488 cujus
1256 1431 1317 1472 ver-

92 1525 140 1584 bis
156 1539 187 1585 ct
204 1522 380 1585 dictionibus
395 1537 455 1584 tota
473 1525 629 1604 antiquitas
645 1544 731 1603 quam
747 1523 904 1604 plurimum
920 1524 1030 1585 tribuat
1047 1525 1232 1586 auctoritatis.
1263 1525 1317 1584 Ita·

92 1660 149 1720 que
177 1639 340 1718 frequentia
367 1653 448 1698 erant
476 1639 537 1717 ejus
564 1639 688 1699 monita:
718 1639 859 1697 mitterem
885 1639 1009 1700 novitios
1035 1639 1238 1721 philosophos,
1266 1632 1317 1718 qui
1362 1684 1370 1709 ,

91 1754 131 1815 de
157 1753 278 1814 Platone
296 1755 412 1833 ejusque
429 1751 611 1833 philosophia
627 1752 823 1834 scripsissent:
843 1753 982 1812 mitterem
999 1753 1168 1835 compendia
1194 1752 1318 1835 philoso-

92 1869 180 1950 phiae
196 1867 377 1928 Platonicae:
399 1866 533 1926 ducerem
550 1866 625 1926 hanc
644 1884 680 1926 cx
697 1868 758 1947 ipsc
770 1868 905 1928 Platonez
926 1888 994 1927 nam
1011 1868 1119 1928 fontem
1139 1889 1198 1928 esse
1215 1882 1318 1951 peten-

91 1983 184 2059 dum,
205 2004 265 2042 non
288 1982 416 2059 rivulos,
436 1983 543 2042 sontem
572 1984 665 2040 aute'm
691 2001 749 2040 esse
775 1982 897 2040 maxime
921 1982 1155 2063 ipsam-Platonis
1171 1982 1318 2063 linguam,

91 2098 202 2178 qnippe
219 2117 291 2176 quae
310 2097 414 2156 mentis
438 2095 694 2178 philosophiaeque
715 2095 879 2156 Platonicae
901 2097 982 2176 quasi
1000 2117 1160 2178 expressam
1185 2097 1318 2156 contine-

90 2206 137 2272 ret
156 2212 317 2291 imaginem.
358 2213 436 2271 llaec
457 2210 509 2270 ille
528 2211 627 2272 crebro
655 2225 683 2271 ct
707 2224 770 2271 tum
787 2224 816 2270 et
833 2225 939 2291 postea.
968 2211 1077 2286 Quodsi
1097 2232 1176 2271 nunc
1194 2231 1245 2292 ego
1264 2212 1317 2270 hac

91 2326 312 2408 interpretanda
329 2326 511 2408 philosophia
528 2324 735 2406 quodammodo
758 2324 880 2386 videbor
903 2327 1024 2388 eruditis
1042 2327 1113 2386 viris
1130 2346 1231 2407 operm
1250 2347 1317 2407 pre-

87 2443 168 2503 tium
185 2440 305 2516 iecisse,
324 2455 414 2501 totum
439 2440 494 2502 hoc
522 2441 648 2502 debuero
674 2441 800 2521 vesperis
822 2440 883 2500 illis
900 2441 1227 2517 Amstelodamensibus,
1247 2463 1319 2521 quas

86 2556 126 2617 in
150 2554 327 2616 bibliotheca
351 2537 475 2636 transegi
502 2555 775 2636 Wyttenbachiana.
823 2556 927 2614 Namc
955 2543 1146 2630 sermonibus,
1165 2577 1236 2634 quos
1254 2555 1317 2615 illic

74 2671 167 2732 mihi
186 2670 291 2730 habere
308 2670 391 2730 licuit
407 2691 472 2730 cum
486 2669 690 2729 humanissimo
708 2671 771 2729 riro
780 2715 788 2744 ,
805 2670 931 2729 fructum
948 2671 1012 2750 cepi
1031 2691 1097 2731 sane
1110 2670 1317 2750 multiplicem,

83 2800 124 2846 ut
153 2784 335 2865 diligentiam
362 2783 500 2844 adhibere
525 2797 584 2844 tam
610 2784 737 2843 minimis
763 2782 864 2860 rebus,
891 2805 976 2864 quam
996 2784 1145 2858 maximis,
1162 2784 1317 2845 discerem:

79 2900 285 2984 perspicerem
303 2899 390 2980 plane
400 2944 409 2973 ,
434 2898 571 2980 neglectis
590 2899 650 2958 illis
667 2899 811 2974 minimis,
829 2900 947 2977 majores
965 2899 1170 2981 amplioresque
1187 2901 1318 2979 cognosci

80 3013 179 3077 nullo
201 3027 284 3094 pacto
299 3029 398 3096 posse:
417 3014 616 3094 grammaticae
633 3014 876 3095 interpretationis
891 3015 952 3075 vim
968 3015 1153 3096 persentirem
1172 3028 1201 3074 et
1220 3035 1319 3073 neces-

75 3132 226 3192 sitatem:
254 3147 450 3208 cognoscerem
478 3129 723 3209 grammaticorum
740 3127 829 3188 libros
848 3148 1000 3209 corumque
1027 3131 1123 3210 interp
1204 3122 1210 3135 ’
1278 3129 1318 3188 sic

73 3244 226 3307 mihimet
241 3243 302 3324 ipse
320 3243 401 3323 quasi
418 3243 639 3305 instrumentum
665 3263 811 3325 pararem,
837 3265 894 3323 quo
915 3243 1076 3329 Platonicos
1093 3130 1319 3432 &egos
1357 3306 1361 3311 ,

73 3359 254 3443 aperirem:
274 3371 336 3417 tum
355 3378 423 3418 vero
441 3358 519 3418 hunc
536 3359 662 3418 fructum
676 3356 745 3417 inde
755 3358 869 3438 percepi
884 3358 967 3439 longe
982 3359 1108 3419 ubertim
1206 3357 1320 3417 tsacil·

76 3473 164 3536 linae
182 3471 353 3548 inducerer,
373 3472 451 3552 quod
473 3473 535 3533 sinc
554 3472 627 3533 duce
646 3492 782 3555 perquam
799 3486 841 3533 est
862 3471 1001 3549 difficile,
1022 3474 1057 3532 in
1073 3473 1200 3560 Platqris
1223 3458 1318 3555 emgl-

77 3585 185 3650 larem
202 3586 289 3667 plane
308 3586 454 3647 scribendi
473 3585 753 3669 philosophandique
771 3586 1020 3667 rationemquuae
1039 3602 1070 3648 ut
1084 3602 1142 3648 tota
1156 3586 1320 3649 diversaest
1369 3632 1373 3639 .

81 3725 106 3764 u
130 3702 325 3763 recentiorum
349 3702 574 3778 consuetudine,
603 3702 644 3762 ita
666 3723 682 3760 a
705 3703 804 3783 paucis
825 3703 903 3766 omni
927 3725 996 3764 aevo
1019 3704 1072 3763 rite
1096 3700 1243 3788 intellecta
1268 3715 1320 3762 est.

83 3817 136 3880 De
159 3815 267 3897 regulis
291 3830 386 3878 autem
403 3817 464 3879 sive
483 3817 675 3896 grammatices
693 3816 754 3877 sive
771 3816 846 3876 alius
871 3817 1024 3896 cujuslibet
1042 3818 1112 3877 artis
1130 3818 1171 3876 sic
1189 3837 1254 3875 eum
1271 3838 1319 3897 po-

90 3947 154 3994 ctea
173 3951 257 4012 saepe
274 3930 374 3993 audivi
393 3931 587 3992 disserentem.
612 3932 730 4012 Frigent
740 3976 749 4006 ,
768 3932 882 4010 inquit,
899 3933 968 3991 istae
987 3934 1050 3991 sine
1064 3933 1168 3991 artium
1187 3931 1320 4013 operibus

94 4046 262 4128 palmariis,
282 4066 298 4105 e
316 4047 421 4126 quibus
439 4046 541 4107 ductae
559 4061 644 4107 sunt:
664 4045 711 4106 his
734 4067 803 4108 vero
826 4048 965 4128 cognitis,
989 4048 1130 4127 insignem
1155 4046 1263 4106 habent
1281 4047 1319 4106 ad

95 4161 268 4263 diligentius
286 4181 332 4221 cas
352 4161 542 4243 explorandas
561 4161 723 4222 utilitatem.
758 4162 858 4242 Magni
875 4160 1007 4240 equidem
1026 4162 1100 4221 facio
1127 4163 1317 4240 grammatico·

97 4296 160 4335 rum
178 4275 268 4336 libros
278 4321 287 4351 ,
307 4295 360 4336 nec
378 4277 448 4337 artis
465 4277 634 4357 compendia
652 4297 775 4358 sperno,
795 4297 849 4337 nec
869 4297 936 4337 vero
954 4276 1083 4357 regulas,
1099 4296 1171 4355 quae
1192 4278 1317 4356 utrisque

98 4391 301 4468 continentum
322 4390 372 4451 sed
400 4390 453 4452 hae
472 4391 630 4470 juvenibus
655 4393 776 4467 maxime
805 4392 1017 4472 cognoscendae
1039 4406 1107 4451 sunt
1132 4412 1168 4451 ex
1196 4393 1319 4472 ipsorum
