2796 5048
650 255 709 313 425

183 413 240 473 De
265 416 580 494 metaphysicis
610 416 818 474 Platonis
846 416 1059 496 dialogis,
1091 422 1182 474 aive

101 515 148 572 do
179 514 637 573 dialecticoiduurum
667 517 983 591 disquisitioni
1004 514 1254 572 adhibendo.

102 711 147 768 De
166 709 212 768 his
235 708 359 788 dialogis
369 729 471 789 parum
490 709 538 768 rel
556 711 632 769 nihil
643 711 739 770 adhuc
759 710 906 779 diximus3
930 731 983 769 nec
1004 724 1101 769 tamen
1121 709 1199 768 nihil
1220 723 1298 767 attu-

55 809 128 867 lisse
148 807 186 866 ad
206 829 307 868 verum
326 828 425 865 corum
452 809 629 888 propositum
658 808 867 887 assequendum
889 808 1033 867 videmur.
1075 810 1147 867 Nam
1163 807 1297 888 dialogo·

56 928 126 966 rum
154 907 368 966 Platonicorum
397 907 468 965 haec
497 907 570 965 ratio
596 921 657 981 est,
679 922 710 966 ut
729 908 785 986 legi
806 907 924 966 omnino
954 922 1085 966 accurate
1113 907 1152 966 ad
1174 911 1298 971 auctoris

57 1005 277 1087 philosophiam
306 1006 523 1088 percipiendam
550 1005 694 1076 debeant,
725 1005 852 1086 intelligi
886 1020 980 1066 autem
1006 1018 1068 1064 tum
1086 1005 1202 1065 demum
1223 1009 1297 1082 rite,

57 1117 212 1184 postquam
246 1103 323 1164 hanc
351 1105 473 1164 assecuti
500 1094 582 1163 satis
596 1105 812 1186 philosophiam
837 1105 996 1178 fuerimus,
1027 1103 1149 1184 possint.
1196 1105 1297 1164 Veluti

51 1202 348 1275 -Theaetetum‚
377 1203 632 1283 Sophistam,
659 1204 881 1262 Politicurn
910 1201 960 1263 ubi
982 1204 1048 1281 quis
1066 1203 1191 1281 primum
1212 1202 1297 1282 legit,

50 1302 158 1360 -statim
175 1299 385 1375 arbitrabitur,
405 1323 434 1360 sc
454 1301 524 1361 inde
544 1303 674 1362 Platonis
697 1301 892 1376 descientia,
912 1300 948 1360 dc
968 1299 1142 1380 sophistica,
1162 1300 1199 1360 de
1219 1301 1299 1380 poli-

51 1400 119 1457 -tica
139 1399 311 1458 sententiam
331 1403 533 1481 cogniturum:
552 1401 675 1482 legendo
695 1414 810 1474 autem,
833 1398 916 1458 aliud
936 1399 1025 1457 fuisse
1043 1397 1158 1457 videbit
1176 1400 1208 1458 in
1225 1401 1299 1458 scri·

56 1495 168 1556 bendis
185 1497 246 1557 illis
264 1501 397 1573 auctoris¹
408 1501 574 1559 consilium.
616 1499 674 1558 Sed
696 1499 757 1574 ubi,
765 1497 946 1579 perspexerit
956 1495 1033 1554 idem
1049 1495 1164 1555 assidua
1175 1497 1298 1557 lectione

56 1615 127 1653 cum
146 1594 328 1655 dialecticam
348 1598 496 1673 Platonis,
514 1612 576 1659 tum
597 1599 756 1672 rationem,
776 1619 832 1676 qua
850 1617 926 1656 cam·
939 1593 1079 1654 adhibere
1096 1594 1298 1677 philosophiae

57 1691 194 1767 studuit,
214 1706 275 1752 tum
305 1695 421 1756 demum
451 1710 480 1756 et
498 1697 611 1776 assequi
640 1695 809 1776 philosophi
830 1696 862 1756 in
882 1692 1044 1773 scribendis
1066 1692 1127 1751 illis
1143 1695 1297 1753 consilium

56 1805 89 1851 et
106 1804 240 1850 recteeos
257 1794 423 1874 intelligere
454 1796 588 1876 incipiet.
631 1793 742 1853 Similis
770 1795 845 1853 ratio
874 1790 1141 1853 Parmenidis
1161 1806 1189 1850 et
1209 1792 1298 1852 Phi-

57 1889 148 1948 lebi
171 1905 222 1952 est.
265 1892 361 1972 Vulgo
380 1892 529 1954 Platonem
557 1893 726 1952 existimant
744 1894 777 1951 in
797 1891 843 1950 his
860 1912 939 1950 suam
965 1911 1079 1950 omnem
1098 1889 1135 1949 de
1155 1889 1229 1950 ideis
1249 1890 1298 1950 dc·

54 2008 115 2066 qne
137 1988 265 2048 idearum
284 1991 439 2071 principe,
457 1991 529 2050 boni
548 1991 632 2064 idea,
653 1990 825 2049 sententiam
846 1978 1028 2071 exposuisse:
1050 1987 1235 2070 quamobrem
1254 1990 1298 2048 in·

56 2086 159 2145 volare
179 2090 320 2148 continuo
340 2091 372 2147 in
391 2089 442 2148 bos
459 2089 589 2169 dialogus
608 2089 702 2149 solent
713 2134 721 2162 ,
746 2090 796 2166 qui
820 2088 950 2148 Platonis
966 2086 1173 2147 sublimitatem
1194 2107 1230 2144 ex
1249 2088 1298 2168 ip-

55 2185 119 2243 sius
139 2187 254 2266 scriptis
283 2189 431 2268 percipere
460 2189 593 2269 eupiunt.
637 2189 694 2246 Nos
723 2200 817 2245 autem
838 2184 1009 2267 egimus„.de
1028 2185 1103 2244 ideis
1121 2185 1250 2244 Platonis
1270 2200 1298 2245 et

54 2296 192 2343 accurate
212 2284 325 2344 tradere
344 2287 513 2366 primarium
533 2286 613 2346 bunc
624 2287 657 2345 in
669 2288 737 2364 ejus
747 2285 931 2366 philosophia
949 2285 1045 2346 locum
1065 2283 1246 2344 studuimus:
1270 2299 1297 2344 et

56 2394 157 2440 tamen
177 2383 229 2441 vix
249 2383 339 2442 ullam
367 2405 465 2443 eorum
495 2384 676 2464 dialogorum
701 2385 879 2443 mentionem
897 2384 1029 2443 lecimus.
1070 2383 1197 2467 Nempe,
1216 2397 1247 2442 ut
1265 2385 1297 2441 in

55 2478 217 2539 Theaeteto
236 2482 411 2561 caeterisque
430 2482 591 2543 dialecticis
622 2481 816 2556 sermonibus,
838 2482 879 2541 ita
899 2483 932 2541 in
957 2480 1003 2540 his
1020 2481 1120 2555 Plato,
1139 2483 1188 2560 qui
1210 2481 1298 2559 vulgo

54 2577 251 2658 metaphysici
273 2594 430 2654 vocantur,
442 2581 475 2642 id
495 2581 638 2660 spectavit
654 2580 853 2660 potissimum,
875 2593 906 2637 ut
925 2578 1078 2637 adhiberet
1098 2578 1298 2659 philosophiae

53 2676 193 2757 ipsique,
210 2699 296 2756 quam
316 2679 429 2739 tradere
447 2679 601 2753 studebat,
622 2679 685 2740 veri
710 2677 861 2737 doctrinae
891 2676 1073 2735 dialecticam
1091 2696 1180 2734 suam.
1223 2676 1297 2748 Qua·

55 2788 178 2855 propter
193 2798 272 2835 nunc
290 2776 424 2852 demum,
435 2793 584 2858 postquam
603 2790 631 2834 et
651 2775 834 2834 dialecticam
854 2776 984 2835 Platonis
995 2788 1023 2832 et
1044 2775 1106 2832 veri
1124 2773 1297 2848 doctrinam,

55 2895 202 2932 unacum
229 2874 357 2953 ejusdem
377 2876 413 2935 de
431 2876 504 2936 ideis
523 2876 657 2956 placitis,
687 2875 849 2955 perspicere
875 2874 1038 2953 coepimus,
1057 2890 1135 2930 nunc
1162 2865 1297 2945 demum,

55 2973 180 3051 inquam
191 3018 199 3046 ,
219 2987 296 3032 recte
315 2975 399 3033 nobis
419 2975 597 3034 intellecturi
618 2988 771 3050 utrumque
790 2971 875 3031 illum
894 2971 1040 3050 dialogum
1061 2969 1204 3028 videmur.

99 3070 172 3131 Nam
192 3073 308 3152 proprie
319 3087 387 3132 sunt
399 3094 541 3133 sermones
561 3071 607 3131 illi
618 3070 824 3130 subtilissimae
844 3068 984 3148 quaedam
1001 3069 1062 3127 sive
1080 3067 1297 3145 disquisitiones
1363 3106 1368 3117 ι

54 3169 121 3227 sive
140 3171 363 3231 exercitationes
383 3171 563 3231 dialecticae.
606 3168 692 3244 Quod
712 3190 748 3227 ex
776 3170 924 3247 utriusque
944 3169 1089 3248 prooemio
1110 3165 1295 3245 intelligitur.

55 3266 94 3325 ln
116 3268 286 3328 Parmenide
305 3269 420 3350 dialogo
440 3272 645 3346 Parmenides,
664 3261 758 3342 δεινος
780 3269 832 3332 ille
855 3261 919 3347 ἅμα
941 3261 1054 3340 αἰδοῖός
1075 3287 1121 3338 re,
1143 3277 1292 3344 postquam

56 3363 98 3423 ab
111 3363 205 3426 'initio
225 3388 290 3427 cum
308 3368 423 3429 Socrate
434 3369 471 3429 de
491 3394 549 3431 uuo
560 3384 588 3430 et
604 3372 722 3446 multis,
741 3370 777 3430 de
787 3353 1028 3448 ideis-earumque
1040 3371 1072 3427 in
1083 3367 1168 3425 rebus
1182 3357 1294 3440 ὁμοιώ-

54 3484 133 3541 μασι
152 3487 233 3546 agere
265 3468 410 3542 instituit,
434 3468 592 3528 admiratus
612 3470 699 3546 hujus
727 3471 896 3548 ingenium,
912 3461 988 3546 κολή
1009 3462 1066 3543 μὲν
1089 3455 1156 3536 οὖν,
1181 3465 1297 3541 inquit,

54 3565 108 3626 καὶ
130 3562 214 3638 θεία,
238 3556 271 3625 nl
293 3561 374 3638 ἴσθι,
396 3559 417 3646 ἡ
438 3559 536 3645 ὁρμή,
559 3561 596 3647 ἢν
618 3560 788 3649 όρμᾷς.ἐπί
807 3563 877 3642 τούς
890 3565 1011 3649 λόγους·
1024 3564 1143 3627 ἕλκυσον
1164 3561 1200 3625 δὲ
1222 3584 1295 3623 σου·

53 3663 113 3730 τόν
133 3661 188 3729 roi
215 3662 366 3749 ydprooor
385 3668 498 3746 μᾶλλον
520 3664 569 3729 διο
592 3670 648 3749 τῆς
674 3662 820 3749 δοκούσης
841 3664 996 3750 ἀχρήστου
1024 3662 1095 3729 εἶναι
1121 3666 1169 3728 καὶ
1190 3669 1296 3728 καλου-

54 3766 151 3851 μένης
167 3761 229 3830 ὑπο
250 3769 312 3830 τῶν
331 3770 449 3834 πολλῶν
463 3769 655 3851 ἀδολεσχίας,
669 3772 726 3846 ἓως
748 3766 791 3833 ἔτι
804 3766 868 3844 νέος
888 3765 927 3832 tl·
946 3771 970 3831 al
993 3768 1028 3832 di
1043 3765 1103 3852 μή,
1122 3767 1155 3830 σὲ
1171 3763 1296 3849 diuqad-

54 3875 136 3945 ξεται
158 3866 179 3953 η’
201 3868 343 3954 ἀλήθεια·
364 3880 473 3953 pulcer
492 3889 535 3936 eal
552 3888 581 3935 et
601 3880 743 3949 dicitius,
772 3877 971 3947 mihicrede,
998 3883 1127 3953 impetus
1144 3876 1197 3932 ille
1215 3884 1297 3941 ttius,

55 4000 116 4056 qno
135 3968 175 4033 ud
194 3997 343 4034 sarmatius
363 3978 462 4032 tortilis
474 3998 486 4043 ,·
500 3979 645 4053 prolatilis
655 3987 693 4040 ,to
713 3983 815 4055 igitur
833 3984 988 4056 irrogetque
1007 3977 1062 4032 hue
1080 3985 1108 4030 le
1128 3991 1229 4029 eaerce
1240 3971 1295 4043 sn·

53 4076 187 4146 cultata,
207 4096 283 4151 quoe
304 4077 391 4154 uulgo
416 4078 540 4132 irrutiles
572 4077 693 4132 uidetur
713 4085 742 4132 el
760 4075 937 4153 garrulitas
961 4085 1099 4139 vocabar,
1118 4073 1189 4128 deiru
1202 4075 1296 4141 juuo-

56 4181 109 4230 m's
129 4193 179 4229 et:
195 4196 276 4245 truite,
294 4182 357 4232 arisi
368 4177 496 4249 scitor-ir,
510 4176 620 4251 siigt'et
643 4185 670 4229 te
695 4181 807 4230 uerutus
833 4172 868 4250 l).
917 4175 1005 4249 Rogat
1034 4185 1128 4228 autem
1148 4167 1295 4237 Sttcrates,

95 4446 119 4507 u
140 4445 223 4496 ram.
245 4446 301 4496 tas.
321 4446 351 4495 o.
