2796 5048
672 242 731 299 306

89 414 129 472 cit
149 408 200 468 ille
219 405 376 464 continuo:
404 423 457 460 nos
476 414 591 475 autem,
618 400 691 480 quid
711 413 830 480 agatur,
861 401 981 477 quinam
1010 402 1073 460 sint
1103 404 1159 482 qni
1190 416 1220 465 et
1245 407 1316 467 cello

88 520 216 587 quantur
235 516 262 562 et
282 513 382 580 agant,
403 521 460 578 que
478 501 644 579 pertineant
662 500 786 557 maxime
811 518 953 557 sermones
973 498 1042 572 illi,
1064 498 1239 562 identidem
1256 504 1317 565 inter

89 601 245 685 legendum
264 597 458 659 discernendo
479 598 659 675 exquirimus
679 610 707 655 ct
728 595 871 655 nobismet
890 596 946 676 ipsi
966 596 1169 677 explicamus.
1197 600 1256 662 Sed
1272 622 1317 661 nor

89 705 209 764 formam
227 710 387 778 spectamus
413 708 545 754 tantum:
576 714 749 771 quamquam
768 693 840 752 haee
863 691 901 750 ad
928 715 1024 752 rerum
1054 695 1130 754 item
1156 697 1318 778 disquisitio

89 820 156 861 nem
183 798 244 856 vim
272 813 402 873 magnam
432 791 538 850 hahet:
568 791 605 850 de
631 792 684 850 hac
712 792 774 871 ipsa
802 812 909 848 rerum
927 793 1319 874 disquisitione'quaerinus

86 896 284 979 potissimum,
309 910 383 969 quae
401 910 517 971 prorsus
535 887 615 969 apud
633 889 784 948 Platonem
802 888 948 966 analytica
970 903 1021 949 est.
1065 890 1222 973 Exempla
1249 894 1319 955 nobis

87 997 120 1053 in
139 995 201 1070 eius
219 988 334 1069 scriptis
351 987 413 1046 loca
439 1008 506 1045 cum
525 987 583 1047 alia
604 1000 692 1060 sunt,
716 1000 747 1044 ut
776 985 814 1045 de
832 993 921 1060 justo
947 987 979 1046 in
1008 987 1143 1063 Politia,
1166 990 1207 1051 dc
1235 1000 1319 1052 anim
1352 1052 1354 1065 ,

85 1090 317 1150 immortalitate
340 1087 373 1143 in
401 1084 572 1159 Phaedone,
593 1096 656 1143 turn
675 1104 742 1142 vero
768 1082 945 1162 perillustris
964 1083 1017 1141 illc
1038 1083 1076 1143 de
1098 1106 1229 1161 ancora,
1248 1110 1319 1168 quen

83 1191 178 1248 locum
192 1182 407 1266 philosophus,
428 1195 461 1240 ut
475 1182 595 1260 juvenis
611 1182 645 1241 in
662 1179 811 1252 Phaedro,
832 1181 872 1238 ita
894 1182 1075 1259 provectiore
1103 1182 1223 1243 deinde
1241 1200 1318 1245 aetate
1352 1198 1354 1203 '

85 1288 118 1347 in
138 1283 289 1364 Symposio
304 1280 440 1339 tractavit
458 1300 491 1337 ac
512 1279 709 1359 perpurgavit.
745 1277 803 1336 Sed
823 1277 856 1335 in
874 1276 1006 1335 Phaedro
1025 1276 1063 1336 de
1079 1277 1142 1339 hoc
1161 1296 1318 1362 argumento

85 1382 243 1462 quaesivit,
259 1378 355 1460 prouti
370 1398 421 1436 suo
439 1377 502 1436 loco
520 1376 792 1449 animadvertimus,
809 1372 1053 1451 quemadmodum
1069 1377 1230 1458 analytice
1247 1380 1319 1439 simul

83 1495 112 1540 et
131 1477 294 1559 synthetice
323 1488 534 1555 exponeretur,
560 1473 589 1554 l)
615 1475 649 1533 in
672 1472 823 1553 Symposio
842 1491 911 1531 vero
929 1484 988 1529 tota
1007 1474 1161 1552 expositio
1182 1477 1318 1558 analyticl

85 1575 218 1658 procedit
244 1575 373 1646 ratione,
395 1572 490 1652 ipsum
508 1571 581 1631 adeo
611 1571 795 1651 Symposium
823 1582 851 1627 et
880 1568 971 1627 formh
990 1582 1018 1626 et
1043 1574 1217 1648 quaerendi
1245 1575 1316 1635 modu

83 1673 160 1732 hanc
177 1672 318 1731 rationem
337 1670 426 1728 refert
446 1682 531 1748 atque
548 1669 705 1749 exprimit:
734 1666 906 1725 documento
934 1665 1019 1725 nohis
1043 1667 1130 1728 idem
1158 1671 1212 1731 hic
1241 1673 1317 1735 dialc-

85 1792 136 1852 gus
164 1784 223 1846 est,
254 1781 431 1848 quantopere
461 1766 500 1826 ad
528 1788 589 1825 rem
616 1758 678 1827 non
706 1765 798 1824 solum
821 1764 968 1841 jucunde,
1003 1763 1055 1823 sed
1084 1760 1221 1829 interius
1245 1772 1315 1830 etiarn

83 1866 313 1947 exquirendam,
341 1864 442 1924 eadem
462 1865 515 1924 illa
542 1866 616 1925 ratio
643 1863 748 1926 valeat.
799 1863 890 1935 Nam,
921 1876 1072 1941 postquam
1098 1867 1245 1929 convivis
1268 1869 1315 1950 pla·

83 1967 198 2025 cuit-
218 1984 278 2023 rem
307 1984 393 2045 supra
423 1963 639 2037 enarravimus,
669 1961 719 2020 hic
748 1974 862 2033 autem,
892 1961 1015 2039 opinor,
1042 1963 1219 2045 meminisse
1239 1968 1315 2043 juva-

83 2062 145 2121 bit:
165 2091 200 2099 -
220 2062 355 2122 convivis
375 2061 465 2141 igitur
493 2072 643 2140 postquam
661 2057 796 2119 omnihus
824 2057 955 2136 placuit,
977 2071 1009 2117 ut
1035 2058 1088 2116 suh
1111 2060 1244 2140 quisque
1263 2065 1314 2125 vice

82 2180 206 2218 amorem
232 2157 409 2231 celebraret,
430 2159 523 2237 prima
542 2158 652 2231 oratio,
673 2176 746 2235 quac
764 2155 887 2214 Phaedri
907 2168 968 2237 est,
987 2156 1018 2214 in
1039 2155 1176 2218 medium
1204 2182 1258 2221 nor
1280 2182 1313 2221 ar

82 2270 250 2336 gumentum
278 2255 407 2314 traducit
435 2256 589 2335 extemplo.
637 2255 808 2313 Encomium
837 2253 916 2310 enim
939 2242 1050 2311 ¹amoris
1077 2268 1148 2328 est,
1177 2277 1241 2334 qno
1265 2260 1317 2319 ton'

83 2353 165 2412 dotes
185 2354 239 2410 Dei
258 2351 435 2427 laudantur,
465 2366 528 2411 turn
544 2353 634 2434 ipsius
654 2353 758 2411 amoris
777 2349 942 2409 celebratur
960 2351 992 2408 in
1010 2350 1099 2411 rebus
1119 2352 1263 2415 humanis
1278 2358 1312 2417 vit

82 2465 110 2509 et
131 2450 298 2509 auctoritas.
340 2449 397 2508 Hic
422 2452 595 2525 Pausanias,
622 2471 695 2530 quae
725 2449 889 2531 praeclare,
915 2446 966 2506 sed
992 2469 1053 2506 non
1081 2450 1157 2509 satis
1185 2452 1310 2513 distincte

82 2547 160 2607 dicta
179 2560 279 2621 erant,
301 2548 447 2608 cernendo
466 2550 562 2629 aptius
579 2549 751 2630 pleniusque
771 2547 918 2606 &nunciat
949 2546 1029 2619 Quae
1049 2545 1208 2611 Phaedrus
1229 2550 1309 2623 dixit,

82 2645 198 2724 inquit,
224 2645 288 2704 sine
315 2646 485 2726 exceptione
512 2645 661 2707 laudanda
691 2658 804 2718 essent,
828 2644 852 2702 si
886 2664 961 2701 unus
990 2655 1064 2701 esset
1090 2664 1196 2705 amor:
1225 2668 1308 2711 verurr

81 2744 177 2817 enim,
206 2764 273 2801 cum
290 2742 350 2803 duo
375 2744 453 2818 sint,
483 2757 516 2802 ut
541 2743 615 2803 dnae
643 2757 711 2804 sunt
737 2744 885 2816 Veneres,
911 2740 984 2799 alter
1013 2740 1163 2819 Uraniae,
1195 2746 1308 2827 vulgaris

80 2840 171 2914 alter,
193 2839 405 2920 distinguamus
424 2841 476 2900 hos
495 2854 606 2923 oportet
623 2841 790 2920 diligenter.
833 2840 898 2912 Qua
917 2836 1123 2916 distinguendi
1155 2844 1221 2903 veri
1247 2863 1306 2902 am·

80 2939 140 3010 ris,
171 2957 256 3014 quem
276 2951 441 3017 respexerat
459 2938 624 3013 Phaedrus,
653 2937 807 3018 diligentia
833 2935 988 3004 Pausanias
1014 2936 1074 2995 vim
1101 2949 1133 2995 et
1162 2938 1305 3000 efficacita-

79 3047 136 3092 tem
154 3048 242 3093 totam
258 3033 375 3093 demum
393 3036 426 3093 in
443 3035 538 3095 lucem
560 3038 679 3118 prnfeit.
722 3037 796 3094 Tum
821 3055 889 3094 vero
917 3033 1154 3113 Eryximaehus,
1176 3036 1303 3099 cernendi

78 3130 134 3189 hoc
153 3131 282 3190 studium
302 3146 331 3192 et
341 3130 473 3214 ¹probans
492 3134 677 3193 vehementer
694 3148 721 3193 et
741 3134 802 3214 ipse
821 3153 983 3213 usurpans,
1014 3145 1174 3212 utrumque
1196 3154 1305 3198 arnum

79 3229 112 3285 in
141 3242 200 3287 tota
228 3249 324 3287 rerum
353 3244 457 3290 natura
485 3231 677 3308 omnibusque
702 3233 735 3290 in
762 3229 873 3289 artibus
900 3242 1032 3288 accurate
1047 3228 1234 3312 distinguit.
1277 3233 1303 3293 lu

78 3324 125 3383 his
153 3325 277 3404 singulis
306 3347 391 3386 nemo
419 3342 460 3386 est
490 3329 563 3406 quin
591 3328 766 3408 analyticam
794 3328 935 3401 rationem
958 3339 1059 3406 sponte
1079 3329 1303 3393 animadvertat:

78 3434 174 3501 aptam
193 3436 288 3482 autem
309 3423 385 3483 hanc
404 3445 463 3483 csse
483 3425 664 3505 potissimum
684 3425 721 3485 ad
749 3447 793 3484 res
812 3425 936 3483 interius
957 3422 1142 3503 indagandas
1162 3430 1305 3511 explican-

79 3518 203 3596 dasquc,
225 3524 356 3600 proxima
382 3521 516 3601 probant.
569 3524 771 3604 Aristophanis
800 3523 879 3581 enim
909 3542 1017 3595 sermo,
1040 3535 1072 3579 ut
1102 3526 1304 3599 meminimus,

80 3615 112 3672 in
141 3617 243 3695 primis
260 3639 333 3697 quae
352 3619 480 3678 Socrates
498 3620 618 3680 tandem
637 3621 764 3702 profert,
786 3621 877 3701 ipsam
894 3631 1025 3699 spectant
1045 3622 1154 3681 amoris
1174 3639 1305 3684 naturam.

79 3714 218 3772 Homines
238 3716 393 3797 distinguit
412 3719 555 3793 comicus,
576 3722 626 3798 qui
645 3721 715 3779 olim
735 3721 854 3777 fuerunt
864 3761 873 3790 ,
898 3716 935 3773 ab
953 3715 1020 3790 his,
1049 3717 1101 3793 qui
1121 3740 1208 3781 nunc
1230 3736 1304 3782 sunt:

80 3810 159 3869 unde
185 3814 325 3892 originem
351 3817 454 3874 amoris
482 3818 624 3896 simulque
654 3820 714 3894 ejus
741 3818 801 3876 vim
822 3829 849 3873 et
869 3827 1000 3871 naturam
1020 3813 1162 3892 explicat.
1206 3821 1243 3880 In
1266 3821 1307 3880 So-

78 3909 165 3967 cratis
185 3931 254 3969 vero
273 3913 423 3987 oratione,
444 3914 589 3973 interioris
609 3913 775 3993 indaginis,
795 3935 867 3992 quae
894 3910 1041 3971 cernendo
1061 3914 1220 3995 procedit,
1238 3940 1308 4000 per

79 4005 153 4064 fecta
173 4022 267 4067 exstat
285 4011 403 4090 specics.
446 4012 583 4092 Opposita
603 4033 706 4091 nempe
725 4011 795 4068 haec
813 4024 855 4070 cst
874 4021 1136 4087 cumeaeterorum
1156 4018 1309 4089 encomiis,

78 4114 139 4160 tum
160 4104 297 4165 laudibus
324 4109 467 4180 maxime,
488 4108 594 4187 quihus
623 4108 734 4187 Agatho
763 4122 827 4187 post
854 4109 922 4167 illos
952 4126 1073 4164 amorem
1102 4108 1309 4183 celebraverat.

78 4201 142 4260 Nou
171 4202 342 4264 discrevisse
371 4205 422 4264 hos
454 4208 494 4264 ait
512 4206 640 4265 Socrates
671 4206 707 4264 ab
725 4208 827 4264 ellectu
847 4205 950 4266 amoris
968 4223 1090 4263 amorem
1112 4207 1224 4286 ipsum,
1258 4215 1310 4274 Neo

78 4336 244 4348 ——-—-—-.
257 4343 278 4348 -.
295 4344 311 4349 -,
325 4344 332 4348 .-

69 4462 73 4469 ,
112 4406 137 4469 1)
158 4409 232 4462 lultiu
248 4430 272 4478 p.
294 4412 358 4467 261.
378 4412 427 4462 217
