2796 5048
665 221 722 280 125

74 397 203 460 tavent,
222 383 316 443 oculis
344 382 413 441 haec
442 381 502 440 fere
528 378 667 440 lectorum
691 381 832 458 subjicere
859 380 990 456 studuit,
1020 390 1106 460 utque
1131 393 1193 439 tum
1220 380 1305 442 nobis

77 481 239 541 Persem
255 471 431 562 apparnito'
458 469 633 560 φιλόκαλος,
656 472 674 540 o‘
701 472 897 561 φιλκῖμουσος,
923 472 942 540 o‘
970 470 1123 560 ἐρωτικός·
1155 477 1196 535 ita
1224 500 1304 539 nunc

80 581 273 640 tonsoratum
292 579 523 660 explorabimus,
536 575 591 641 rob
603 576 739 665 εὐμαθῆ,
756 574 811 642 τᾶν
826 580 998 663 φιλομαθῆ,
1010 575 1065 641 τόν
1080 572 1165 661 φύσει
1181 565 1305 658 φιλόσο-

75 700 145 759 φον·
165 678 332 760 pariterque
351 699 430 738 nunc
451 681 534 740 nobis
553 683 723 743 Theaetetus
742 684 825 743 hicce
843 683 1054 765 philosophiam
1070 690 1136 742 am
1156 676 1305 752 recludet,

74 794 105 840 ut
125 793 196 839 ante
214 798 265 836 nos
283 774 370 836 duxit
390 778 422 837 in
436 782 543 856 pulcri
561 782 775 863 philosophiam
795 779 949 842 Phaedrus.
1273 778 1276 782 ⁴

112 875 271 954 Dialogus,
299 895 384 952 quem
413 877 627 957 significamus,
648 880 796 941 Theaeteti
825 880 942 938 nomine
961 880 1135 960 inscriptus,
1166 874 1305 956 ejusmodi

72 973 163 1033 habet
190 971 359 1048 exordium,
391 987 441 1049 ut,
469 997 555 1054 quam
575 978 898 1038 eximiam'Theaetetus
917 999 934 1037 a
953 978 1059 1036 teneris
1084 976 1213 1036 indolem
1238 995 1307 1056 pro·

72 1069 207 1145 diderit,
227 1089 264 1129 ex
287 1070 420 1131 Euclidis
448 1093 515 1132 cum
539 1077 698 1157 Terpsione
726 1075 905 1136 sermonibus
931 1075 1128 1155 intelligamus
1156 1075 1305 1133 continuo.

73 1170 149 1228 Nam
165 1168 292 1248 Megaris
310 1167 362 1228 ille
380 1170 412 1228 in
431 1169 511 1232 hunc
536 1174 689 1249 incidens,
710 1175 743 1233 in
769 1188 854 1256 portu
879 1194 907 1234 se
927 1187 1025 1232 narrat
1049 1172 1235 1231 Theaetetum
1262 1172 1305 1232 vi·

74 1266 172 1344 disse,
190 1265 399 1327 moribundum
421 1269 498 1345 fere,
518 1293 609 1351 quum
628 1272 818 1347 vulneribus,
838 1291 911 1351 quae
939 1272 971 1330 in
994 1271 1055 1329 acie
1082 1279 1248 1349 acceperat,
1277 1282 1306 1328 et

75 1367 166 1445 magis
182 1366 269 1425 etiam
286 1364 450 1446 dysenteria
469 1368 621 1446 laborans,
642 1370 781 1431 Corintho
812 1369 938 1429 Athenas
966 1367 1207 1429 transveheretur.
1247 1366 1305 1425 Hic
1384 1376 1387 1383 ’

76 1463 241 1545 Terpsion:
266 1464 373 1538 «Quem
394 1485 481 1541 vero,
512 1469 627 1547 inquit,
657 1471 753 1530 virum
771 1469 804 1528 in
821 1469 921 1528 mortis
936 1466 1065 1548 periculo
1085 1465 1192 1526 versari
1213 1463 1303 1525 dicis!

57 1555 183 1623 -Καλόν
203 1584 234 1622 τε
254 1560 304 1623 καὶ
324 1555 456 1642 ἀγαθόν,
486 1587 502 1626 o
522 1567 682 1648 Terpsion,
704 1567 818 1648 reponit
845 1565 999 1642 Euclides3
1023 1580 1050 1625 et
1067 1585 1135 1624 sane
1155 1564 1304 1623 comitatus

81 1682 143 1722 eum
162 1678 381 1746 prosecutusque
401 1666 439 1726 ad
457 1666 580 1728 Erinum
601 1664 631 1744 l)
656 1687 763 1744 usque,
793 1686 858 1724 oum
880 1663 938 1724 huc
961 1663 1104 1738 redirem,
1123 1663 1155 1721 in
1181 1674 1306 1721 mentem

84 1761 152 1821 mihi
168 1761 293 1823 Socratis
311 1763 412 1839 venit,
433 1763 645 1842 admiratusque
665 1784 745 1838 sum,
765 1784 852 1842 quam
870 1783 937 1823 vere
964 1761 1015 1820 ille
1043 1775 1070 1821 et
1098 1761 1134 1821 de
1153 1759 1219 1820 aliis
1235 1758 1307 1829 alias

89 1871 112 1915 ct
127 1859 162 1920 de
179 1861 233 1920 hoc
251 1861 282 1920 in
303 1861 404 1942 primis
426 1863 601 1922 vaticinatus
619 1863 665 1922 sit.
700 1861 827 1922 Videtur
843 1861 921 1919 enim
938 1858 1011 1918 mihi
1030 1860 1130 1940 paucis
1148 1872 1214 1917 ante
1233 1878 1306 1916 mor·

92 1966 141 2015 lem
155 1959 258 2020 diebus
276 1959 562 2035 illi,adolescentulo
581 1961 756 2036 etiamtunc,
776 1960 897 2025 obviam,
910 1958 1020 2032 factus,
1041 1977 1186 2035 quumque
1204 1956 1305 2014 fuisset

27 2138 29 2143 Ι
96 2069 148 2112 tum
167 2077 206 2115 -eo
234 2057 411 2134 collocutus,
432 2080 569 2139 perquam
595 2060 657 2136 ejus
681 2058 810 2118 indolem
835 2057 993 2117 admiratus
1020 2076 1096 2114 esse:
1117 2053 1189 2113 mihi
1213 2066 1308 2112 autem

10 2155 36 2208 »ἔ
96 2149 208 2214 Athenas
225 2156 357 2216 venienti
375 2178 441 2215 cum
460 2177 602 2216 sermones
622 2157 786 2231 enarravit,
806 2170 958 2235 quoscum
976 2174 1009 2213 eo
1027 2152 1184 2226 habuerat,
1204 2151 1308 2231 dignos

10 2244 44 2282 ¹*
93 2247 183 2312 audin
205 2273 292 2328 sane,
313 2267 376 2313 tum
399 2253 534 2330 addidit,
554 2268 745 2336 praestantem
769 2255 882 2329 virum,
903 2253 927 2312 si
951 2251 1137 2326 adolevisset,
1158 2271 1223 2309 eum
1245 2249 1308 2308 sine

10 2336 43 2417 Ὗ
88 2335 172 2409 dubio
198 2351 355 2410 futurum.»
380 2349 412 2431 2)
431 2396 463 2406 ..
490 2352 567 2412 Haec
593 2352 626 2412 in
653 2353 789 2429 exordi03
822 2351 872 2412 sed
899 2347 1002 2426 nobis,
1032 2350 1126 2430 qualis
1144 2348 1197 2408 illa
1216 2360 1307 2407 aetate

30 2502 33 2509 .
82 2429 252 2509 Theaetetus
270 2450 375 2524 fuerit,
396 2470 433 2508 ex
450 2449 496 2509 his
514 2450 584 2531 ipsis
600 2451 723 2510 maxime
734 2473 822 2530 ,quos
835 2449 972 2510 Euclides
992 2461 1146 2522 memorat,
1167 2444 1307 2505 sermoni-

10 2521 23 2605 ⁵1
71 2522 125 2596 ¹³⁰⁸
155 2548 319 2628 intelligere
344 2547 422 2609 licet.
463 2549 535 2608 Nam
559 2547 661 2608 horum
684 2550 947 2622 facta-mentione,
968 2560 1048 2626 rogat
1067 2566 1131 2604 eum
1146 2544 1307 2624 ,Terpsion,

10 2618 21 2709 .'
66 2641 93 2687 ¹¹²
112 2657 229 2703 secum
245 2667 293 2705 eos
310 2647 521 2707 communicet:
542 2647 593 2705 ille
619 2667 687 2707 vero
707 2645 740 2705 id
759 2646 845 2706 facile
865 2646 956 2705 amico
975 2642 1137 2723 recipiens,
1158 2653 1306 2722 postquam

57 2731 171 2819 ‘mbo'
184 2757 347 2826 opportuno
366 2745 429 2805 loco
448 2744 655 2818 consederant,
676 2764 758 2803 servo
773 2743 880 2802 librum
899 2741 1006 2815 tradit,
1020 2761 1078 2819 quo
1097 2761 1144 2799 eos
1162 2741 1222 2821 ipse
1240 2760 1306 2798 con·

52 2830 235 2916 ucripserat
248 2841 336 2918 olim,
357 2856 385 2902 et
402 2843 562 2924 praelegere
576 2840 670 2917 jubet.
701 2841 804 2900 Habiti
824 2855 918 2900 autem
936 2861 952 2899 a
970 2838 1086 2899 Socrame
1105 2839 1222 2897 fuerant
1239 2858 1306 2897 cum

51 2917 238 3003 Theodoro.
251 2942 428 3021 Cyrenaico,
448 2954 476 3000 et
493 2941 615 3021 primum
635 2939 753 3020 quidem
770 2939 807 2999 de
825 2939 991 3012 Theaeteto,
1005 2952 1067 2997 tum
1087 2936 1219 3013 absenn5
1240 2957 1308 2996 mox

48 3038 144 3090 v⁸¹⁸0
171 3040 232 3120 ipse
261 3052 414 3098 accesserat
432 3038 606 3099 adolescens.
647 3039 685 3098 Et
707 3037 884 3118 sicquidem
907 3057 1023 3097 exorsus
1047 3036 1176 3095 Socrates
1202 3034 1308 3095 iuerat.

50 3118 126 3186 “Si
172 3138 313 3218 Cyrenaei
337 3158 405 3218 prae
431 3136 551 3196 caeteris
578 3136 649 3196 mihi
676 3157 761 3196 curae
786 3151 896 3212 essent,
926 3134 1132 3208 oTheodore,
1161 3131 1308 3192 derebus

47 3236 181 3293 ⁰⁰¹'111n
198 3247 226 3294 te
244 3234 336 3314 deque
353 3237 389 3295 iis
409 3236 478 3316 ipsis
500 3255 647 3314 rogarem,
668 3256 739 3294 num
762 3236 812 3315 qui
831 3234 894 3293 illic
918 3233 1113 3294 adolescentes
1137 3232 1168 3291 in
1200 3251 1306 3312 geome-

48 3314 280 3393 tr1³³·1naliave
301 3332 397 3392 studia
416 3332 633 3409 incumberent,
659 3353 738 3391 nunc
758 3353 826 3394 vero
845 3333 941 3392 minus
958 3332 1043 3406 illos,
1071 3351 1156 3409 quam
1183 3329 1234 3389 hos
1257 3349 1307 3390 no·

51 3425 151 3484 mos
174 3450 256 3504 arno,
275 3432 419 3511 magisque
436 3432 549 3491 novisse
568 3453 656 3507 aveo,
676 3432 794 3510 quinam
813 3431 903 3512 apud
916 3452 968 3491 nos
987 3429 1181 3489 adolescentes
1200 3428 1308 3489 virtute
1356 3473 1361 3482 .

52 3507 240 3587 Videamus
258 3528 386 3607 insignes
404 3529 506 3589 futuri.
546 3531 608 3589 Hoc
627 3551 677 3610 ego
696 3530 802 3610 etipse
825 3529 944 3610 exploro
966 3548 1018 3608 pro
1042 3527 1158 3587 viribus
1186 3539 1213 3585 et
1236 3525 1308 3585 alios

53 3626 167 3700 ¹⁰80,
188 3624 361 3704 quibuscum
373 3627 499 3703 juvenes
520 3626 607 3687 video
629 3627 763 3688 lubenter
786 3648 844 3687 esse
867 3648 937 3702 una;
959 3638 987 3684 te
1006 3638 1102 3685 autem
1120 3622 1200 3693 haud
1223 3625 1308 3705 pauci

53 3722 248 3784 sectantur:
269 3745 322 3782 nec
342 3725 499 3784 immerito:
522 3745 588 3783 nam
608 3723 714 3804 dignus
728 3746 824 3784 eorum
842 3723 945 3783 studiis
965 3738 992 3783 et
1010 3724 1127 3783 omnino
1147 3744 1176 3781 es
1195 3737 1222 3782 et
1241 3743 1309 3803 geo-

54 3817 201 3907 m‘etl'iae
214 3823 304 3902 gratia
314 3847 323 3899 ;
345 3823 369 3882 si
388 3844 471 3902 quem
485 3824 573 3904 igitur
591 3836 691 3882 nactus
709 3844 738 3881 es
762 3836 916 3882 memoratu
940 3821 1078 3901 dignum,
1100 3821 1234 3880 lubenter
1254 3841 1308 3880 au-

52 3894 172 3979 d¹²¹11n
215 3921 269 3981 Cui
288 3920 472 3996 Theodorus,
500 3923 596 4002 atqui,
627 3921 808 3996 oSocrates,
839 3919 1011 4002 respondet,
1042 3935 1069 3979 et
1092 3942 1136 3978 me
1156 3919 1261 3977 referre
1280 3931 1307 3977 et

50 4002 73 4048 ¹⁰
97 4018 234 4078 andire
253 4021 441 4101 maximopere
458 4019 557 4096 decet,
578 4020 691 4100 qualem
710 4041 725 4078 e
745 4019 846 4080 vestris
865 4018 979 4080 civibus
996 4017 1205 4077 adolescentem
1223 4015 1308 4074 inve-

45 4105 106 4149 ¹¹⁰¹*
106 4103 197 4174 i111:
218 4117 269 4196 qui
290 4120 314 4178 si
333 4119 472 4179 formosus
492 4134 582 4195 esset,
606 4105 725 4180 laudare
743 4139 808 4177 eum
820 4138 964 4204 vererer,
985 4137 1022 4176 ne
1043 4118 1089 4175 cui
1110 4117 1207 4175 forsan
1226 4112 1308 4172 illius

39 4218 341 4266 χ.-

64 4294 119 4367 Ῑ)
167 4326 228 4378 Loci
250 4330 275 4379 iu
295 4327 378 4381 Attica
396 4344 506 4392 nomeu,
527 4337 553 4379 ut
572 4345 587 4380 e
605 4328 730 4381 Pausania
747 4327 979 4380 effecitlleiudori.
1010 4325 1084 4376 adh.
1113 4324 1129 4373 l.

59 4377 125 4452 ²)
173 4409 266 4464 nna.
296 4410 345 4464 nr
364 4411 393 4465 c.
