2796 5048
683 227 722 286 28

88 405 135 442 rae
162 387 363 478 p1·etiumest,
383 388 558 446 Platonicam
579 388 687 448 hancce
712 389 911 470 philosophiae
941 389 1103 461 notionem,
1126 391 1158 448 in
1179 389 1233 449 hoc
1259 391 1321 470 ipso

87 482 300 562 disquisitionis
320 494 432 545 nostrae
452 487 591 560 introitu,
611 487 780 567 diligentius
797 485 1005 567 explicaret)

194 680 408 758 Philosophia,
429 684 463 740 de
487 693 620 740 veterum
640 690 791 740 sententia
801 728 809 757 ,
831 705 916 742 antor
939 694 983 742 est
1000 686 1210 763 cognoscendi,

469 787 636 857 sapientiae
666 782 811 840 studium.
1153 773 1155 777 ¹

130 972 209 1046 Quae
237 973 379 1062 hodieque
411 990 452 1035 est
491 976 617 1055 vulgaris
651 976 687 1036 de
720 974 903 1056 philosophia
940 977 1063 1056 opinio,
1101 975 1200 1060 eadem
1241 977 1321 1057 apud

90 1070 213 1131 Graecos
232 1087 260 1131 et
286 1074 408 1153 pristino
437 1089 563 1155 tempore
588 1075 645 1132 fuit
673 1088 701 1132 et
731 1074 818 1132 rediit
846 1073 986 1132 deteriore
1015 1073 1136 1132 saeculo.
1183 1073 1320 1151 ¹Sapien-

91 1180 135 1228 tes
153 1172 277 1250 primum
296 1171 436 1251 appellari
462 1172 607 1247 solebant,
628 1173 793 1251 quicunque
811 1170 895 1229 rebus
915 1170 1120 1251 cognoscendis
1143 1169 1319 1230 sublimiori·

11 1349 14 1352 ¹
91 1267 146 1326 bus
164 1268 328 1354 studebant.
370 1271 433 1343 Quo
445 1272 569 1329 'nomine
589 1270 784 1330 doctrinarum
803 1267 1018 1349 significabatur
1037 1270 1159 1350 peritia,
1180 1289 1254 1346 quae
1275 1268 1321 1329 vel

61 1417 64 1426 ,
92 1380 209 1426 naturae
228 1365 394 1447 spectabant
414 1367 627 1447 indagationem
647 1366 694 1427 vel
712 1368 863 1426 hominum
879 1368 977 1427 vitam.
1019 1368 1072 1425 His
1091 1366 1251 1425 tractandis
1271 1366 1321 1445 qui

77 1460 195 1524 'famam
204 1465 282 1545 apud
292 1463 422 1542 aequales
431 1466 577 1547 corstcuti
588 1479 669 1524 erant
678 1511 686 1539 ,
702 1484 799 1522 earum
816 1463 992 1523 videbantur
1002 1471 1129 1523 scientie
1140 1463 1285 1522 excellere
1295 1477 1322 1522 et

91 1571 261 1640 sapientum
275 1563 393 1621 nomine
403 1563 631 1624 celebrabantur.
658 1565 716 1621 Nec
735 1584 803 1623 vero
822 1577 917 1644 postea
935 1562 1110 1638 defuerunt,
1131 1583 1202 1621 aevo
1219 1563 1252 1620 in
1262 1563 1322 1643 pri·

90 1661 144 1717 mis
157 1658 358 1719 Alexandrino
374 1673 401 1718 et
411 1661 556 1735 Romano,
574 1663 638 1739 qui,
654 1663 784 1740 quamvis
795 1661 912 1719 meliora
931 1659 1043 1734 edocti,
1059 1662 1210 1739 antiquum
1224 1674 1321 1718 tamen

91 1778 196 1816 morem
211 1771 382 1838 usurparent
399 1779 431 1817 ae
445 1758 657 1840 philosophiam
677 1773 813 1819 vocarent
836 1780 930 1817 rerum
949 1758 1116 1819 divinarum
1135 1772 1164 1817 et
1182 1757 1321 1817 humana·
1352 1817 1355 1826 ,

91 1857 325 1935 cumscientiam
367 1856 451 1930 Quod
470 1859 565 1937 magui
584 1861 668 1917 ctiam
686 1859 744 1917 viri
736 1857 983 1930 admise1·,'unt
976 1878 1036 1914 rse
1058 1856 1128 1915 adeo
1149 1856 1320 1938 geographo-

90 1977 155 2015 rum
181 1955 332 2037 prineeps,
361 1953 492 2034 idemque
515 1956 720 2037 philosophus,
749 1954 866 2015 Strabo:
899 1952 930 2034 2)
899 1878 1008 2012 ‘’neld
1029 1953 1176 2014 dubitavit
1194 1953 1321 2013 subinde

91 2053 217 2129 Seneca,
237 2075 309 2133 quae
326 2052 485 2113 Stoicorum
505 2068 565 2112 erat
578 2056 738 2128 temeritas,
759 2053 945 2134 philosophos
963 2051 1108 2132 appellate
1119 2060 1279 2130 sapientes.
1291 2050 1321 2132 3)

130 2150 240 2226 Quodsi
259 2173 292 2210 ea
310 2151 477 2231 respicimus
495 2132 641 2232 tbmpora,
662 2152 767 2230 quibus
788 2151 885 2210 floruit
900 2150 978 2231 apud
997 2148 1130 2210 Graecos·
1128 2150 1321 2232 philosophia

91 2263 119 2309 et
147 2250 242 2328 viguit
258 2249 398 2322 maxime,
428 2248 474 2306 his
498 2269 559 2306 eam
582 2251 754 2329 reperiemus
778 2263 906 2308 accurate
926 2271 942 2306 a
959 2269 1054 2306 rerum
1078 2250 1198 2308 seientia
1218 2263 1245 2308 et
1266 2249 1321 2309 do-

90 2347 200 2406 ctrinae
218 2346 329 2407 ratione
348 2344 523 2405 distinctam
565 2348 677 2406 Primus
696 2348 826 2409 veluti
804 2368 917 2428 signum
932 2346 1047 2405 sustulit
1060 2348 1253 2429 Pythagoras,
1273 2370 1321 2408 re-

90 2443 223 2503 conditae
241 2445 288 2506 vir
311 2442 477 2518 doctrinae,
497 2465 550 2503 nee
579 2444 634 2504 ulli
657 2448 838 2528 sapientum,
859 2446 909 2523 qui
938 2445 978 2503 sic
1007 2444 1253 2525 appellabantur,
1274 2468 1323 2506 sa-

89 2539 201 2622 pientia
224 2541 347 2603 cedens:
368 2541 420 2620 qui
445 2542 512 2602 aliis
539 2543 701 2605 concedens
725 2559 752 2604 et
781 2565 886 2604 nomen
916 2540 1013 2623 σοφοῦ
1039 2556 1066 2601 et
1086 2543 1244 2618 honorem,
1263 2544 1321 2605 sibi

125 2788 154 2854 1)
173 2789 243 2842 Loca
264 2791 296 2842 de
310 2790 362 2842 hoc
376 2795 527 2860 argumento
542 2789 651 2842 classica
666 2800 724 2843 sunt
738 2791 845 2844 Phaedr.
860 2790 911 2845 276
926 2794 956 2845 Α.
976 2809 1031 2861 sqq.
1046 2792 1139 2844 Phoed.
1156 2786 1198 2843 81.
1215 2793 1246 2844 Α.
1262 2808 1319 2863 sqq.

91 2877 120 2926 de
141 2876 202 2943 hep.
225 2875 265 2926 111.
288 2874 340 2926 vlt
363 2876 436 2944 (ἴση
457 2875 560 2927 team
583 2892 639 2944 sqq.
658 2878 753 2928 Theaet.
769 2877 826 2928 172.
843 2877 935 2946 C..sqq
952 2877 1033 2929 Ansot
1051 2877 1106 2929 ¹33.
1123 2877 1151 2930 G
1167 2890 1223 2946 sqq
1239 2879 1318 2948 Epist.

91 2959 144 3010 Vll.
152 2957 239 3010 3403.
261 2959 409 3012 Doctrinam
430 2961 547 3014 Platonis
560 2965 703 3012 universam
717 2972 891 3028 exposuerunt
905 2963 1005 3026 cicae,
1023 2964 1102 3014 head.
1118 2964 1137 3014 1.
1159 2962 1234 3014 Mi).
1249 2965 1320 3050 Dssp.

91 3046 175 3095 haere.
200 3045 242 3096 111.
266 3046 289 3097 1.
318 3045 368 3098 67-
370 3045 426 3098 109.
448 3046 583 3109 Alcinorts,
607 3036 647 3109 εἰς
674 3030 711 3095 tei
739 3037 792 3096 τοῦ
818 3031 982 3110 Πλάτωνος
1010 3031 1198 3116 δόγματα
1173 3026 1319 3119 αοαγιογή

92 3129 165 3197 (Plat.
181 3128 255 3181 Diall.
272 3149 324 3183 cur.
340 3132 451 3182 Fischer.
466 3130 523 3182 Vol.
539 3127 567 3194 l.)
581 3129 717 3198 Apulam,
735 3129 767 3180 de
782 3130 930 3182 habitudine
948 3131 1121 3182 doctrinarum
1130 3132 1244 3182 etnatrv
1258 3130 1320 3189 Pla·

6 3256 8 3261 .
91 3216 174 3266 tonis:
187 3219 280 3284 purtim
295 3216 354 3281 alii,
372 3217 495 3283 deinceps
510 3216 585 3266 nohis
601 3212 731 3265 laudandi.
750 3214 788 3265 De
797 3217 984 3267 recentioribus
996 3235 1018 3267 v.
1028 3217 1118 3280 Bahle,
1132 3215 1266 3267 hehrbuch
1274 3215 1322 3267 det

92 3299 245 3353 Geschiehte
267 3302 313 3352 der
333 3298 429 3353 Philos.
457 3296 487 3351 ll.
510 3301 563 3351 init.
580 3307 606 3351 et
621 3299 785 3363 Tenaemann,
802 3300 903 3366 System
919 3301 965 3352 der
980 3301 1043 3352 Plat.
1060 3300 1124 3352 Phil.
1141 3301 1213 3352 Vorr.
1230 3317 1255 3368 p.
1271 3298 1314 3352 28.

91 3387 226 3454 Principes
248 3396 307 3439 sunt
323 3404 379 3439 cum
395 3388 420 3437 hi
436 3388 485 3453 ipsi
500 3385 600 3437 Platon.
616 3384 710 3452 philos.
726 3383 825 3452 intpp,
844 3394 896 3438 tum
917 3386 1032 3454 Wptteuh.
1049 3383 1143 3454 Opusc.
1159 3384 1177 3437 1.
1193 3382 1255 3438 392.
1268 3385 1316 3437 571

91 3489 165 3542 sqq,
188 3474 214 3524 in
236 3473 325 3541 primis
348 3473 380 3524 ad
402 3463 576 3525 Phaedonem.
601 3472 722 3534 Creusae,
744 3469 836 3539 Praep.
858 3480 886 3543 et
910 3482 996 3524 annot.
1019 3474 1051 3524 ad
1074 3472 1167 3523 Plotia.
1191 3472 1225 3522 de
1239 3472 1322 3539 paler.

93 3560 315 3623 Schhiermachcr,
333 3559 438 3610 Platons
454 3557 558 3609 Werke.
575 3557 685 3608 Einleit.
703 3555 785 3607 Porro
801 3558 923 3622 hisistere,
946 3557 1039 3610 Gesch.
1062 3559 1086 3608 d.
1102 3559 1177 3608 Wiss.
1193 3559 1220 3608 in
1238 3556 1280 3610 Gr.
1295 3574 1323 3609 ιι.

92 3645 165 3697 Rom.
188 3645 263 3697 1781.
283 3645 313 3696 11.
332 3643 384 3696 683
399 3661 454 3712 sqq.
472 3644 615 3706 Eberhard,
633 3642 698 3694 tiber
718 3642 768 3693 den
785 3642 885 3695 Zweeh
903 3644 950 3695 der
967 3644 1033 3694 Phil.
1053 3644 1099 3694 des
1117 3643 1200 3694 Plato.
1219 3641 1338 3706 (Vena.-

92 3728 400 3794 Schr.1788.)Schulae,
423 3730 455 3780 de
474 3745 571 3779 summo
591 3745 644 3779 see.
663 3728 799 3779 Platonem
816 3729 998 3796 philosophiae
1013 3727 1146 3779 finettee.
1159 3728 1323 3792 Tiedemoan,

18 3813 21 3819 ’
94 3816 198 3886 Argum.
219 3816 287 3866 diall.
310 3816 373 3867 Plat.
398 3814 470 3866 1786.
499 3824 525 3865 et
541 3812 612 3865 Geist
628 3815 651 3864 d.
671 3813 852 3880 specPhilos.
869 3813 942 3866 1791.
958 3815 987 3864 11.
1003 3813 1044 3865 63.
1059 3831 1115 3882 sqq.
1133 3815 1322 3882 Morpensterss,

48 3911 52 3917 “
94 3902 192 3959 ‚Corum
217 3911 269 3952 tres
286 3901 318 3952 de
344 3901 408 3968 Rep.
430 3900 494 3951 Plat.
525 3900 599 3950 1791.
624 3901 747 3963 Herbart,
768 3900 801 3950 de
823 3899 886 3951 Plat.
903 3901 971 3968 Syst.
992 3900 1104 3951 lundam.
1131 3899 1205 3951 1805.
1226 3901 1326 3965 Ritter,

91 3987 186 4040 Gescb.
210 3986 234 4038 d.
254 3983 351 4038 Philos.
376 3985 449 4038 18311.
470 3987 499 4037 11.
521 3985 570 4036 179
592 4002 647 4053 sqq.
684 3985 710 4035 C.
728 3985 756 4036 F.
769 3986 906 4049 Herranms,
928 3983 1019 4037 Gesch.
1036 3986 1087 4037 und
1103 3986 1171 4051 Syst.
1187 3984 1235 4036 der
1250 3985 1318 4038 Plat.

95 4075 191 4126 Philus.
219 4069 293 4124 1838.
342 4070 405 4123 Tum
433 4079 648 4123 commentatores
679 4070 760 4134 Plau,
793 4073 902 4122 maxime
936 4070 1014 4136 Wolf,
1044 4072 1142 4134 Bockh,
1170 4072 1324 4135 Buttmann,

98 4161 154 4224 Ast,
176 4160 325 4221 Stallhoum,
350 4159 409 4223 alii,
427 4175 491 4227 quos
508 4159 632 4224 deinceps
648 4157 855 4210 memorabimus.
896 4156 901 4167 '

130 4251 162 4316 2)
180 4252 265 4321 Geopr.
290 4253 343 4303 init.
381 4236 431 4325 ἦτε
453 4237 702 4321 πολυμάθεια-
723 4264 774 4302 ουκ
788 4236 877 4303 ἄλλον
892 4234 971 4316 τινός
986 4235 1065 4302 ἔστιν
1069 4235 1185 4323 ,ἢτοῦ
1195 4234 1232 4302 toi
1250 4242 1327 4304 θεῖα

93 4345 141 4407 καὶ
161 4340 200 4407 τοὶ
220 4341 395 4431 ἄνθρανιινα
415 4341 624 4426 ἐπιβλέποντος·
648 4335 750 4425 ὦνπερ
764 4339 819 4426 τήν
840 4339 1053 4426 φιλοσοφίαν
1038 4362 1205 4426 ιπιστημην
1220 4343 1324 4466 (podir.

130 4448 202 4514 3)ν.
219 4468 241 4502 c.
263 4453 301 4502 De
318 4460 392 4503 coast.
411 4451 595 4518 sapsastisiuit.
