2796 5048
594 237 653 297 219
1274 288 1296 333 ¹

78 392 187 470 dictis,
207 396 269 476 ipse
289 395 502 459 animadvertit.
551 390 669 458 «Ἔστιν
690 388 741 459 οὖν
761 387 823 481 ὅπῃ
937 378 1235 477 ῃτοιοῦτονιέπιτιί-

55 512 127 571 aaa,
154 487 172 554 ii
192 487 302 574 μήποτ’
321 488 358 555 ἄν
377 518 421 570 τις
442 488 504 571 οἷός
523 521 554 560 τι
575 496 685 580 γένοιτο
707 495 821 571 ἱκανῶς·
919 492 1034 567 δεῦσαι,
1056 489 1082 551 εἰ
1102 483 1147 570 μή
1168 482 1235 569 ipri-

60 616 72 653 t
96 590 143 676 εἴη
170 589 335 676 μνήμων,
360 591 541 681 εὐμαθής,
566 592 854 682 μεγαλοπρεπής,
879 591 1042 677 εὔχαρις,
1070 591 1175 674 φίλος
1198 612 1235 653 τε

56 693 80 757 *l
117 692 290 778 ἓνγγένῆς
326 693 517 780 ἀληθείας,
558 697 804 783 δικαιοσύνης,
842 695 1007 781 ἀνδρίας,
1048 686 1235 797 σωφροσιὲ

56 822 96 881 Ιςς
114 801 209 861 -.-Ne
228 801 340 861 Momns
364 802 481 881 quidem
501 806 561 885 ipse
578 805 743 885 hujusmodi
768 803 839 884 quid
857 814 1015 901 earqeret.»
1033 797 1061 878 l)
1101 796 1158 856 Sed
1178 816 1234 891 quo

56 900 134 961 ionius
151 919 204 959 nos
219 899 284 975 ita,·-
308 900 380 980 quid
398 903 431 961 in
449 890 629 987 philoiophia
650 924 790 964 summum
807 903 862 977 sit,
890 919 1002 978 quoque
1021 898 1124 957 ducere
1144 894 1235 955 disci-

56 996 119 1059 lium
144 994 290 1056 hominem
319 997 460 1074 debeant,
497 1004 701 1082 eognovimus,
740 1023 773 1062 eo
800 1000 889 1077 facili
936 1008 1021 1057 'nunc
1053 994 1234 1073 exqru'rernus

56 1114 121 1170 otto,
140 1094 218 1174 quod
237 1094 270 1153 in
287 1084 388 1174 primis
407 1098 490 1158 nobis
508 1100 724 1207 explorandum
738 1084 906 1160 sumsimus:
979 1064 1003 1113 ⁶
1241 1112 1244 1117 '

96 1272 252 1355 Quibus
281 1284 458 1336 marimo
487 1246 751 1358 disciplinis
773 1274 1163 1357 juvenes-erudiri

144 1383 333 1450 oportffi
364 1385 550 1453 quincti
571 1390 670 1439 eunt
698 1381 748 1438 od
773 1370 1107 1456 philosophiam?
1195 1410 1212 1427 -.

62 1516 133 1593 „sum
159 1536 277 1594 omnino
304 1534 471 1598 erudiendis
494 1541 636 1619 juvenum
665 1556 824 1627 nptrornm
847 1494 972 1625 insta
988 1532 1160 1613 disciplinae
1181 1549 1241 1613 ¹¹55.

57 1632 165 1693 suriae.
215 1634 287 1692 Nam
317 1636 509 1714 quaesivimus
542 1638 657 1717 quidem
669 1685 677 1715 ,
706 1640 823 1717 quinam
857 1634 979 1694 maxime
1013 1629 1115 1691 natura
1142 1624 1236 1686 essent

57 1728 183 1813 iilosophi
193 1777 202 1807 ,
223 1747 380 1814 sponteque
408 1748 435 1793 et
460 1717 628 1825 sqpientiam
648 1750 776 1796 amarent
791 1749 819 1794 et
837 1755 894 1792 nna
913 1753 977 1791 eum
996 1751 1028 1788 ea
1046 1742 1118 1787 artes
1137 1746 1234 1785 omnes

77 1824 236 1905 doctrinas,
257 1852 328 1911 quae
356 1822 498 1892 tendunt*
509 1834 547 1893 ad
564 1836 671 1917 ipsam:
693 1834 855 1913 iidemque,
875 1831 929 1890 hoe
947 1828 1027 1888 ducti
1045 1844 1138 1885 amore
1148 1869 1157 1899 ‚
1178 1821 1233 1902 ipsi

57 1940 133 1989 mose
164 1950 216 2010 per
241 1951 270 1989 se
291 1930 461 2013 disciplinas
481 1933 652 2009 inveniant,
672 1932 777 2013 quibus
795 1945 931 2010 tanquam
951 1923 1137 2007 adminiculis
1156 1919 1234 1979 inni·

57 2038 127 2103 stes,
146 2026 185 2087 ad
211 2029 367 2109 sapientiae
390 2028 489 2090 'arcem
518 2032 640 2092 tendant
668 2047 696 2092 et
722 2031 902 2113 perveniant.
944 2024 1000 2085 Sed
1026 2021 1164 2100 restingui
1184 2017 1234 2076 hie

57 2140 96 2219 tuq·
119 2139 211 2207 potest
234 2129 376 2206 peversis
403 2127 525 2205 studiis,
546 2131 598 2190 illa
617 2144 707 2190 aetate
725 2127 891 2211 praesertim
901 2172 910 2202 ,
930 2145 986 2205 qua
1004 2119 1185 2181 subnascitur
1201 2116 1233 2173 in

58 2218 123 2281 imis
142 2245 196 2282 nee
215 2225 292 2304 viget
311 2226 393 2301 satis,
416 2239 447 2284 ut
467 2243 553 2288 semet
572 2230 632 2311 ipse
652 2230 727 2288 alat:
749 2204 906 2315 sitneque
924 2222 999 2304 perit
1015 2219 1066 2278 ille
1085 2218 1117 2276 in
1135 2211 1234 2297 mdtis

64 2338 122 2380 una
140 2342 207 2381 oum
224 2342 258 2385 eo
276 2326 369 2383 omnis
382 2344 523 2435 ugnosce
570 2327 576 2338 '
596 2327 736 2403 facultas,
757 2339 789 2384 ut
808 2308 956 2400 utiinsque
973 2320 1005 2378 in
1023 2329 1080 2376 tota
1097 2313 1236 2391 deinoeps
1266 2356 1283 2395 3

58 2408 157 2478 a'vix
186 2420 279 2479 ullum
306 2422 457 2502 vestigium
487 2445 523 2504 ap
576 2440 630 2485 eat.
671 2426 745 2505 Ergo
775 2412 944 2502 quacunque
973 2430 1039 2478 sunt
1057 2428 1086 2479 ω
1104 2406 1265 2491 quamVlS*

58 2517 171 2576 testanti
195 2518 314 2594 indole,
342 2519 481 2580 utendum
510 2521 675 2605 disciplinis
699 2537 758 2598 est,
780 2520 885 2600 quibus
905 2532 1022 2578 naturae
1043 2512 1238 2613 succure*

58 2634 77 2675 e
94 2636 163 2678 vero
182 2638 323 2697 quaenam
341 2619 464 2694 maxime
481 2622 557 2696 sint,
579 2621 749 2701 diligentius
763 2621 823 2699 jam
844 2617 970 2697 indagan
1014 2634 1050 2671 in.

274 2810 297 2859 ὓ
434 2797 491 2858 De
526 2801 821 2858 arithmetico.

60 2956 120 3017 tln
148 2942 257 3017 musica
283 2972 312 3017 et
336 2961 530 3039 gymnastica,
561 2962 602 3021 ait
619 2961 747 3023 Soerfles
767 2963 799 3021 in
819 2960 919 3022 iisdem
937 2962 983 3023 his
1001 2983 1066 3021 eum
1084 2961 1236 3023 Glaucone

64 3053 216 3115 Mimante
233 3057 425 3133 sermonibus,
446 3060 525 3119 haud
539 3061 739 3142 reperiuntur,
758 3081 829 3139 quas
842 3038 1022 3140 quaerimus,
1041 3060 1214 3142 disciplinae
1222 3072 1253 3134 ,ἡ

65 3172 110 3213 rus
136 3154 223 3213 etiam
241 3155 274 3213 in
293 3154 403 3216 artibus
423 3157 635 3219 illiberalihus:
657 3161 773 3219 sortasse
794 3161 853 3219 sint
872 3173 953 3218 extra
972 3159 1047 3221 illas.
1088 3158 1146 3218 Sed
1163 3179 1232 3238 age,

67 3270 80 3311 a
106 3251 257 3322 nihildum
281 3253 318 3312 ab
345 3254 391 3313 his
418 3255 526 3316 diversi
551 3272 674 3317 mentem
691 3258 805 3332 subeat,
826 3279 967 3317 sumamus
986 3257 1097 3337 aliquid
1116 3278 1232 3331 eorum,

69 3349 236 3425 comnibus
253 3355 508 3433 suntcommqnia.
550 3358 623 3414 Tum
645 3356 876 3439 Glauconquale
894 3355 995 3417 istudl
1016 3356 1136 3435 quaerit.
1177 3356 1231 3414 Cui

71 3461 161 3523 ntes,
183 3448 275 3509 veluti
302 3450 357 3509 hoe
382 3473 551 3528 commune,
580 3455 695 3534 inquit,
716 3475 773 3533 quo
803 3476 899 3514 omnes
929 3468 1049 3514 utuntur
1068 3467 1096 3512 et
1112 3467 1185 3512 artes
1204 3466 1233 3511 et

73 3546 200 3607 iunones
218 3561 245 3606 et
263 3548 418 3625 scientiae,
434 3551 611 3630 quodetiam
626 3553 719 3613 cuivis
732 3573 845 3611 necesse
858 3566 931 3611 estut
946 3553 1070 3633 primum
1085 3551 1186 3611 diseat.
1196 3581 1231 3591 -

78 3644 106 3705 le
134 3665 204 3705 vero
229 3645 307 3705 istud
336 3648 477 3710 tandein?
499 3690 528 3713 ψ
552 3649 620 3708 Vile
633 3631 745 3724 ‘hocce,
766 3651 879 3729 inquit,
901 3672 991 3709 unum
1009 3664 1038 3709 et
1056 3648 1114 3709 duo
1131 3664 1159 3709 et
1175 3650 1232 3709 tria

77 3762 198 3803 macera:
227 3742 273 3803 die
370 3762 415 3805 em
445 3749 579 3807 universe
607 3769 767 3806 numerum
794 3763 822 3808 et
839 3757 1087 3826 supputationem.
1129 3751 1232 3809 Nonne

79 3860 92 3901 r
118 3843 160 3902 sic
185 3822 218 3901 ie
245 3862 291 3901 res
318 3832 424 3919 Habet,
454 3859 486 3904 ut
515 3846 607 3905 onmis
634 3859 661 3904 et
690 3867 734 3905 ars
760 3860 788 3906 et
806 3845 937 3907 doctrina
958 3868 1055 3906 eorum
1073 3849 1230 3906 necessario
1285 3888 1291 3903 .

81 3940 157 4023 iceps
202 3942 245 4001 'tl
265 3973 297 3983 -
335 3943 497 4021 Omnino.»
545 3945 602 4003 Hie
630 3945 758 4005 Socrates
784 3945 903 4025 miratur
934 3947 1080 4025 antiquam
1109 3944 1145 4004 de
1159 3947 1230 4017 ¹Pa-

81 4038 125 4103 ale
152 3962 356 4116 emtionem,
386 4043 419 4103 in
448 4042 601 4123 tragoediis
629 4044 764 4118 obviam,
793 4043 879 4103 illum
904 4045 1010 4119 fuisse,
1031 4045 1081 4122 qui
1099 4062 1230 4101 numeros

82 4139 169 4198 niret.
195 4159 209 4191 u
220 4139 327 4214 Quasi,
349 4142 445 4220 inquit
454 4154 550 4215 ,tante
566 4141 745 4201 Palamedem
766 4164 818 4202 nec
838 4142 953 4203 ordines
973 4144 1004 4202 in
1018 4143 1077 4200 acie
1091 4139 1229 4199 collocare

82 4256 208 4296 nemnon
218 4268 227 4311 5
246 4258 300 4296 nec
320 4230 580 4322 naves“supputare
599 4242 753 4321 potuisset,
775 4261 827 4300 nec
845 4263 913 4302 vero
931 4243 1006 4322 ipse,
1026 4253 1094 4318 quot
1112 4237 1231 4297 haberet

90 4429 393 4497 mmmmm
