2796 5048
715 230 774 291 444
811 226 818 235 '

125 392 237 474 ingenii
256 393 404 471 animique
420 390 605 470 integritate,
624 411 661 449 ex
680 388 728 449 his
749 405 869 451 naturae
889 391 1021 451 fontibus
1040 392 1221 470 hauserunt,
1240 394 1345 457 incredi-

125 490 186 551 bile
203 491 284 551 dictu
303 505 362 566 est,
383 503 415 550 ut
435 489 562 569 vigorem
580 487 651 548 inde
669 488 788 548 trahant
807 489 947 550 continuo
956 536 966 566 ,
995 492 1118 572 aptique
1135 491 1275 574 deinceps
1290 493 1346 553 fiant

124 592 187 653 sive
214 589 252 650 ad
271 585 540 669 philosophandum
558 587 623 648 sive
639 587 677 647 ad
696 586 814 649 nullum
834 610 895 648 non
915 589 1022 648 artium
1042 589 1298 671 doctrinarumque
1313 613 1345 673 ge

126 710 182 749 nus
212 700 241 747 et
268 686 425 747 colendum
451 698 480 745 et
507 684 741 767 provehendum.
781 685 867 760 Quod
897 699 1034 768 expertus
1053 688 1193 769 equidem
1213 710 1347 771 peronne

125 786 180 846 hoc
198 798 311 867 tempus
329 805 412 859 sum,
439 805 496 864 quo
517 782 731 865 philosophiam
750 783 833 844 illam
853 785 1022 864 antiquam,
1043 787 1175 847 maxime
1195 786 1347 848 Socraticm

124 898 153 945 et
177 884 375 957 Platonicam,
404 883 550 963 generosis
568 881 804 943 adolescentibus
822 882 942 944 tradidi.
984 884 1036 945 Est
1052 885 1136 944 enim
1158 906 1221 945 non
1241 885 1348 967 vulgaris

123 983 270 1043 institutio
287 980 428 1062 quaedam
449 979 634 1061 philosophia
654 980 707 1040 illa
726 979 872 1056 Platonis,
893 979 944 1041 sed
949 1026 967 1057 ‚.
979 994 1012 1041 ut
1030 982 1094 1063 ipsa
1114 973 1348 1066 philosophiaep-

122 1081 227 1162 pellari
254 1079 334 1163 apud
362 1079 498 1158 antiquos
514 1077 638 1154 solebat,
666 1079 706 1138 ita
733 1078 823 1154 haec,
852 1080 894 1138 uti
923 1079 1066 1156 vidimus,
1095 1081 1211 1142 artium
1238 1083 1347 1142 omniun

122 1181 263 1258 majorum
287 1191 316 1237 et
335 1174 532 1237 doctrinarum
554 1189 583 1235 et
602 1197 708 1256 parens
728 1189 770 1237 est
795 1191 824 1236 et
841 1178 984 1258 magistra.
1024 1177 1087 1238 lmo
1110 1199 1183 1240 vero
1200 1193 1347 1261 propterea,

121 1277 200 1357 quod
215 1275 297 1338 tantd
315 1274 369 1334 illa
383 1287 498 1354 tamque
516 1273 657 1352 singulari
678 1273 808 1335 ubertate
829 1288 913 1355 atque
933 1275 1132 1357 amplitudine
1151 1290 1214 1353 est,
1234 1299 1291 1337 una
1306 1276 1347 1337 diei

120 1376 270 1437 verissime
290 1369 408 1435 noadaia
428 1386 529 1453 potest.
1071 1397 1077 1407 ·

161 1472 219 1533 Sed
245 1496 385 1538 renovare
414 1487 539 1535 veterem
558 1471 641 1531 illam
658 1469 888 1553 philosophandi
907 1473 1048 1533 rationem
1066 1472 1126 1532 hoc
1148 1475 1279 1535 maxime
1293 1495 1347 1557 pro·

119 1572 214 1652 posito
234 1571 336 1649 decet,
359 1587 391 1633 ut
397 1579 483 1650 justi
500 1571 719 1650 philosophiam
740 1582 862 1631 tractare
881 1584 958 1631 recte
977 1570 1135 1631 discamus.
1166 1573 1304 1633 Refertur
1316 1592 1346 1645 ea,

121 1683 154 1730 ut
171 1691 256 1731 omne
276 1672 435 1755 sapientiae
455 1668 604 1744 studium,
631 1666 669 1727 ad
689 1668 841 1729 veritatem
859 1668 1089 1748 exquirendam,
1119 1668 1175 1731 sed
1193 1672 1308 1755 proprie
1321 1669 1348 1729 ad

121 1789 221 1829 veram
242 1781 270 1828 et
287 1771 425 1833 virtutem
440 1767 593 1829 colendam
609 1780 637 1826 et
655 1767 733 1827 vitae
752 1766 921 1828 felicitatem
939 1764 1133 1828 obtinendam
1153 1773 1297 1849 pertinet:
1312 1790 1346 1830 ex·

119 1868 257 1927 stiterunt
282 1882 378 1928 autem
397 1883 455 1929 tam
475 1866 653 1941 recentiore,
682 1885 769 1944 quam
789 1866 910 1945 antiquo
929 1887 1019 1942 aevo,
1048 1867 1081 1925 in
1102 1867 1270 1949 sophistis,
1295 1888 1345 1948 quos

117 1950 267 2044 diximus,
286 1969 337 2048 qui
357 1967 493 2040 adhunc
514 1963 600 2026 nohis
617 1964 800 2044 praeclarum
819 1964 907 2024 hem
927 1984 1092 2046 perversam
1113 1967 1271 2045 praeirent
1280 1968 1344 2029 viam
1381 2006 1383 2031 ;

119 2062 271 2140 Fuerunt,
301 2067 352 2145 qui
382 2065 420 2125 ad
450 2063 633 2125 commodum
663 2062 749 2122 unice
769 2060 898 2123 hominis
916 2085 950 2123 ac
969 2062 1119 2137 civitatis,
1149 2063 1191 2123 ad
1214 2066 1266 2141 id,
1288 2060 1345 2145 quod
1381 2102 1383 2109 =

120 2163 237 2242 utrique
256 2162 420 2224 conducere
439 2164 565 2223 maxime
587 2159 755 2236 videretur,
777 2180 891 2220 omnem
911 2161 1052 2221 referrent
1071 2161 1220 2221 moralem
1239 2161 1344 2243 discipli·
1379 2182 1383 2269 p

119 2280 204 2319 nam:
237 2282 290 2320 nec
319 2261 478 2321 defuerunt
508 2259 598 2334 adeo,
627 2259 677 2335 qui
698 2256 849 2338 physicam
870 2256 995 2319 hominis
1014 2272 1154 2318 naturam
1175 2262 1344 2342 explorarent
1381 2272 1383 2299 ¹

117 2355 292 2437 diligenter,
313 2358 461 2418 moralem
490 2357 690 2438 negligerent,
711 2357 785 2435 quin
804 2357 891 2417 etiam
910 2377 969 2417 esse
989 2340 1144 2436 negarent,
1160 2356 1192 2439 l)
1237 2361 1343 2435 Quorun

116 2451 265 2538 doctrinae
290 2456 327 2516 'eo
355 2455 512 2517 valuerunt
538 2455 717 2529 necessario,
745 2469 778 2513 ut
795 2477 901 2516 nereos
920 2463 1068 2530 virtutis,
1097 2456 1184 2535 quod
1204 2457 1244 2518 do
1268 2457 1344 2520 Theo-

115 2552 235 2635 phrasto
264 2553 342 2614 dixit
361 2555 475 2629 Cicero,
505 2555 693 2628 inciderant,
715 2550 747 2632 2)
775 2552 1019 2633 descenderetque
1036 2555 1069 2614 in
1087 2553 1140 2615 his
1157 2555 1343 2619 cavillationi·

115 2648 170 2711 bus
190 2651 275 2713 homo
296 2652 334 2713 ad
354 2652 443 2715 vilem
463 2651 662 2732 abjectamque
681 2648 893 2726 conditionem,
912 2664 945 2711 ut
964 2651 1033 2712 solis
1053 2653 1229 2715 satisfacere
1238 2653 1343 2736 corporis

115 2769 322 2831 sensuumque,
340 2749 554 2811 honestioribus
570 2748 690 2829 quidem
709 2770 741 2808 ac
762 2748 995 2824 liberalioribus,
1014 2765 1218 2813 veruntamen
1237 2751 1342 2834 corporis

116 2849 202 2909 unice
232 2870 425 2929 sensuumque
445 2847 645 2930 voluptatibus
664 2847 833 2923 videretur,
860 2869 893 2907 ac
922 2849 1036 2908 sibimet
1054 2850 1112 2930 ipsi
1136 2864 1167 2911 et
1184 2853 1310 2932 primum
1324 2859 1344 2906 et

114 2948 269 3028 praecipue
289 2948 474 3029 prospiceret.
516 2946 571 3005 His
590 2945 717 3023 auditis,
743 2966 801 3024 quo
820 2965 878 3005 esse
897 2947 996 3006 animo
1009 2948 1156 3025 juvenem
1175 2949 1341 3030 putabimus,

69 3072 72 3077 ·
115 3043 165 3123 qui
187 3044 264 3102 rectl
282 3046 464 3105 institutione
483 3044 602 3105 meliora
623 3043 743 3104 edoctus
762 3063 795 3103 ae
815 3055 936 3105 naturae
956 3045 1017 3126 ipse
1036 3065 1104 3104 suae
1125 3046 1277 3107 instinctu
1295 3047 1342 3107 vir-

79 3172 82 3181 ν
114 3153 205 3200 tutem
225 3162 256 3200 ac
271 3144 433 3220 justitiam,
455 3166 516 3204 non
536 3141 678 3201 commodi
697 3141 809 3202 lucrive
827 3162 896 3223 spe,
922 3142 973 3202 sed
1000 3143 1133 3224 ipsarum
1154 3146 1245 3205 unice
1263 3142 1341 3206 caussl

114 3253 282 3321 prosecutus
309 3240 537 3322 amplexusque,
566 3261 646 3300 nunc
667 3239 713 3299 his
733 3241 853 3320 argutiis
872 3240 1046 3301 sollicitatur
1063 3262 1098 3301 ac
1116 3247 1280 3306 movetur?
1314 3245 1342 3302 lt

113 3359 175 3397 non
204 3336 370 3401 movebitur
396 3338 448 3398 ille
454 3384 462 3412 ,
491 3338 668 3398 verissimam
697 3351 817 3414 contra,
846 3360 902 3418 qua
921 3338 1017 3399 adhuc
1037 3350 1079 3398 est
1101 3360 1291 3422 progressus,
1312 3336 1341 3398 ad

110 3436 257 3513 justitiam
287 3436 512 3515 felicitatemque
541 3437 618 3497 viam
647 3450 832 3516 persequetur
850 3451 1029 3513 constanter,
1056 3439 1209 3517 siquidem
1226 3439 1338 3524 philostr

111 3623 372 3637 Μ

149 3726 174 3792 ll
193 3729 220 3782 ln
245 3733 292 3785 illo
318 3750 416 3802 genere
440 3750 504 3802 prae
528 3734 639 3786 caeteris
665 3733 783 3803 insignes
805 3742 865 3786 sunt
890 3733 1002 3785 Helvetii
1019 3732 1082 3797 ,libri
1105 3735 1138 3785 de
1157 3734 1337 3806 l’Espn‘tetde

111 3813 245 3878 l'llommec
262 3820 290 3870 in
311 3818 359 3869 hoc
387 3818 497 3871 Cabanis
520 3819 735 3882 dissertationes,
756 3820 876 3870 Discours
900 3837 945 3870 sor
966 3819 1077 3870 l'homme
1090 3819 1218 3889 physs'que
1233 3817 1336 3873 cem

112 3898 249 3954 Praeclare
273 3909 358 3954 autem
382 3903 469 3956 Victor
494 3902 620 3968 Cusinus,
647 3904 808 3956 doctissimus
832 3922 898 3956 unus
925 3906 951 3955 in
973 3905 1060 3972 paucis
1085 3913 1112 3955 et
1140 3906 1337 3976 elegantissimus

112 3983 229 4038 Platonis
250 3989 389 4055 interpres.
428 3988 482 4038 «Le
500 4005 556 4039 omn
571 3991 600 4040 de
612 3989 701 4040 Platon
715 3989 826 4058 reppello
844 3994 861 4040 h
876 3990 971 4059 l’esprit
987 3999 1047 4041 cette
1061 3988 1232 4060 philosophie,
1249 3988 1337 4060 quierit

63 4109 71 4119 ,
112 4072 176 4123 dans
194 4072 303 4125 l'homme
321 4084 394 4125 nune
410 4074 481 4124 chose
495 4074 542 4141 'que
555 4092 599 4126 son
613 4074 755 4142 sneeloppe,
778 4077 823 4143 qui
840 4073 879 4126 lot
892 4077 1021 4126 reconvenit
1034 4093 1083 4126 une
1098 4086 1176 4128 autre
1189 4074 1288 4130 assim
1299 4089 1335 4142 qu

111 4153 275 4210 l’trrttattttis
296 4161 338 4210 des
364 4175 482 4227 argones,
511 4176 558 4210 uae
577 4170 649 4211 outre
672 4177 760 4211 source
786 4158 878 4212 entes
894 4178 941 4230 que
964 4161 1128 4228 Pisupressioss
1148 4164 1194 4214 des
1211 4181 1281 4225 sens,
1296 4174 1334 4211 sat

113 4250 185 4293 outre
203 4243 269 4311 re'ple
282 4261 329 4312 quc
349 4243 459 4297 l’inttret
474 4242 607 4314 persorensi
612 4282 620 4309 ,
639 4263 688 4298 uite
702 4245 892 4299 massennes
904 4264 951 4314 que
965 4247 1001 4297 lea
1008 4246 1077 4312 jeus
1089 4248 1123 4298 du
1135 4258 1221 4300 sort.»
1257 4247 1332 4310 Prot}

114 4325 147 4377 de
163 4326 189 4378 la
206 4328 270 4380 trad.

147 4405 173 4474 2)
193 4410 248 4466 Cic,
257 4413 338 4468 Acad.
351 4413 371 4466 l.
383 4413 424 4466 10.
