2796 5048
74 110 333 193 componebantur.
364 109 553 184 Quamobrem
576 127 660 167 nemo
678 120 737 166 erat
755 105 876 165 Athenis
899 102 998 184 paullo
1016 102 1133 182 quidem
1150 101 1301 163 liberalius

76 211 247 284 institutus,
265 210 339 288 quin
362 208 485 267 musicae
510 204 628 267 deberet
653 205 749 265 cultus
766 205 810 263 sui
829 201 1070 280 humanitatisque
1089 200 1183 260 initia
1213 202 1300 259 Acce·

75 306 162 367 debot
190 305 365 388 disciplinae
392 307 482 379 ratio,
511 324 583 383 quae
612 303 711 362 eodem
738 300 875 361 tendebat
901 313 968 358 tota.
1003 297 1179 359 Ediscebant
1204 296 1300 357 adole·

73 419 187 464 scentes
216 411 370 486 poetarum
391 405 517 463 carmina
527 448 536 477 ,
558 416 589 460 ut
618 402 695 461 viros
712 401 893 458 imitarentur
909 396 1017 472 claros,
1037 396 1138 475 quiin
1157 395 1218 453 illis
1237 395 1301 453 lau-

72 500 238 576 darentur,
263 501 389 580 talesque
419 503 475 581 ipsi
502 500 565 559 fieri
593 512 746 579 cuperent:
777 496 939 557 citharistae
969 509 1062 553 autem
1089 492 1227 553 citharam
1255 514 1301 552 eos

73 599 191 678 pulsare
220 599 374 674 docentes,
404 598 436 657 id
465 596 619 656 studebant
655 597 795 674 maxime,
824 607 856 653 ut
883 593 921 652 ad
953 613 1086 653 sonorum
1122 590 1299 656 harmoniam

72 717 172 757 eorum
195 699 306 757 animos
329 707 541 777 componermrt.
570 691 634 757 Kal
663 688 732 767 τούς
762 685 899 773 ῥυθμούς
930 713 961 752 τε
991 688 1040 750 καὶ
1071 683 1125 763 τας
1156 683 1298 770 ἁρμονίας

75 788 286 875 ἀναγκάζουσιν
309 792 488 855 othomam
514 798 577 870 ταῖς
603 799 717 875 ψυχαῖς
742 796 802 856 τῶν
829 791 956 868 παίδων,
983 789 1033 856 ἵνα
1057 785 1242 873 η’μιρώτιροί
1266 813 1297 852 τε

77 887 129 957 trior
156 897 206 959 sal
232 890 448 978 εὖροθμότιροι
473 895 521 957 καὶ
542 890 786 979 smanandron
806 891 982 980 γιγνόμενοι,
1003 888 1147 976 χρήσιμοι
1168 887 1240 954 οἷσιν
1260 893 1300 967 εἰς

10 1002 17 1107 q
78 992 222 1159 τμλέγιιν
243 997 343 1060 τεκαὶ
363 993 512 1077 πράττειν·
533 999 600 1074 πᾶς
626 995 692 1082 γάρ
720 993 739 1061 o‘
765 998 842 1080 βίος
873 1000 938 1060 τοῦ
968 991 1165 1076 deduciaco
1196 987 1299 1074 rainu-

10 1120 27 1185 lt

111 1101 190 1177 μίας
210 1123 247 1162 τε
267 1099 326 1161 καὶ
346 1096 589 1181 εὐαρμοστίας
616 1102 741 1164 δεῖται.
763 1102 800 1183 1)«
852 1161 855 1168 ,

173 1301 224 1361 Dr
251 1310 366 1361 musica
391 1312 420 1358 at
445 1313 637 1383 gymnastico
663 1311 697 1359 iat
721 1324 888 1379 puerorum
911 1310 1104 1360 institutione
1121 1311 1199 1357 recta

582 1403 785 1477 temperanda.

10 1492 16 1525 l

18 1632 25 1663 ι
114 1598 212 1658 Prouti
231 1611 326 1657 autem
345 1597 378 1655 in
397 1595 457 1654 illis
482 1596 615 1656 omnibus
633 1595 821 1677 philosophus
841 1609 972 1653 naturam
990 1593 1139 1674 indagavit
1156 1593 1281 1651 hominis
1291 1638 1300 1665 ,

10 1670 22 1753 l
76 1707 118 1756 ut,
133 1696 205 1757 inde
233 1708 373 1775 repeteret
403 1707 430 1752 et
458 1695 598 1774 originem
627 1696 747 1754 musices
775 1707 803 1751 et
831 1694 900 1752 artis
927 1693 1013 1778 hujus
1041 1690 1238 1752 efficacitatem
1261 1689 1298 1748 ad

10 1788 12 1793 ’
67 1793 179 1866 primos
206 1792 380 1852 excolendos
407 1813 560 1871 puerorum
592 1814 709 1866 sensus,
739 1793 779 1851 ita
806 1791 839 1850 in
867 1793 984 1851 caeteris
1012 1792 1098 1851 etiam
1126 1789 1162 1848 de
1190 1789 1297 1846 musica

63 1885 325 1970 disquisitionibus
354 1911 389 1948 ex.
414 1889 512 1949 eodem
535 1890 728 1952 hauriendum
747 1910 805 1948 esse
824 1891 936 1948 censuit
955 1903 982 1947 ct
1000 1889 1095 1948 hausit
1113 1888 1202 1947 fonto.
1233 1887 1297 1944 Duo

10 1979 12 1983 ’
60 1986 158 2047 nobis
176 1989 278 2047 natura
296 1989 387 2046 inesse
410 1986 498 2063 dicit,
519 1988 660 2064 alterum,
681 1989 759 2068 quod
784 1982 818 2048 τό
842 1980 967 2069 ἥμερον,
989 1993 1057 2052 item
1075 1980 1112 2047 td
1136 1977 1298 2065 φιλόσοφον

59 2100 173 2165 vocat,
194 2079 231 2146 td
252 2081 412 2162 θυμοειδὲς
433 2087 563 2146 alterum.
584 2088 671 2145 Recte
691 2087 759 2146 haec
779 2089 990 2177 diligenterque
1010 2087 1195 2171 temperanda
1215 2101 1296 2159 sunt,

59 2199 97 2236 ΗΘ
122 2184 212 2246 horno
231 2188 279 2247 vel
297 2186 496 2258 mollior⁴fiat,
517 2205 601 2262 quam
621 2206 672 2264 par
694 2198 752 2258 est,
774 2188 821 2247 vel
840 2189 956 2247 durior:
978 2210 1033 2267 quo
1053 2187 1130 2248 valet
1147 2188 1178 2245 in
1198 2186 1298 2266 primis

58 2284 189 2345 musica.
220 2285 338 2345 Scilicet
358 2286 470 2362 utrique
489 2281 606 2340 illorum
626 2296 714 2340 artem
738 2283 850 2343 dedisse
869 2282 1100 2359 videturDeus,
1127 2283 1173 2368 ,τῷ
1193 2277 1297 2366 ἡμέρῳ

57 2393 306 2458 gymnasticam,
336 2391 481 2440 musicam
506 2379 558 2463 aas
578 2379 746 2457 θυμοειδεῖς
775 2384 857 2442 illam
885 2385 986 2458 alteri,
1009 2399 1039 2442 ut
1068 2385 1181 2444 indoles
1204 2408 1296 2444 corro·

14 2514 18 2525 ·
59 2470 221 2540 boraretur
238 2482 353 2562 placida
371 2476 398 2538 et
417 2481 512 2555 mitis,
534 2481 616 2540 alteri
637 2480 732 2556 hanc,
754 2504 791 2540 ne
811 2482 897 2540 insita
917 2481 1048 2540 alacritas
1069 2483 1100 2540 in
1120 2482 1295 2540 ferocitatem

10 2600 12 2605 ,
60 2569 173 2640 abiret.
204 2581 342 2639 Homines
370 2599 438 2638 vero
455 2599 588 2659 perverso
605 2581 664 2638 fere
683 2580 767 2639 modo
786 2580 837 2639 has
857 2589 932 2638 artes
952 2587 1104 2660 usur'pant:
1127 2594 1199 2638 totos
1218 2581 1295 2638 enim

10 2670 12 2677 ¹
62 2687 89 2724 ὅθ
111 2678 167 2737 vel
184 2680 308 2737 musicae
328 2678 400 2752 soli,
423 2677 469 2737 vel
492 2677 685 2757 gymnasticae
705 2678 841 2737 tradunt:
863 2701 919 2757 quo
938 2700 997 2737 non
1015 2691 1127 2737 tantum
1150 2694 1210 2737 non
1230 2700 1295 2738 cor-

62 2764 205 2842 figuntur
232 2791 281 2834 aut
307 2759 595 2856 pe1·ficiui1tur,‚sed
624 2791 846 2857 corrumpuntur
870 2776 966 2857 plane.
1006 2777 1077 2835 Nam
1100 2778 1123 2835 si
1152 2777 1217 2855 quis
1244 2799 1295 2858 per

10 2924 21 2963 ·,
62 2881 152 2933 aures
166 2876 198 2933 in
217 2877 358 2949 animum,
379 2889 515 2951 tanquam
533 2894 583 2953 per
602 2874 810 2950 infundibula,
831 2875 950 2934 infundi
970 2876 1040 2934 sinit
1057 2875 1176 2950 dulceS,
1195 2877 1295 2935 molles

10 2990 22 3038 s·
64 2978 97 3066 ὅθι·
126 2971 243 3031 flebiles
270 2971 385 3046 modos,
408 2973 550 3048 vitamque
578 2984 664 3029 totam
682 2973 859 3032 modulando
877 2976 1010 3054 transigit
1028 2988 1183 3051 cantusque
1202 2977 1293 3054 perci-

10 3099 19 3133 ι
65 3062 177 3134 Plendi
201 3073 358 3131 suavitate:
391 3071 414 3129 is
442 3071 565 3150 primum
588 3070 722 3147 quidem,
744 3073 767 3129 si
786 3073 858 3150 quid
876 3074 978 3131 naturai
1004 3072 1090 3131 habet
1120 3061 1293 3150 θαμοειδὲςι

67 3165 205 3258 {mquam
224 3171 345 3244 ferrum,
367 3169 398 3227 id
418 3167 527 3226 emollit
549 3180 632 3245 atque
656 3168 726 3226 utile
749 3168 855 3244 efficit,
877 3171 954 3248 quod
974 3170 1079 3229 durum
1096 3173 1189 3233 fuerat
1208 3190 1292 3254 atque

10 3266 27 3365 q
68 3266 193 3353 mutila,
216 3267 318 3348 quodsi
343 3265 506 3326 deliniendi
533 3264 648 3323 modum
666 3267 798 3342 excedit,
820 3269 981 3349 periculum
1000 3291 1036 3327 ne
1054 3269 1136 3330 brevi
1163 3273 1292 3352 liquefiat

10 3390 26 3437 μ
68 3346 155 3426 Plane
182 3388 214 3425 ac
240 3365 397 3424 resolvatur
425 3364 554 3436 animus,
585 3361 676 3420 donce
703 3364 874 3444 eliquaverit
903 3363 955 3427 τόν
982 3362 1106 3445 θυμόν,
1134 3385 1179 3446 et,
1211 3374 1290 3448 quasi

10 3492 25 3534 a,
69 3465 167 3520 nervis
183 3454 336 3537 exsectis,
367 3464 489 3555 effecerit
512 3453 672 3539 μαλθακόν
703 3459 861 3544 αἰχμητήν.
883 3467 914 3549 2)
944 3472 1000 3529 Nec
1025 3472 1113 3549 magis
1136 3471 1191 3529 sibi
1220 3492 1291 3529 con-

10 3558 23 3632 ,Ξ
69 3544 152 3654 ⁵⁰lit,
173 3561 231 3620 imo
252 3583 319 3621 vero
343 3564 535 3644 corrumpitur
560 3565 684 3644 pariter,
705 3567 754 3643 qui
774 3566 827 3625 soli
848 3589 876 3626 se
895 3553 1087 3648 gimnasticae
1105 3570 1202 3628 tradit.
1234 3569 1291 3641 Qui

68 3657 145 3744 ⁰f¹¹111
174 3659 252 3719 nihil
275 3660 355 3720 aliud
379 3663 436 3742 agit
459 3683 550 3740 neque
572 3662 663 3719 ullum
682 3662 768 3722 habat
789 3664 848 3724 ulla
867 3667 899 3726 in
918 3688 1029 3726 recum
1049 3669 1139 3726 Musis
1159 3687 1291 3726 commer-

15 3766 20 3775 '
67 3753 159 3842 culm,
181 3759 205 3815 si
233 3757 305 3836 quid
333 3760 427 3818 animo
445 3758 547 3820 habuit
574 3757 755 3839 φιλομαθὲς,
778 3785 875 3822 nonne
895 3765 986 3838 illud,
1006 3767 1112 3846 quippe
1133 3763 1290 3822 necdisci-

62 3829 165 3911 Phflas
191 3854 343 3934 degustans
367 3857 440 3915 ullas
463 3881 515 3916 nec
534 3860 745 3940 disquisitiones
770 3886 821 3922 uec
843 3885 1002 3939 sermones,
1024 3864 1169 3922 infirmum
1190 3862 1290 3921 reddet

62 3982 322 4019 N*-

82 4058 112 4126 ¹)
149 4083 245 4149 naq.
264 4080 322 4133 aaa.
335 4082 364 4133 s.

78 4142 114 4208 2)
151 4168 184 4216 oa
199 4169 258 4235 asp.
275 4169 321 4217 111.
343 4167 399 4218 411.
417 4170 447 4219 Α.
