2796 5048
674 224 712 287 66

80 394 235 454 Pausaniae
255 393 382 451 oratione
392 437 401 466 ,
423 388 473 448 ubi
492 389 568 448 hane
586 389 675 448 amori
694 389 753 449 vim
772 387 894 461 tribuit,
916 401 947 446 ut
962 387 999 447 ad
1017 389 1141 467 patriam
1156 390 1308 451 vindicen-

80 493 146 552 dam
163 489 455 572 propugnandamque
475 485 569 546 valeat
587 487 718 545 maxime.
759 506 773 537 «
785 485 820 543 In
839 486 921 544 Ionia
931 529 940 558 ,
961 486 1076 564 inquit,
1096 502 1124 546 et
1142 488 1308 568 ubieunque

80 589 133 649 sub
151 587 280 648 barbaris
299 588 428 661 vivitur,
455 599 539 665 turpe
567 583 745 642 existimatur
773 602 876 639 amare.
917 584 989 641 Nam
1016 585 1186 663 tyrannidis
1214 606 1308 645 caussa

79 702 162 768 turpe
180 685 212 745 id
230 685 339 744 habent
357 683 490 756 barbari,
511 696 543 740 ut
568 680 780 761 philosophiam
802 679 891 737 iidem
911 694 938 738 et
961 683 1154 760 gymnasticae
1183 669 1308 743 studium

80 782 242 865 reprobant.
276 781 485 862 Imperantibus
501 781 593 853 enim,
617 777 717 851 credo,
736 775 816 836 haud
826 773 955 857 prodest,
975 778 1096 837 excelsis
1109 780 1206 839 efferri
1220 782 1309 841 sensi·

78 880 134 939 bus
146 880 274 939 subditos
288 900 320 938 ac
331 878 442 938 validas
448 878 534 957 jungi
548 876 688 934 amicitias
702 889 729 934 et
744 875 903 933 societates:
924 874 1003 954 quod
1012 897 1080 956 prae
1090 861 1310 939 caieterisomui·

79 978 133 1037 bus
150 999 226 1036 amor
244 977 315 1036 solet
330 975 451 1035 efficere.
476 978 585 1056 Reapse
595 975 649 1033 hoc
660 973 828 1033 didicerunt
837 973 887 1051 qui
897 973 946 1032 hlc
957 975 1076 1033 fuerunt
1085 977 1219 1054 tyranni.
1240 978 1310 1037 Nam

79 1075 278 1154 Aristogitonis
297 1095 375 1133 amor
390 1087 418 1132 et
440 1072 590 1133 Harmodii
608 1072 751 1146 amicitia,
772 1072 893 1135 firmiter
912 1071 1108 1147 invalescens,
1128 1074 1311 1135 eorumdis-

79 1173 165 1234 solvit
178 1171 395 1253 tyrannidem.»
423 1168 452 1251 1)
491 1171 527 1230 Et
545 1190 633 1244 vero,
663 1190 748 1249 quam
766 1169 912 1228 Phaedrus
932 1168 1081 1245 laudavit,
1101 1192 1235 1251 quaeque
1255 1173 1312 1232 fuit

79 1269 157 1352 apud
182 1268 352 1342 Thebanos,
373 1289 452 1328 sacra
477 1282 633 1328 amatorum
659 1268 778 1342 cohors,
799 1267 900 1326 merito
928 1266 981 1326 illa
1007 1268 1119 1328 invicta
1147 1269 1312 1330 dicebatur.

79 1369 114 1428 Id
133 1369 211 1426 enim
228 1386 288 1426 non
305 1380 418 1425 tanturn
436 1365 525 1426 efficit
544 1386 640 1441 amor,
662 1379 711 1439 ut,
736 1367 786 1445 qui
806 1358 952 1424 solitarius
970 1366 1064 1425 fuerat
1080 1380 1163 1426 antea
1180 1387 1238 1426 nec
1256 1366 1314 1427 sibi

78 1464 242 1537 sufficiens,
256 1484 322 1522 cum
336 1462 425 1523 altero
435 1466 575 1545 jungatur
592 1464 748 1523 arctissima
763 1462 976 1529 necessitudine
987 1505 1019 1514 -
1033 1485 1105 1542 quae
1115 1465 1262 1525 amicitiae
1271 1476 1314 1525 est

78 1565 200 1623 ratio-
221 1561 272 1621 sed
290 1561 345 1620 hoc
363 1561 432 1620 item
449 1562 544 1622 studet
564 1559 695 1636 efficere,
713 1575 746 1620 ut
762 1560 902 1621 coalescat
920 1572 1038 1640 uterque
1057 1562 1145 1642 plane
1169 1563 1206 1622 in
1226 1583 1315 1622 unam

80 1661 255 1738 eandemque
274 1673 423 1735 naturam,
444 1680 519 1719 unus
537 1659 610 1718 liant
635 1660 686 1738 qui
712 1660 827 1718 fuerant
846 1658 903 1718 duo
912 1703 921 1733 ,
948 1659 1018 1718 hinc
1036 1673 1129 1718 autem
1147 1660 1227 1720 vires
1244 1681 1313 1721 con·

79 1760 190 1841 cipiant
209 1757 376 1832 immensas,
396 1771 425 1817 et
447 1757 500 1818 soli
522 1770 635 1817 tantum
654 1778 714 1816 non
740 1757 874 1816 omnibus
902 1757 1058 1817 videantur
1083 1778 1176 1839 pares.
1219 1750 1315 1834 Qu'am

79 1854 277 1917 admirabilem
295 1856 399 1915 amoris
416 1871 547 1916 naturam
562 1856 693 1938 exposuit
711 1856 744 1914 in
759 1855 898 1935 singulari
919 1853 1021 1915 libello
1038 1854 1208 1916 Franciseus
1225 1858 1316 1922 Hem·

80 1954 253 2028 sterhusius,
273 1950 306 2033 2)
326 1952 458 2034 idemque
477 1953 516 2013 ad
535 1955 661 2013 hominis
685 1952 889 2034 explicandam
916 1953 1046 2013 indolem
1070 1954 1103 2014 in
1130 1954 1226 2017 nullis
1251 1981 1314 2021 non

79 2053 193 2134 scriptis
219 2071 342 2110 amorem
367 2052 493 2112 attendit
521 2052 759 2131 diligentissime:
788 2048 842 2111 sed
867 2050 969 2110 debuit
996 2050 1050 2110 hoe
1071 2055 1259 2133 praesertim,
1281 2073 1313 2119 ut

75 2152 139 2232 ipse
166 2149 311 2209 confessus
338 2161 398 2223 est,
419 2150 569 2230 symposiis
596 2148 800 2228 Xenophontis
827 2163 855 2208 et
883 2147 1029 2225 Platonis,
1057 2151 1090 2209 in
1113 2151 1217 2232 primis
1243 2158 1313 2217 Ari-

79 2247 226 2329 stophanis
244 2246 386 2319 sermoni,
407 2247 499 2307 faceto
516 2246 563 2305 illi
583 2260 611 2304 et
630 2245 814 2319 comico,sed
831 2246 976 2306 interioris
994 2245 1312 2335 philosophiae'pleno.

79 2344 218 2403 Fabulam
237 2343 261 2401 is
278 2356 377 2402 narrat
392 2342 429 2402 de
439 2343 572 2404 ‘hominis
586 2358 689 2403 natura
697 2387 706 2418 ,
726 2342 820 2423 qualis
835 2343 905 2402 olim
919 2344 1008 2405 fuerit
1015 2388 1025 2419 ,
1044 2366 1187 2426 quamque
1201 2349 1312 2413 deinde

79 2432 479 2507 subierit‘commutationem.
533 2442 631 2503 «Nam
653 2441 743 2517 olim,
769 2441 986 2521 inquit,'haud
1010 2443 1109 2502 eadem
1134 2447 1212 2523 fuit,
1238 2472 1312 2530 quae

81 2559 160 2598 nunc
177 2551 237 2612 est,
265 2535 317 2597 'sed
337 2534 464 2601 diversa.
500 2540 630 2601 Primum
647 2540 725 2598 enim
752 2540 808 2599 tria
836 2554 918 2599 erant
936 2540 1086 2599 hominum
1104 2563 1231 2623 genera,
1252 2570 1311 2609 non

81 2637 155 2695 duo:
177 2635 248 2693 mari
266 2647 295 2694 et
312 2634 453 2698 bominac
472 2638 625 2699 accedebat
643 2639 765 2696 mixtum
779 2658 814 2695 ex
830 2652 967 2717 utroque,
988 2641 1070 2717 cujus
1085 2662 1190 2702 nomen
1207 2667 1311 2728 super-

80 2749 123 2795 est
141 2725 327 2815 u’udpriyvvou.
356 2736 469 2796 Deinde
487 2737 593 2818 integri
612 2751 693 2795 erant
704 2736 769 2810 illi,
788 2737 878 2795 sormi
891 2736 1024 2812 rotundi,
1038 2753 1161 2816 quatuor
1173 2741 1311 2806 instructi

80 2836 231 2910 manibus,
250 2835 426 2913 totidemque
443 2834 584 2915 pedibus:
607 2833 720 2914 duplici
738 2835 771 2892 in
789 2835 883 2914 capite
906 2833 991 2905 vultu
1001 2881 1010 2909 ,
1030 2851 1152 2915 quatuor
1170 2842 1310 2920 auribus,

80 2933 254 3014 genitalibus
272 2932 360 2992 binis.
390 2931 586 2991 Procedebant
602 2933 688 3006 recti,
709 2945 741 2991 ut
761 2952 840 2990 nunc
858 2931 968 3008 solent,
983 2956 1154 3015 quocunque
1175 2933 1308 3019 vellent,

81 3032 132 3091 sed
156 3033 341 3106 festinantes,
370 3028 514 3088 octoillis
532 3029 667 3088 membris
686 3029 803 3103 innixi,
822 3029 1090 3092 circumvolvebant
1113 3055 1141 3092 se
1161 3035 1309 3101 velocissi-

82 3150 126 3188 me
136 3176 145 3205 ,
165 3151 261 3190 eorum
275 3131 382 3202 instar,
402 3128 453 3206 qui
472 3128 504 3186 in
522 3129 618 3209 capite
636 3126 751 3186 saltant.
773 3128 920 3200 Quocum
939 3144 1032 3190 essent
1049 3131 1161 3210 ingenti
1180 3139 1309 3218 corporis

34 3285 36 3288 ,
81 3227 199 3302 robore,
219 3248 300 3308 pares
316 3224 454 3305 gerebant
472 3221 634 3305 spiritus'et
653 3223 729 3303 ipsos
748 3225 869 3303 aggressi
889 3240 956 3285 sunt
973 3228 1055 3288 Deos.
1085 3229 1218 3311 Jupiter,
1238 3255 1309 3296 con-

82 3325 151 3384 cilio
168 3337 323 3385 convocato
333 3368 341 3398 ,
361 3343 427 3382 cum
446 3322 509 3382 Diis
527 3319 687 3395 deliberat,
702 3321 775 3399 quid
794 3323 830 3381 sit
848 3322 880 3380 in
899 3322 1028 3383 homines
1045 3326 1197 3406 agendum.
1222 3333 1307 3393 Haud

83 3423 239 3504 reperiunt.
280 3423 350 3480 Nam
369 3419 474 3480 nolunt
491 3439 537 3476 eos
559 3418 682 3476 fulmine
700 3417 791 3476 dclcri
801 3465 810 3493 ,
830 3441 866 3477 ne
892 3421 1002 3479 scilicet
1025 3422 1183 3485 honoribus
1202 3430 1307 3490 sacrifl-

83 3521 191 3599 ciisque
214 3519 427 3593 destituantur,
455 3516 560 3596 quibus
584 3516 659 3596 ipsos
682 3531 905 3596 prosequantur:
934 3540 987 3578 nec
1015 3541 1083 3581 vero
1106 3523 1180 3583 ferre
1198 3540 1307 3589 tantam

82 3617 266 3677 insolentiam
291 3630 418 3697 possunt.
460 3613 591 3674 Tandem
614 3614 746 3694 Jupiter,
772 3635 802 3673 re
829 3636 985 3697 perpensa,
1012 3618 1113 3679 videor
1139 3616 1233 3700 mibi,
1257 3628 1305 3686 in-

82 3717 163 3794 quit,
189 3715 328 3774 rationem
344 3713 534 3793 excogitasse,
553 3732 609 3790 qua
625 3711 745 3772 desituri
764 3713 882 3772 sintita
901 3715 1069 3774 insolescere
1086 3719 1235 3799 homines,
1254 3744 1303 3784 nec

83 3828 178 3872 tamen
195 3812 326 3894 perituri.
355 3809 517 3870 .Dissecabo
544 3808 671 3889 singulos
690 3810 723 3868 in
743 3809 815 3869 duas
832 3825 943 3891 partes:
965 3827 1050 3872 erunt
1067 3817 1107 3874 sic
1134 3818 1302 3882 infirmiores

83 3910 133 3971 sed
160 3910 244 3970 nobis
267 3908 353 3968 simul
382 3908 523 3985 utiliores,
554 3908 660 3988 quippe
688 3927 805 3966 numero
832 3908 938 3990 plures.
980 3911 1027 3971 Sic
1052 3913 1144 3990 fatus,
1171 3916 1320 3978 bifariam.

83 4008 218 4067 dissecuit
245 4006 392 4081 homines,
419 4007 616 4085 sanandosque
641 4004 772 4084 Apollini
801 4008 948 4067 tradidit.»
972 4010 1084 4084 Quibus
1100 4013 1202 4075 festive
1220 4037 1298 4076 euar-
1346 4080 1348 4087 ,

83 4108 170 4181 ratis,
199 4105 347 4185 subjungit
374 4106 590 4186 Aristophanes:
621 4096 682 4162 ἔστι
709 4097 750 4183 dri
779 4099 831 4165 οὖν
859 4103 891 4166 ἐκ
916 4101 1007 4168 τόσου
1034 4103 1053 4169 ὁ
1073 4104 1149 4192 ἔρως
1174 4108 1295 4197 ἔμφυτος

117 4336 143 4490 dl
159 4341 241 4477 {iege
258 4339 359 4477 idionis
370 4425 450 4478 rasin
466 4430 483 4477 ὰ
499 4427 533 4477 M.
552 4427 589 4476 De
605 4427 693 4479 Smert.
709 4426 790 4480 Oeuv.
809 4429 827 4479 l.
846 4427 886 4480 61.
897 4428 978 4482 Paris.
994 4432 1068 4484 1792.
