2796 5048
635 232 689 291 381

61 400 103 463 Ti
123 395 255 483 μήν;-
278 391 370 458 Οὕτω
402 391 500 454 τοίνυν
520 391 708 518 uuixtp
656 394 711 476 τῆς
737 399 843 478 ψυχῆς
864 389 924 460 ὧδε
946 392 1023 461 odo·
1048 395 1122 463 deor
1143 393 1251 482 pioni
1274 412 1303 491 1)

57 493 247 583 καταλάμπει
261 489 396 582 ἀλήθειά
416 519 449 559 τι
479 519 529 557 και
549 519 585 556 το
609 520 655 571 ον,
683 496 723 572 εἰς
741 498 829 561 τοῦτο
852 495 1092 625 αἰιερείσιτιιι,ἳ
1076 499 1185 586 ενόησέ
1201 529 1232 569 τε
1254 509 1304 570 καὶ

57 603 135 689 ἔγνω
158 629 231 670 noro
237 652 247 679 ,
271 601 319 665 uni
339 600 409 662 νοῦν
435 592 514 679 ἔχειν
541 596 688 721 pairarat·
720 623 793 661 οταν
823 599 914 663 tc*
889 628 929 678 εις
949 601 987 667 τό
1007 629 1050 691 τῳ
1080 600 1175 694 σκότῳ
1199 633 1303 692 uereor

55 704 222 790 μόνον,
183 732 219 771 το
246 695 418 788 γιγνόμειιίν
444 723 475 762 τε
499 698 549 761 καὶ
575 693 792 780 ἀπολλύμενον,
819 705 860 765 do
855 701 943 781 ξἀζιι
968 731 999 768 τι
1024 709 1073 769 καὶ
1100 666 1302 797 (individua

55 804 122 873 ἄνω
142 811 192 873 καὶ
211 805 292 871 κάτω
312 800 366 880 uic
387 799 479 876 δυξας
498 791 694 882 μεταβάλλον
716 803 765 864 καὶ
786 799 1187 892 ἔοικιναῦνοῦνοιῖιιέχοντι·
1209 820 1302 886 oculi,

56 927 107 974 ut·
116 925 215 989 nocti,
245 916 297 972 ott
316 918 386 989 quit
405 929 450 966 tot
472 928 531 964 mm
556 906 597 963 ad
614 928 649 964 θα
674 917 876 983 converterit,
908 933 1036 989 quorum
1057 916 1168 974 coloreo
1186 919 1302 974 diurno

57 1016 117 1073 lucr
133 1015 295 1085 illustrat,
317 1010 368 1068 ced
387 1007 427 1064 od
446 1006 522 1084 itta,
549 1005 657 1080 quibus
685 1005 789 1081 offuso
818 1017 900 1066 nocti
920 1012 1032 1069 similit
1052 1013 1184 1087 luccat,
1204 1037 1301 1072 coecu-

60 1120 151 1171 iiunt
168 1135 203 1171 oc
221 1119 299 1170 coeci
311 1111 385 1184 fora
404 1125 464 1162 crae
486 1103 648 1183 videntur,
667 1111 731 1161 neri
751 1113 835 1164 virne
854 1113 932 1184 ipris
947 1131 1048 1186 purus
1065 1133 1123 1168 non
1134 1119 1255 1173 inerret.
1267 1138 1302 1150 -·

58 1211 117 1271 Sic
136 1205 446 1284 occidit-Quodsi,
474 1201 578 1272 credo,
608 1201 648 1257 od
667 1221 702 1258 oo
727 1214 800 1261 runt
820 1215 974 1283 conversi,
1003 1230 1132 1286 quornm
1151 1207 1300 1268 coloribus

58 1311 106 1369 rol
123 1310 225 1366 Ionian
236 1306 376 1383 offundit
384 1348 392 1376 ,
404 1302 487 1358 clare
497 1307 629 1356 cernunt
637 1343 645 1371 ‚
660 1302 827 1378 iisdemque
838 1305 907 1363 illie
924 1313 1020 1365 inesse
1029 1310 1152 1367 videtur
1161 1316 1254 1366 citur.
1267 1338 1300 1348 ·-

59 1405 249 1488 Quidnii-
269 1403 321 1463 Sic
336 1411 412 1460 item
429 1402 464 1458 de
488 1406 587 1456 mente
606 1404 725 1475 cogito:
747 1401 797 1457 ubi
814 1402 855 1458 od
872 1403 953 1462 illud
963 1449 971 1477 ‚
997 1409 1074 1484 quod
1092 1416 1208 1467 venta,
1225 1399 1300 1466 end

56 1499 95 1567 dv
112 1508 272 1578 illustret,
294 1510 414 1560 intenta
426 1501 555 1573 suerit,
582 1496 736 1576 intelligit
763 1509 970 1580 cognoscitque
994 1507 1029 1562 id
1048 1515 1078 1563 ei
1097 1527 1203 1583 rapere
1221 1510 1297 1565 oide-

57 1618 117 1668 tur
127 1627 141 1676 ,·
158 1612 208 1663 ein
227 1623 295 1660 cero
308 1601 349 1658 od
364 1620 398 1658 aa
419 1603 553 1672 spectet,
572 1614 648 1671 qnae
673 1597 806 1655 tenebris
823 1606 922 1656 micio
942 1613 1032 1677 runt,
1053 1625 1128 1680 quac
1139 1607 1230 1681 fiunt
1248 1616 1300 1664 ot·

56 1710 308 1787 queintcreunt,
338 1706 487 1775 opinatur
513 1714 547 1751 ae
569 1700 713 1766 concutit,
743 1716 823 1753 nunc
854 1698 931 1772 huc,
952 1722 1033 1758 nune
1051 1702 1128 1758 illue
1148 1712 1299 1781 opinionon

56 1823 205 1875 meana,
223 1799 392 1875 riinilirque
409 1814 522 1852 rursus
542 1797 704 1866 incipienti
723 1802 777 1851 osi.
799 1790 830 1872 2)

103 1902 206 1979 Itaque
217 1942 226 1972 ,
245 1909 276 1954 ut
299 1895 332 1953 in
362 1909 503 1953 cavernae
528 1888 746 1967 descriptione,
772 1891 813 1949 sic
834 1892 866 1950 in
886 1893 948 1973 ipsa
966 1894 1153 1976 philosophia
1171 1898 1300 1958 Platonis

58 2002 137 2062 mira
148 1993 321 2075 simplicitas
342 2004 384 2050 est
405 1988 539 2061 rationis,
560 2006 616 2063 qua
638 1984 724 2044 homo
745 1986 954 2077 adiveritatem
974 1994 1201 2072 cognoscendam
1222 2017 1299 2054 περ.

55 2098 117 2161 dit.
158 2096 223 2155 Non
245 2089 373 2150 tenebris
402 2088 464 2146 istis
485 2085 541 2144 loci
574 2081 755 2143 subterranei
786 2082 885 2145 lumen
917 2087 1094 2168 adhibetur,
1115 2111 1171 2172 quo
1193 2092 1298 2153 diffun-

56 2197 189 2270 dantur3
212 2189 262 2252 sed
284 2188 340 2268 ipsi
369 2185 500 2266 captivi,
530 2181 659 2245 vinculis
690 2182 795 2259 soluti,
825 2183 863 2243 ad
883 2185 979 2266 ignem
1000 2189 1105 2266 illum,
1126 2192 1177 2270 qui
1198 2191 1300 2273 adest,

55 2304 275 2357 convertuntur
296 2283 479 2366 simpliciter.
521 2279 632 2340 Eadem
653 2295 751 2340 manet
772 2284 868 2359 antri,
891 2306 964 2363 quae
984 2286 1079 2347 fuerat
1100 2302 1199 2367 antea,
1228 2311 1301 2350 con-

56 2393 154 2468 ditio;
177 2388 228 2449 sed
249 2386 296 2448 illi
319 2381 510 2464 egrediuntur
530 2400 566 2437 ex
595 2377 648 2437 illo
672 2392 699 2437 et
720 2378 777 2460 ips'i
799 2380 907 2458 solem,
929 2384 980 2462 qui
1002 2385 1100 2461 lucet,
1121 2387 1300 2467 adspiciunt.

55 2490 126 2551 Pari
138 2487 324 2569 simplicitate
333 2481 413 2542 Plato
423 2479 460 2539 de
472 2477 589 2536 homine
597 2476 781 2570 hominisque
791 2479 829 2539 ad
841 2483 990 2542 veritatem
999 2485 1196 2575 progressibus
1206 2487 1301 2567 philo·

56 2588 208 2671 sophatur.
229 2585 336 2645 Misera
348 2593 389 2639 est
400 2577 529 2659 profecto
538 2618 547 2650 ,
557 2576 615 2650 ait,
626 2594 762 2664 praesens
771 2579 863 2636 animi
881 2580 1002 2639 humani
1013 2583 1156 2642 conditio:
1169 2585 1301 2644 sensibus

55 2689 121 2749 fere
141 2684 229 2745 fidem
259 2680 417 2749 habemus,
446 2688 529 2752 atquc
561 2674 601 2732 ita
622 2694 675 2754 pro
705 2674 825 2733 veritate
846 2677 1001 2736 simulacra
1023 2693 1050 2737 et
1071 2681 1292 2739 simulacrorum

57 2778 134 2847 adeo
155 2782 270 2843 umbras
291 2775 500 2856 conspicimus:
524 2770 603 2830 unde
624 2769 736 2829 infiniti
759 2792 867 2831 errores
888 2777 980 2834 nostri
1002 2791 1029 2836 et
1045 2777 1209 2856 ignorantia
1220 2800 1300 2838 sum-

56 2906 117 2945 ma.
159 2881 217 2942 Sed
232 2878 373 2939 malorum
394 2873 451 2953 ipsi
473 2889 589 2928 suorum
610 2868 746 2928 mortales
776 2885 906 2932 auctores
926 2888 1003 2934 sunt.
1046 2875 1127 2933 Licet
1147 2876 1231 2935 nobis
1251 2899 1298 2939 ve·

57 2984 175 3045 ritatem
195 2981 228 3039 in
243 2979 298 3037 hac
319 2976 382 3055 ipsa
403 2967 572 3031 conditione
593 2982 711 3042 nostra,
738 2969 935 3050 qualicunque
956 2972 1075 3032 tandem
1096 2972 1165 3049 illa,
1187 2976 1300 3057 conspi-

59 3101 146 3155 cere,
167 3076 252 3138 modo
284 3091 419 3134 sensuum
450 3089 482 3127 ac
513 3063 776 3175 praejudicatarum
803 3069 976 3148 opinionum
1006 3071 1136 3131 vinculis
1155 3073 1230 3136 solvi
1248 3096 1302 3134 nos

58 3193 89 3239 ct
110 3175 242 3237 converti
263 3172 300 3231 ab
329 3167 439 3228 umbris
459 3163 497 3222 ad
527 3161 680 3221 simulacra
700 3177 728 3221 et
756 3165 831 3244 ipsas
849 3187 893 3226 res
914 3168 1074 3229 siverimus.
1117 3170 1224 3231 Mundi
1246 3173 1301 3232 ad-

58 3272 250 3359 spectabilis,
272 3283 304 3329 ut
325 3285 484 3337 cavernae,
506 3259 602 3340 qualis
621 3274 663 3319 est
681 3282 713 3318 ac
735 3261 811 3340 fuit,
841 3264 909 3325 talis
935 3281 1032 3327 manet
1062 3268 1154 3346 rati03
1177 3270 1228 3329 sed
1249 3293 1299 3331 no·

57 3375 107 3435 bis
127 3392 211 3455 opera
234 3366 332 3429 danda
349 3378 408 3439 est,
430 3376 460 3422 ut
489 3358 712 3438 disciplinarum
741 3382 794 3440 ope
813 3363 932 3423 illarum
941 3387 1043 3444 ,quae
1063 3388 1079 3424 a
1097 3367 1227 3426 sensibus
1248 3391 1300 3428 nos

57 3484 217 3546 revocant,
237 3489 268 3527 ac
288 3464 409 3526 trahunt
429 3482 481 3520 nos
502 3457 540 3517 ad
558 3480 595 3516 τα
619 3448 705 3530 cirre,
728 3455 858 3519 harum
850 3463 940 3541 igitur
961 3484 1013 3521 nos
1034 3483 1087 3542 ope
1109 3485 1124 3521 e
1145 3465 1298 3543 spectabili

56 3568 200 3631 mundo
192 3590 225 3627 ιιι
245 3565 368 3625 alterum
388 3560 492 3635 illum,
511 3578 566 3617 τον
586 3553 709 3638 νοητόν,
721 3581 754 3617 ιιι
765 3580 822 3638 quo
833 3559 934 3619 lucent
954 3558 1037 3617 ideae
1046 3560 1299 3635 ,escendam'us-

57 3670 140 3730 Haec
160 3667 229 3724 item
247 3684 299 3723 nos
320 3660 420 3721 docuit
440 3659 472 3715 in
493 3658 691 3739 superioribus
711 3659 810 3732 Plato,
832 3677 921 3736 quum
941 3657 1078 3736 optimam
1099 3657 1185 3719 nobis
1205 3662 1299 3722 trade·

56 3780 105 3829 ret
122 3761 289 3848 philosophi
309 3757 532 3818 institutionem.
559 3758 644 3816 Nunc
655 3804 663 3832 ‚
685 3779 742 3836 quo
763 3754 924 3816 dilucidius
943 3754 1028 3814 nobis
1046 3755 1212 3818 Platonicae
1232 3759 1299 3819 doc·

57 3867 157 3927 trinae
175 3862 220 3926 vis
238 3872 351 3944 pateat,
373 3857 479 3915 iterum
498 3876 717 3915 commemorare
728 3854 890 3938 praeclaras
910 3854 972 3933 ejus
990 3856 1147 3916 sententias
1160 3858 1257 3937 juvat.

57 4016 320 4033 ...u—affl

94 4108 123 4176 1)
139 4110 247 4162 videtin
260 4107 400 4176 legendum
415 4097 509 4174 ὃ-εἰς
529 4099 626 4161 τοῦτο.

94 4201 499 4271 nmmumcn
