2796 5048
678 230 737 287 430

78 398 113 457 de
124 398 232 477 pulcro
253 394 471 473 disquisitiones
490 386 618 472 possunt.
661 396 789 465 Quorum
811 392 862 449 alii
888 390 920 449 id
939 390 1086 449 contineri
1110 391 1233 469 partium
1256 390 1305 449 har·

80 498 176 557 monia
187 541 195 569 ,
216 493 267 552 alii
287 494 425 552 varietate
444 492 552 550 summd
570 493 600 551 iu
621 512 729 549 summa
760 492 890 563 unitate,
908 489 960 548 alii
979 489 1046 547 aliis
1066 488 1156 547 rebus
1176 491 1309 548 existima-

79 609 158 653 runt.
201 593 257 651 Nos
278 593 407 650 omnium
426 604 454 648 et
475 590 603 650 studium
623 589 778 670 probamus
792 602 820 646 et
839 588 1043 647 conclusiones
1058 590 1167 662 etiam,
1186 601 1310 665 quatenus

80 694 117 751 nd
136 712 188 751 sua
205 711 335 770 quaeque
346 689 441 769 pulcri
455 709 558 768 genera
576 689 753 747 referuntur.
797 688 976 765 Quamquam
987 689 1163 767 processisse
1181 686 1310 763 adipsum

78 792 220 869 pulcrum
241 786 344 860 nohis,
364 808 422 846 non
455 807 542 858 vero,
574 786 652 864 quod
682 786 745 844 fieri
775 808 834 845 non
856 798 965 865 potest,
989 787 1163 866 pervenisse
1180 784 1312 845 ridentur.

81 893 147 962 Quo
166 887 257 966 magis
276 900 371 944 autern
393 907 445 943 nor
466 905 501 943 ex
524 885 612 943 variis
628 882 676 941 his
704 883 840 943 omnihus
857 885 951 943 omnis
975 884 1040 942 aevi
1061 904 1132 942 cum
1152 885 1190 944 de
1210 885 1313 964 pulcro,

83 1003 143 1047 tum
164 985 288 1044 dehono
307 982 561 1061 disquisitionibus
581 983 805 1063 profecerimus,
823 1002 857 1040 eo
876 981 993 1042 facilins
1021 984 1189 1062 poterimus
1206 981 1314 1061 longius

84 1086 187 1164 quein
208 1083 261 1141 hoc
282 1083 413 1141 veritatis
431 1082 536 1140 itinere
556 1078 700 1161 progredi.
742 1080 800 1139 Sed
820 1080 968 1157 Platonis,
987 1102 1065 1160 quae
1082 1082 1200 1141 dicitnr
1212 1128 1220 1153 ,
1233 1104 1252 1139 ιι
1265 1090 1315 1161 pri·

85 1192 132 1242 ori
150 1179 379 1264 philosophandi
409 1180 483 1238 ratio
501 1199 587 1257 quam
605 1181 643 1238 sit
662 1178 700 1259 ab
719 1179 883 1239 Aristotelis
900 1181 1011 1239 ratione
1028 1180 1173 1254 diversa,
1198 1180 1268 1240 hinc
1285 1182 1317 1238 in·

21 1290 24 1295 '
85 1281 248 1360 telligitur;
269 1292 301 1336 nt
319 1292 414 1337 autem
435 1275 529 1356 qualis
548 1278 585 1335 sit
600 1291 629 1336 et
648 1291 717 1357 quot
734 1291 914 1357 quantosque
931 1278 1059 1359 proferat
1076 1279 1119 1338 ad
1140 1281 1205 1339 reri
1220 1282 1319 1340 scienti·

85 1381 277 1450 amfractus,
306 1377 534 1457 perspiciamus,
565 1374 678 1435 dictum
705 1376 791 1435 nohis
810 1375 936 1436 Socratis
960 1378 993 1437 in
1009 1377 1148 1437 Platonis
1161 1378 1318 1437 Parmenidi

85 1493 146 1543 toto
162 1478 260 1536 animo
288 1475 499 1535 attendendum
528 1474 770 1553 recolendumquc
795 1485 846 1535 est.
888 1469 985 1554 Ἀλλ’,
1009 1467 1256 1555 ὦΠαρμινῖὃη,
1271 1470 1320 1554 μά·

85 1579 171 1637 λιστα
180 1569 277 1655 ἔμοιγε
285 1571 494 1656 καταφαίνεται
506 1565 564 1636 ὦδε
573 1568 659 1653 ἔχειν·
673 1569 776 1651 τὰμὲν
784 1571 850 1658 εἴδη
861 1578 965 1653 ταῦτα,
977 1570 1077 1662 ὥσπερ
1089 1577 1319 1667 παραδείγματα,

87 1672 206 1743 ἱστάναι
227 1677 268 1764 τῇ
289 1671 392 1760 φύσει,
414 1671 452 1738 cd
473 1674 509 1738 tr*
530 1671 605 1738 cillo
626 1668 742 1751 τούτοις
764 1675 885 1742 ἐοικέναι
906 1680 955 1743 καὶ
977 1675 1051 1743 εἶναι
1072 1676 1271 1761 ὁμοιώματα·
1283 1679 1321 1742 rol

86 1777 108 1865 ἦ
129 1777 255 1862 μέθεξις
275 1774 352 1862 αὕτη
370 1784 433 1855 τοῖς
450 1774 548 1854 ἄλλοις
562 1776 715 1860 γίγνεσθαι
731 1779 794 1842 coir
809 1782 899 1845 eiduir
914 1779 966 1846 ουἰι
983 1778 1058 1866 ἄλλη
1081 1784 1133 1859 τίς
1153 1780 1177 1868 ἢ
1192 1782 1320 1864 εἰκασθῆ-

87 1910 134 1947 ναι
159 1879 272 1958 αὐτοῖς·
292 1889 344 1946 red
362 1887 440 1961 milti
450 1931 459 1961 ,
478 1907 493 1943 o
510 1883 731 1956 Parmenides,
753 1893 795 1944 ric
817 1896 948 1946 marimo
959 1910 990 1946 rc
1006 1908 1059 1947 rer
1077 1890 1195 1950 habere
1206 1896 1320 1952 videtur:

90 1992 174 2048 ideae
195 1988 267 2061 lter,
296 1996 444 2063 tanquam
470 1984 604 2061 exempla
630 1985 788 2059 perfeeto,
818 1993 935 2045 natura
956 1998 1078 2047 certare
1087 2010 1104 2058 ,·
1127 2002 1252 2049 caetera
1271 2013 1321 2049 οινι

89 2089 204 2147 similia
224 2092 265 2145 ir'r
284 2105 443 2161 contioque
459 2082 627 2141 simulacra
648 2102 708 2139 ιιιι
729 2104 822 2160 neque
847 2086 942 2145 alitor
969 2088 1041 2145 laec
1060 2088 1196 2149 illorum
1210 2098 1320 2169 portici·

86 2194 140 2265 pio
155 2207 234 2260 esec,
249 2191 312 2242 nisi
332 2184 408 2260 quod
427 2182 543 2240 tinnilia
560 2180 627 2237 illie
648 2190 720 2237 sunt
742 2178 780 2259 l).
802 2181 902 2263 Itaque
917 2205 1003 2266 opera
1022 2184 1128 2246 danda
1146 2186 1279 2263 homini,
1295 2187 1321 2247 de

89 2284 217 2343 Platonis
240 2281 401 2352 sententia,
421 2293 463 2337 est
473 2324 481 2354 ‚
500 2291 533 2337 ut
541 2273 769 2357 παραδείγματα
787 2279 859 2357 illa,
880 2295 912 2341 ut
932 2281 1031 2359 ideas,
1049 2288 1115 2364 ipsa
1135 2281 1178 2346 τιὶ
1192 2279 1321 2349 derasum

91 2383 148 2440 alia
165 2381 287 2461 quavis,
307 2392 370 2437 tum
391 2377 544 2438 dialectica
560 2381 715 2461 praecipue
733 2382 845 2441 ratione
864 2396 1048 2461 assequatur:
1070 2407 1220 2466 namquo
1238 2408 1322 2447 carec-

91 2481 149 2539 tius
167 2478 341 2560 pleniusque
369 2476 550 2557 perceperit,
579 2498 612 2537 eo
637 2480 744 2538 tectius
769 2480 933 2562 perspicere
957 2502 989 2539 ac
1010 2480 1184 2560 dijudicare
1214 2488 1323 2568 ipsorum

91 2570 271 2656 ὁμοιώματα
288 2575 413 2658 poterit;
436 2587 504 2634 sunt
523 2588 617 2635 autem
643 2575 713 2637 haec
736 2600 781 2638 res
806 2578 944 2660 pulcrae,
962 2578 1074 2655 bonae,
1089 2583 1214 2661 justae,
1233 2585 1324 2645 similes

92 2701 207 2755 omnes,
229 2673 410 2756 dequibus,
431 2673 539 2756 quippe
566 2695 627 2734 non
647 2676 742 2736 cuivis
769 2677 938 2758 patentibus
955 2676 1087 2754 homini,
1109 2680 1233 2744 diuersa
1259 2682 1323 2743 omni

92 2793 184 2839 aetate
211 2775 362 2836 hominum
387 2769 501 2849 judicia
529 2772 659 2857 fuerunt.
702 2772 737 2833 Id
767 2796 837 2835 vcro
866 2776 960 2858 ipsum
977 2777 1050 2856 quid
1070 2779 1161 2841 aliud
1177 2796 1237 2856 est,
1254 2801 1323 2862 quan

92 2876 171 2958 quod
188 2877 221 2935 in
240 2872 358 2953 Gratylo
368 2916 377 2946 ,
392 2870 416 2929 si
434 2869 599 2949 linguarum
618 2870 833 2952 philosophiam
851 2888 973 2935 tractare
992 2889 1069 2936 recte
1087 2874 1239 2955 velimus,
1260 2899 1324 2962 prae·

93 2977 171 3057 cepit
190 2973 275 3034 nobis
294 2971 394 3043 Plato,
415 2981 447 3025 ut
466 2990 526 3027 uon
547 2987 584 3028 ex
611 2969 787 3049 imaginibus
811 2974 887 3054 ipsas
905 2987 933 3033 et
962 2973 1136 3052 veritatem,
1160 2976 1213 3037 sed
1231 3000 1266 3039 ex
1283 2996 1325 3037 ve-

94 3076 178 3134 ritate
197 3085 225 3129 et
243 3073 334 3151 ipsam
364 3081 391 3124 et
412 3068 473 3144 ejus
492 3067 632 3147 imagines
654 3067 765 3129 discere
784 3074 978 3132 conaremur?

135 3170 211 3251 Ergo
230 3189 291 3226 non
308 3160 484 3224 descendere
502 3166 538 3223 ab
558 3157 734 3240 ὑποθέσεσι,
770 3193 843 3250 qnae
863 3169 1128 3251 metaphysicorum
1153 3171 1325 3235 ,consuetudo

95 3284 155 3344 est,
177 3265 228 3328 sed
242 3265 281 3326 ad
298 3257 339 3324 cd
358 3255 531 3322 α’νυπόθετα
551 3267 725 3345 escendere,
747 3283 796 3343 ut,
818 3267 871 3327 illa
891 3269 1037 3328 intuentes
1054 3290 1267 3350 cognoscamus
1279 3291 1325 3331 rec·

96 3383 124 3428 te
142 3388 175 3428 ac
200 3367 367 3447 judicemus
395 3364 509 3439 omnia,
537 3363 608 3423 haec
638 3362 753 3425 demum
774 3365 853 3448 apud
871 3365 1021 3426 Platonem
1040 3389 1059 3424 α
1076 3377 1187 3445 priori
1213 3370 1325 3454 philostr

96 3465 209 3548 phandi
230 3467 303 3527 ratio
323 3478 382 3538 est,
404 3463 488 3541 cujus
502 3462 703 3541 adjumentum
722 3485 781 3524 esse
794 3460 1023 3523 efficacissimum
1041 3465 1325 3549 dialecticum,quam

98 3563 246 3644 prodidit,
267 3560 431 3624 contendit.
472 3560 510 3620 Et
529 3561 570 3619 sic
591 3561 709 3640 quidem
727 3562 846 3622 tandem
867 3583 899 3622 eo
917 3564 1086 3644 pervenisse
1103 3566 1262 3642 videmur,
1285 3580 1325 3637 ut,

98 3660 170 3739 quid
191 3660 228 3719 de
248 3670 333 3736 veri,
365 3659 402 3718 de
421 3658 476 3720 τοῦ
504 3651 604 3733 ὄντος,
636 3655 730 3722 αιἰτοῦ
759 3658 814 3721 τοῦ
845 3653 931 3734 ὄντος
950 3671 1079 3724 seientia
1108 3664 1324 3726 existimandum

98 3760 154 3833 sit,
181 3758 314 3837 judicare
341 3760 426 3821 nobis
455 3762 553 3822 liceat.
593 3762 804 3837 Quamobrem,
835 3783 901 3843 age,
933 3783 970 3820 ex
998 3761 1053 3822 hoc
1084 3761 1256 3824 Platonicae
1278 3777 1322 3821 tau

98 3856 316 3938 philosophiae,
337 3880 422 3938 quam
447 3858 617 3921 dialecticae
636 3861 750 3941 fastigio
761 3860 949 3942 dispiciamus
967 3861 1000 3936 in
1019 3875 1115 3940 partes
1137 3883 1255 3937 omnes,
1267 3879 1322 3920 num

99 3955 190 4030 forte,
211 3975 284 4034 quae
301 3955 372 4015 haec
393 3959 516 4017 scientia
533 3960 589 4032 sit,
610 3959 830 4039 conspiciamus.

100 4154 358 4166 ———·—-—-

136 4272 160 4338 l)
179 4277 265 4328 Parni.
288 4277 398 4363 1321)x
