2796 5048
671 217 729 275 307

76 380 186 462 pulcer
203 391 315 437 estnec
334 375 428 435 bonus
443 394 535 434 amor:
558 396 625 435 nam
641 376 777 457 pulcrum
794 376 961 453 bonumque
980 377 1107 456 appetit,
1130 397 1204 454 quae
1222 389 1316 435 autem

74 477 193 559 appetit
220 475 325 549 homo,
356 494 389 532 ea
417 494 478 532 uon
507 472 606 533 habet.
647 475 725 534 Haec
752 494 821 534 vero
849 486 878 531 et
897 487 1007 533 caetera
1027 474 1124 532 omnia
1151 474 1298 554 praeclara
1310 520 1318 548 ,

75 596 158 656 quae
177 575 234 654 ipsi
252 573 342 632 amori
361 570 488 631 tribuere
504 575 607 651 politae
625 571 738 647 solent,
760 571 872 629 effectui
894 572 956 647 ejus
973 570 1131 630 tribuenda
1151 585 1228 631 sunt.
1250 568 1319 631 Effi-

74 674 123 733 cit
142 671 254 731 scilicet
272 690 369 743 amor,
389 681 421 728 ut
440 681 543 727 nactus
561 667 614 726 illa
623 713 633 743 ,
651 669 719 727 talis
737 669 798 749 ipse
818 666 903 727 horno
923 667 982 727 fiat.
1024 667 1138 742 Quibus
1157 669 1197 727 ita
1214 668 1319 728 discre-

75 771 140 845 tis,
161 766 326 848 quidinde
345 765 464 825 duxerit
482 764 613 825 Socrates
632 787 698 824 cum
716 765 754 824 ad
778 767 839 824 vim
864 762 968 823 amoris
995 766 1026 824 in
1053 786 1098 824 res
1122 765 1273 825 hominum
1292 781 1320 825 et

74 868 257 940 civitatum,
278 877 340 923 tum
357 882 427 925 vero
442 863 529 921 etiam
547 862 652 922 adhoc
672 862 885 944 explorandum
904 862 1026 920 interius
1043 876 1162 923 naturae
1178 862 1321 923 humanae

73 963 282 1034 desiderium,
303 980 390 1041 supra
420 959 608 1019 attendimus.
649 961 830 1019 Documento
854 972 949 1017 autem
975 972 1003 1017 et
1021 973 1098 1020 totus
1119 958 1167 1018 hic
1188 959 1321 1042 dialogus

74 1074 125 1120 est
141 1073 173 1119 et
192 1059 223 1117 hi
242 1071 312 1118 sunt
328 1056 455 1116 maxime
474 1076 540 1115 curn
559 1057 650 1136 ipsius
671 1053 815 1130 Socratis,
834 1069 897 1115 tum
914 1056 1079 1131 Dictimae,
1100 1078 1172 1135 quos
1190 1073 1319 1134 enarrat,

74 1179 247 1231 sermones,
268 1175 341 1234 quae
363 1155 401 1214 sit
421 1147 464 1213 ad
496 1174 541 1211 res
570 1155 693 1213 interius
720 1153 930 1241 perquirendas
949 1153 1109 1234 analyticae
1137 1156 1258 1215 rationis
1277 1158 1321 1216 vis

76 1268 113 1313 et
132 1254 300 1313 efficacitas.
321 1250 353 1332 1)

161 1448 277 1507 Deci
304 1448 563 1524 analyticae
595 1454 859 1524 scriptionis
887 1449 937 1505 ad
966 1450 1240 1505 excitandum

197 1555 255 1613 ..s'n
278 1546 1066 1624 legenttnnsanimissapiendumque
1099 1554 1189 1603 ocri

613 1663 795 1700 amorem.

124 1835 208 1912 Quid
226 1834 305 1895 illud
323 1834 379 1909 sit,
399 1832 479 1912 quod
499 1836 532 1893 in
549 1834 680 1894 Phaedro
700 1835 831 1895 Socrates
849 1836 982 1916 scriptori
1002 1837 1191 1915 praescribit,
1217 1847 1251 1897 in
1270 1847 1320 1916 ip-

75 1944 128 1997 sis
143 1934 303 1993 hominnm
321 1932 471 1992 nscnts'bas
489 1934 637 2006 scribas,
658 1947 721 1991 tum
740 1932 953 2013 explicuimus,
974 1953 1082 2010 quum,
1103 1934 1176 2012 quid
1196 1938 1321 1996 maxime

76 2034 168 2093 Plato
186 2029 343 2090 scribendo
362 2029 535 2109 spectaverit
546 2073 555 2103 ,
576 2029 796 2109 indagabamus.
816 2028 848 2110 2)
882 2029 967 2089 Nihil
987 2029 1069 2089 aliud
1090 2044 1151 2106 est,
1172 2033 1229 2091 nisi
1257 2048 1321 2093 stu-

76 2129 168 2190 dium
185 2127 398 2207 cognoscendi,
420 2128 482 2186 veri
506 2146 628 2186 amorem
648 2127 804 2186 scribendo
822 2127 855 2187 in
873 2127 978 2187 animis
1004 2127 1155 2187 hominum
1183 2131 1320 2192 excitare.

76 2222 173 2287 Effici
208 2237 303 2283 autem
337 2222 416 2283 illud
449 2221 502 2280 hac
535 2224 682 2304 analytica
714 2225 826 2283 ratione
861 2225 1061 2306 potissimum,
1090 2226 1177 2286 facilc
1209 2241 1251 2287 est
1283 2229 1322 2289 ad

77 2320 330 2405 perspiciendum.
372 2322 445 2379 Nem
473 2321 602 2401 aperitur
630 2321 671 2379 ita
696 2319 860 2400 legentibus
887 2323 970 2400 quasi
999 2324 1216 2403 spectaculum,
1241 2326 1322 2405 quod

76 2420 141 2502 ipsi
167 2431 298 2498 spectent
315 2417 533 2497 diligenterque
561 2436 731 2496 cognoscere
758 2417 912 2495 studeant3
939 2421 1068 2497 ,scriptor
1097 2442 1166 2482 vern
1191 2422 1268 2502 ipsos
1289 2423 1321 2481 in

76 2514 286 2579 discernendis
303 2514 440 2574 omnibus
459 2513 688 2592 judicandisque
703 2517 798 2592 juvat.
841 2517 906 2590 Qun
925 2516 1049 2591 accidit,
1072 2530 1115 2576 ut'
1130 2519 1163 2577 in
1189 2519 1322 2598 legendis

77 2619 233 2698 poctarum
252 2611 431 2671 dramatibus
446 2624 475 2671 et
492 2610 616 2691 dialogis
635 2612 765 2671 Platonis
784 2613 889 2671 mentis
908 2614 983 2672 acies
999 2614 1133 2673 hebescat
1152 2636 1318 2693 nunquam,

76 2710 134 2774 sed
152 2724 273 2770 acuatur
291 2729 374 2767 mens
391 2709 594 2783 continenter,
620 2709 729 2789 quip'pe
748 2709 809 2790 ipsa
829 2729 881 2790 per
901 2731 929 2769 se
955 2712 1031 2770 inter
1051 2711 1206 2790 legendum
1224 2714 1319 2772 scisci·

76 2823 169 2884 tans,
195 2807 365 2887 inquirens,
390 2806 538 2884 judicans.
584 2807 790 2895 Intelligimus'
808 2792 904 2891 abthin
931 2808 990 2883 ita,
1015 2821 1192 2890 quantopere
1216 2811 1318 2891 philo·

77 2906 220 2988 sophiae,
240 2905 274 2962 in
294 2904 395 2985 primis
408 2891 570 2963 Socraticae
583 2918 612 2965 et
627 2904 793 2964 Platonicae
798 2949 807 2980 ,
828 2925 900 2982 quae
913 2919 972 2965 tota
981 2905 1158 2984 inquirendo
1168 2907 1316 2987 procedit,

77 3017 150 3086 apta
171 3004 209 3063 sit
225 3001 296 3061 hacc
316 3001 399 3089 ratio.
441 3001 502 3061 Imo
521 3022 589 3065 vero
599 3047 607 3077 ,
637 3001 694 3061 nisi
715 3016 879 3083 usurpasset
901 3003 1022 3063 eandem
1041 3025 1144 3085 parens
1163 3005 1319 3080 historiae,

77 3100 266 3173 Herodotus,
284 3098 339 3158 hoc
357 3096 410 3156 ille
429 3101 547 3159 nomine
568 3121 584 3157 a
601 3100 723 3179 posteris
741 3101 794 3160 vix
813 3101 914 3159 fuisset
932 3099 1101 3161 celebratus.
1123 3104 1221 3182 Neque
1240 3105 1318 3163 enim

77 3199 206 3261 historia
225 3195 352 3255 narratio
377 3207 422 3281 cst
449 3211 726 3276 rerumgestarum,
756 3198 851 3276 qualis
878 3194 958 3279 apud
986 3198 1137 3258 annalium
1165 3201 1319 3281 scriptores

77 3310 143 3371 est,
172 3293 323 3375 qualisque
351 3290 431 3372 apud
458 3315 505 3354 eos
533 3295 610 3369 fuit,
635 3296 685 3373 qui
712 3309 779 3355 ante
805 3295 988 3356 Herodotum
1017 3296 1166 3356 historiam
1194 3300 1319 3379 scripse-

78 3409 172 3455 runt:
192 3392 226 3474 3)
254 3387 403 3472 ἱστορία
435 3408 495 3468 cst,
520 3396 541 3454 i.
569 3415 593 3455 e.
619 3395 809 3472 disquisitio,
834 3398 1009 3474 indagatio,
1031 3402 1248 3474 pervestigatio
1269 3415 1317 3453 re-

78 3513 165 3568 rum;
186 3491 219 3572 4)
251 3494 299 3553 cui
332 3491 491 3574 respondet
522 3492 635 3551 notioni
665 3486 758 3551 totum
795 3514 867 3573 opus
896 3490 1111 3581 Herodqteum,
1140 3491 1318 3570 respondent

80 3591 193 3672 pariter
220 3588 393 3655 immortalia
418 3602 476 3647 tam
496 3601 626 3648 veterum
644 3609 731 3666 quam
750 3591 942 3648 recentiorum
971 3588 1172 3647 historicorum
1200 3591 1318 3670 scripta.

80 3686 274 3764 Exquirendc
293 3699 435 3761 narrem,
456 3684 604 3744 narrando
632 3685 716 3743 alunt
737 3685 912 3765 explentque
940 3684 1113 3762 exquirendi
1142 3707 1320 3767 cognoscen-

79 3784 172 3863 dique
190 3782 319 3843 studium
337 3785 485 3865 principes
504 3780 653 3872 historici:
686 3782 740 3840 hoc
761 3782 943 3841 sermonibus
967 3794 995 3840 et
1023 3784 1220 3858 orationibus,
1241 3784 1318 3842 illud

115 4037 143 4103 1)
160 4039 248 4111 Synna¹
261 4040 328 4106 209,
350 4039 410 4092 210.
436 4038 483 4091 Off.
506 4040 583 4091 Initia
600 4058 626 4107 p.
645 4041 703 4092 101.

115 4121 144 4186 2)
161 4124 240 4176 Initia
256 4143 282 4193 p.
300 4124 357 4177 tin.

116 4206 144 4269 3)
163 4210 221 4260 vid.
245 4210 408 4273 Creuser,
434 4211 464 4260 ‹lc
487 4208 576 4261 Graec.
600 4210 723 4261 historicis
748 4218 774 4261 et
797 4212 851 4261 laist.
870 4212 951 4262 Kunst
968 4215 1012 4262 (ter
1031 4212 1165 4269 (tricatura,
1185 4219 1319 4280 utrumque

81 4312 152 4362 opus
176 4297 279 4346 criticae
302 4296 334 4361 ad
358 4296 491 4346 historiam
517 4295 679 4345 adhibendae
704 4296 856 4362 exemplum.

116 4378 144 4435 ll)
164 4381 258 4444 wyri.
282 4380 332 4431 Sel.
352 4381 415 4430 ilict,
440 4381 522 4430 Praei.
543 4397 568 4447 p.
593 4381 623 4429 ll.
648 4388 673 4430 et
694 4379 787 4431 Annot.
812 4397 836 4445 p.
857 4378 932 4430 3395
1163 4448 1165 4453 ⁴

1058 4463 1113 4520 20*
