2796 5048
679 231 737 291 trs

86 397 153 474 gula
174 397 331 475 deinceps,
351 393 448 472 qualia
462 394 521 450 sint
532 438 539 465 ,
559 393 664 452 delinit
685 394 722 471 l).
766 397 849 454 Nunc
872 408 967 453 autem
987 396 1025 455 ad
1046 413 1170 458 carecte
1184 396 1225 457 sic
1241 401 1321 479 posita

85 508 113 552 et
132 495 254 554 definita
275 494 470 571 quaestionem
491 492 580 571 exigit
599 492 636 552 de
656 496 725 551 boren
736 539 743 565 ,
755 494 816 551 sire
834 493 871 553 de
884 492 1032 574 voluptate
1049 509 1080 555 et
1092 499 1249 578 sapientia,
1272 499 1321 557 utri

86 591 124 650 ad
143 592 217 650 hene
231 592 369 667 beateque
392 589 552 648 vivendum
572 591 639 670 plus
657 594 693 651 sit
713 589 893 649 efficacitatis
924 591 1130 653 tribuendum.
1175 598 1247 654 Nam
1271 595 1322 674 pal·

85 710 160 748 mam
178 691 315 749 victoriae
332 689 439 746 mixtae
453 689 514 763 jam
535 690 611 747 vitae
631 703 826 748 concesserat:
849 689 925 748 hanc
947 704 1081 750 constare
1104 714 1158 752 nec
1180 694 1321 775 voluptate

85 786 164 861 sola,
181 808 234 846 neo
252 788 313 847 sola
333 787 419 844 etiam
438 787 579 867 sapientia
600 787 755 860 docuerat,
776 787 827 846 sed
850 800 919 868 apta
939 789 1090 867 utriusque
1108 794 1320 872 temperatione.

84 886 270 966 Quapropter
285 879 323 946 toi
339 884 489 964 δεοτερεῖα
512 907 589 943 οιιιιο
611 887 723 965 quaerit
746 886 802 944 utri
824 885 981 945 tribuenda
1004 887 1192 950 viderentur.
1235 892 1323 969 ltaque

87 983 234 1046 advitam
259 988 341 1046 illam
366 987 525 1068 sapientiae
552 984 633 1063 plus,
664 1005 749 1063 qnam
771 984 936 1064 voluptati,
971 982 1156 1047 efficacitatis
1186 989 1322 1048 concedit.

88 1082 205 1144 Etenim
224 1085 261 1144 ad
280 1084 398 1144 infinita
416 1085 543 1164 pertinet
565 1083 716 1163 voluptas:
739 1083 877 1141 terminos
896 1082 946 1143 illa
970 1083 1068 1143 nullos
1088 1085 1200 1159 habet;
1223 1090 1323 1168 sapien·

86 1182 125 1239 tia
146 1202 214 1241 vero
231 1183 292 1245 sive
313 1181 382 1256 νοῦς
400 1181 565 1243 deliniendi
586 1180 801 1259 ordinandique
823 1182 883 1241 vim
903 1180 1010 1240 habere
1025 1184 1162 1262 putanda
1183 1197 1237 1245 est.
1249 1182 1324 1247 Πάν-

87 1301 134 1353 τες
156 1275 214 1362 γάρ
238 1282 450 1367 συμφωνοῦσιν
471 1277 500 1342 οἱ
522 1277 625 1361 σοφοὶ,
649 1272 772 1353 incende
791 1271 871 1341 οὕτω
886 1267 1090 1357 σεμνύνοντες,
1112 1275 1157 1357 οἷς
1178 1285 1251 1362 νοῦς
1269 1287 1325 1350 inti

81 1379 567 1470 βασιλεύςὴμῖνοῦρανσῦκαὶγῆς·
579 1389 766 1442 omneeouim
786 1391 978 1441 consentiunt
998 1393 1169 1461 supienter,
1181 1404 1273 1449 semet
1283 1401 1324 1472 ip·

85 1508 130 1544 ece
139 1494 186 1544 ita
197 1492 390 1565 extollentes,
400 1498 529 1547 mentem
541 1507 601 1543 cese
610 1484 683 1542 coeli
693 1503 728 1539 cc
739 1491 842 1538 terrae
858 1484 1109 1561 gubernatricem
1121 1482 1165 1563 2).
1199 1487 1238 1547 Et
1247 1510 1325 1565 vero,

85 1585 144 1641 vim
164 1587 311 1663 quandam
336 1588 485 1648 fortuitam
513 1599 541 1644 et
570 1583 690 1641 rationis
720 1593 867 1660 expertem
893 1602 953 1638 non
977 1575 1183 1661 ἐπιτροπεύειν
1204 1584 1324 1647 dicamus

82 1685 181 1742 omnia
201 1685 290 1761 haec,
310 1707 383 1766 quae
405 1688 573 1746 universum
594 1679 794 1761 appellamus,
818 1677 869 1737 scd
893 1680 977 1760 longe
995 1685 1123 1759 rectius,
1140 1681 1282 1767 καθάπερ
1302 1683 1325 1746 oi

86 1774 223 1860 πρόσθεν
243 1777 334 1866 ἡμῶν
355 1780 470 1866 ἔλεγον,
491 1781 561 1843 νοῦν
580 1777 630 1840 καὶ
650 1769 798 1858 φρόνησιν
820 1800 884 1837 τινα
905 1776 1089 1864 &conamur
1110 1782 1325 1850 συντάττσσσαν

90 1883 300 1971 διακυβερνᾷν·
319 1900 356 1947 ut
375 1896 428 1967 qui
447 1896 518 1945 ante
537 1906 589 1942 ποτ
599 1884 740 1957 fuerunt
758 1881 924 1955 dixerunt,
942 1893 1071 1943 mertem
1094 1900 1192 1968 atque
1213 1902 1322 1970 eapien-

83 1993 160 2044 tiam
180 1990 392 2048 admirabilem
421 1984 574 2063 praecedam
604 1981 748 2038 ordinare
767 1989 796 2037 ct
812 1983 985 2059 gubernare
1004 1993 1108 2045 omitia
1131 1985 1176 2068 3).
1224 1992 1321 2067 Unde,

92 2097 234 2162 quantum
253 2086 399 2168 voluptati
419 2082 561 2164 sapientia
582 2091 725 2159 praestet,
746 2078 932 2158 intelligitur.

125 2182 182 2242 Sed
202 2186 248 2245 his
268 2188 308 2247 ita
326 2182 510 2264 exploratis,
538 2177 618 2236 illud
639 2176 835 2257 peragendum
865 2178 983 2238 tandem
1003 2181 1167 2244 arbitratur
1187 2187 1322 2257 Socrates,

86 2282 166 2359 quod
188 2296 340 2344 monuerat
370 2283 401 2338 in
432 2276 630 2358 superioribus
649 2274 694 2353 l),
716 2289 765 2348 ut,
795 2277 910 2334 secretis
926 2277 963 2335 ab
984 2279 1045 2359 ipsa
1064 2282 1224 2365 voluptate
1241 2303 1269 2347 et
1283 2310 1322 2347 sa-

86 2380 200 2457 pientia
219 2383 310 2443 variis
344 2379 494 2454 utriusque
523 2372 695 2453 generibus,
727 2394 764 2432 ex
786 2387 906 2452 utraque
936 2389 1111 2457 temperaret
1139 2400 1223 2445 recte
1244 2389 1321 2446 vitam

86 2475 208 2539 beatam.
251 2478 336 2555 Quod
357 2491 388 2536 ut
409 2474 549 2556 perfecit,
571 2472 703 2530 immixta
725 2472 751 2528 ei
770 2474 908 2547 veritate,
929 2496 956 2533 τι
953 2471 1069 2556 'rnen
1096 2485 1237 2560 quaerit,
1253 2481 1323 2567 ἐπῇ

84 2575 220 2655 ξυμμίξει
241 2572 420 2656 τιμιώτατον
441 2565 506 2649 ἅμα
527 2568 574 2632 rui
596 2564 714 2647 μάλιστ
735 2565 826 2629 αἴτιον
848 2519 920 2632 elerii
934 2571 1079 2648 δόξειεν
1058 2604 1095 2640 αν
1112 2575 1256 2662 ἠ’μΐντοῡ
1272 2588 1321 2645 ποῖ-

83 2699 112 2738 σι
132 2677 277 2762 γεγονέναι
306 2678 458 2762 προσφιλνρ
485 2698 543 2755 την
573 2667 710 2754 τοιαύτην
733 2666 884 2748 desiderum
915 2683 989 2761 quid
1013 2690 1046 2740 in
1068 2694 1283 2747 coarrneiatione
1298 2700 1321 2747 et

78 2792 340 2858 pretiosissimum
367 2793 413 2841 est
434 2780 528 2840 simul
547 2794 575 2840 et
596 2779 710 2835 nobie
698 2799 730 2833 ιιι
752 2801 859 2841 causac
878 2797 1025 2864 maritae,
1048 2802 1083 2850 nt
1097 2799 1242 2856 omnebus
1259 2799 1320 2855 baec

81 2891 236 2968 dispositio
253 2901 348 2972 grata
369 2890 512 2949 aecidat?
533 2882 564 2961 5)
605 2876 683 2938 Et
662 2896 701 2934 stc
723 2875 759 2934 ad
788 2898 921 2957 quartum
951 2836 1028 2948 illud
1039 2893 1148 2970 ,quod
1176 2910 1320 2976 posuerat,

81 2988 265 3048 adraensem
277 2989 389 3048 accedit
397 3006 543 3064 ,eamque
558 2999 616 3040 esse
635 2996 674 3035 το
696 2967 870 3054 ἀγαθον
862 2987 986 3046 invenit.
1028 2989 1133 3049 Omnis
1154 2994 1305 3055 mixtionis

82 3085 142 3156 ait,
166 3106 225 3143 non
245 3086 368 3146 difficile
387 3100 428 3145 est
446 3104 573 3144 caussam
603 3097 749 3160 sepellre,
776 3080 813 3139 ch
834 3104 919 3161 quam
942 3084 988 3142 vel
1008 3086 1131 3166 plurimi
1152 3092 1192 3150 sit
1212 3093 1260 3152 vel
1277 3094 1320 3150 rni-

82 3183 154 3239 nimi
176 3182 321 3244 facienda.
363 3185 436 3242 Nam
456 3183 526 3241 latet
546 3179 711 3248 neminem,
733 3177 903 3240 mixtionem
924 3203 1128 3263 quamcunque
1149 3201 1178 3247 et
1197 3191 1318 3267 qualem·

34 3356 37 3363 Ι
80 3300 216 3357 cunque,
236 3281 313 3341 modi
334 3280 606 3360 aequabilitatisque
624 3287 790 3354 expertem,
813 3293 840 3337 et
859 3281 949 3337 mixta
969 3286 1130 3344 necessario
1150 3299 1179 3344 et
1200 3290 1319 3367 primum

80 3393 169 3437 semet
188 3380 280 3461 ipsam
300 3380 430 3461 perdere.
474 3381 538 3438 Non
570 3375 648 3433 enim
669 3371 790 3452 κρᾶσις,
813 3376 863 3434 sed
882 3370 1009 3456 ἄκρατος
1035 3382 1179 3460 quaedam
1203 3386 1273 3446 haec
1292 3386 1319 3444 fit

80 3475 267 3554 hominihus,
296 3493 401 3539 temere
428 3489 561 3557 congesta
589 3468 740 3554 ξυμφορά.
782 3479 974 3552 Quamobrem
1003 3481 1100 3559 effugit
1122 3504 1176 3541 nos
1197 3487 1318 3557 bonum,

81 3574 113 3631 iu
133 3576 228 3653 pulcri
250 3591 382 3637 naturam
401 3598 430 3636 se
451 3576 604 3655 recipiens.
646 3575 753 3635 Modus
772 3577 850 3634 enim
869 3591 897 3636 et
917 3579 1108 3656 aequabilitas
1132 3580 1236 3641 ubivis
1255 3585 1319 3643 solet

80 3672 250 3752 pulcritudo
270 3691 298 3734 et
329 3678 423 3736 virtus
449 3695 517 3733 esse.
564 3673 721 3732 Veritatem
749 3689 842 3743 autem
875 3676 1005 3735 diximus
1035 3699 1093 3734 una
1122 3700 1192 3737 cnm
1213 3682 1275 3740 illis
1292 3683 1317 3738 in

81 3773 288 3850 temperatione
306 3775 426 3831 mixtam
447 3794 515 3834 esse.
560 3766 676 3833 Οὐκοῦν
697 3772 721 3832 εἰ
741 3768 786 3853 μή
806 3771 863 3856 μιᾷ
891 3769 1049 3852 δυνάμεθα
1076 3771 1145 3858 ἰδέᾳ
1165 3775 1209 3839 τό
1232 3776 1318 3859 u'yu-

79 3865 131 3928 θεῖ
139 3893 153 3927 ν
174 3866 415 3958 &noannoeane
433 3872 515 3953 τρισὶ
535 3868 689 3951 λαβόντες,
711 3869 838 3936 κάλλει
865 3876 913 3936 καὶ
936 3876 1149 3963 συμμετρίᾳ
1170 3881 1221 3942 καὶ
1242 3881 1317 3961 ιὶλη-

115 4079 139 4144 1)
158 4084 250 4136 Plrileb.
269 4086 303 4138 24
321 4097 347 4138 et
364 4089 405 4138 25.

111 4166 138 4230 2)
158 4171 219 4220 Eud.
238 4170 280 4222 28.
301 4172 329 4224 C.

112 4252 137 4314 3)
158 4255 218 4306 End.
238 4256 279 4306 28.
304 4260 331 4307 Ι).

112 4335 137 4398 4)
158 4340 217 4390 Eod.
236 4340 277 4392 20.
297 4343 328 4394 Α.

113 4422 139 4483 5)
159 4425 220 4475 Eud.
240 4426 281 4476 64.
303 4427 330 4477 C.
