2774 5048
660 249 719 311 282

75 406 205 469 dandum
222 407 512 488 distrihrrendumque
530 425 728 491 argumentum
745 412 800 485 sit,
812 430 942 490 quaeque
962 428 1048 490 porro
1067 408 1106 468 sit
1124 406 1278 488 singulares

76 510 203 590 partium
219 508 346 588 partitio.
372 509 398 568 E
414 530 471 588 qua
491 507 616 569 docendi
637 511 747 571 ratione
765 523 859 570 ortum
877 521 1062 592 praeceptum
1080 520 1143 567 eet:
1164 513 1213 585 qai
1228 509 1279 565 leae

76 609 262 688 distinguit,
281 609 352 665 bena
369 608 460 667 decet.
481 604 568 686 Apud
577 607 725 669 Platonem
735 629 804 668 vero
819 630 879 669 non
889 606 1039 669 docentem
1056 603 1188 665 Eleatem
1202 604 1279 687 hospi

74 720 132 766 tem
152 704 296 767 vidimus:
318 705 474 785 interrogat
493 725 604 785 semper
621 705 808 765 Theaetetum
827 725 942 784 unaque
960 725 1028 767 cunr
1045 724 1079 763 eo
1098 703 1220 782 quaerit.
1236 704 1280 763 lltc

74 817 169 864 autem
189 802 274 862 modo
291 803 407 863 invenit
425 803 571 882 analysie,
600 804 652 864 illo
674 805 794 864 inventa
822 803 975 865 nobiscum
997 801 1203 865 communicat.
1239 802 1282 865 ht·

72 903 158 977 cessit
176 901 293 980 quidem
309 915 406 982 postea
426 900 462 961 ab
489 900 540 962 illa
564 902 674 962 ratione
701 903 792 962 Plato.
834 901 869 963 ln
900 901 1036 976 Timore,
1066 899 1284 977 incisam

73 999 160 1059 libris
175 1001 210 1058 de
228 998 359 1081 Legibus
381 999 545 1080 principem
570 999 679 1079 dialogi
699 1020 851 1080 personam
871 999 1098 1079 distinguentem
1119 997 1285 1072 ironico

74 1097 167 1177 legere
187 1097 272 1157 nohis
287 1097 413 1158 subinde
433 1098 636 1172 Aristotelem,
653 1120 748 1157 rerum
768 1112 900 1159 naturam
918 1098 1131 1179 explicantem,
1146 1094 1284 1161 vidone

74 1196 133 1256 Sed
151 1218 211 1257 non
233 1195 271 1257 de
299 1195 365 1269 his,
385 1193 423 1254 de
452 1197 489 1255 iis
518 1196 567 1256 hle
595 1198 704 1277 agimus
732 1197 874 1276 dialogis,
899 1197 933 1257 in
959 1195 1066 1276 quihus
1094 1192 1224 1255 methodi
1240 1196 1286 1275 ipe

74 1317 143 1355 suae
161 1309 295 1357 naturam
315 1295 472 1375 expressit:
493 1316 565 1374 quos
583 1296 608 1355 si
626 1315 692 1354 cum
712 1295 875 1357 Aristotelis
891 1293 1158 1377 disceptationibus
1178 1290 1286 1357 contule

74 1386 187 1468 rimus,
208 1392 260 1452 has
289 1413 350 1452 non
378 1394 491 1473 inepte*
504 1395 676 1472 analyticos
696 1395 964 1453 comanos-aetrno
988 1391 1174 1455 vocabimus:
1194 1391 1230 1463 in,
1241 1388 1287 1455 il‘e

75 1513 145 1553 vero
172 1493 263 1573 ipsam
290 1476 456 1569 ἀπάγῃ,
482 1492 641 1570 quaerendi
669 1491 901 1571 inveniendique
920 1489 1106 1566 methodum,
1136 1486 1288 1560 metamor

75 1590 196 1650 omuino
224 1588 394 1650 dialecticae
423 1611 552 1651 normam
580 1610 773 1670 agnoscemus.
814 1588 873 1651 Sed
899 1588 937 1649 de
962 1587 1066 1664 modo,
1093 1609 1151 1667 quo
1175 1585 1287 1666 analytr

77 1688 227 1769 usurpauit
255 1688 356 1762 Plato,
384 1688 443 1748 alia
475 1702 543 1747 sunt
564 1689 633 1747 item
653 1687 913 1749 animadvertenda
932 1687 1027 1748 nobis.
1070 1687 1122 1747 Est
1148 1684 1203 1747 illa
1218 1682 1288 1756 rute,
1312 1680 1314 1689 ¹

75 1785 155 1865 quod
173 1788 233 1867 ipse
251 1787 377 1862 fatetur,
400 1800 432 1845 nt
450 1786 649 1867 pulcerrima,
670 1788 710 1846 ita
731 1787 818 1847 simul
837 1806 975 1867 perquam
990 1783 1134 1847 difficilis.
1167 1781 1289 1864 «sanus
1312 1816 1314 1821 ·

75 1905 121 1943 me
139 1884 207 1959 illa,
228 1887 271 1945 ait
290 1885 373 1966 apud
387 1884 457 1945 'eum
477 1885 579 1966 hospes
598 1885 732 1961 Eleates,
753 1887 785 1944 in
806 1883 971 1964 quaerendo
985 1898 1015 1945 et
1033 1881 1204 1946 disserendo
1220 1878 1289 1945 dui
1312 1878 1314 1885 ¹

74 1985 142 2043 tuit.
154 2008 168 2041 o
212 1985 276 2058 Qua
305 1983 413 2044 accidit
445 1981 637 2059 difficultate,
664 1997 697 2043 ut
713 1985 799 2064 pauci
819 1983 899 2043 omni
921 2003 993 2043 aevo
1011 2001 1044 2043 ec
1063 1996 1146 2047 recte
1169 1980 1214 2041 usi
1239 1978 1289 2043 tl*

76 2083 148 2142 Nam
166 2083 332 2143 Aristoteles
342 2128 351 2157 ,
372 2096 404 2143 ut
424 2081 478 2143 hoc
498 2096 581 2158 utar,
602 2083 715 2144 inventi
735 2082 883 2143 Platonici
910 2081 1011 2141 haeres
1039 2081 1206 2162 proximus,
1224 2094 1291 2157 qu

75 2179 216 2240 cernendi
234 2180 388 2260 diligantid
409 2202 455 2240 res
473 2202 573 2243 omnes
591 2180 709 2241 divinas
736 2193 821 2259 atque
843 2180 985 2239 humanas
1008 2178 1157 2260 explicare
1183 2176 1291 2239 institut

77 2267 299 2353 ret‚discrevit
326 2277 443 2357 quidem
463 2278 589 2339 studiose
609 2278 666 2338 alia
694 2278 844 2362 ab1aliis3
867 2279 918 2339 sed
946 2266 1007 2338 non
1028 2278 1097 2337 satis
1115 2289 1183 2358 apte
1208 2270 1314 2343 idisti*

76 2376 144 2436 dem
164 2375 287 2435 discreta
306 2378 447 2454 conjunxi
454 2391 477 2438 t.
505 2377 595 2437 Stoici
615 2392 715 2437 contra
734 2391 762 2439 et
778 2376 940 2458 Epicurei,
959 2377 1011 2455 qui
1029 2374 1172 2457 prolicere
1188 2394 1225 2435 ex
1242 2370 1292 2435 dcl·

78 2475 189 2534 stotelis
216 2475 395 2555 syllogistica
430 2475 632 2551 studuerunt,
665 2478 788 2556 jungere
816 2476 889 2536 miri
918 2488 979 2535 arte
1013 2494 1080 2535 cum
1108 2474 1227 2555 placitit
1248 2468 1293 2531 nh

77 2575 272 2653 antiquiorum
300 2573 407 2655 placita
435 2575 696 2656 philosophorum,
717 2574 878 2648 Heracliti,
897 2573 1073 2649 Democriti,
1092 2554 1296 2646 Socratissl‘h·¹

74 2673 151 2731 torris
170 2673 267 2733 conati
281 2685 369 2749 ¹euut3
391 2673 443 2733 sed
472 2674 618 2733 nonsatis
637 2674 670 2732 in
688 2670 922 2753 philosophando
941 2670 1162 2732 discreverunt:
1183 2668 1295 2750 quonian

70 2771 218 2849 judicium
241 2770 474 2831 femineorum
499 2771 699 2851 systematibus
726 2770 933 2831 desideramus.
974 2770 1057 2831 Plato
1085 2790 1158 2832 rem
1184 2770 1225 2831 sie
1249 2784 1295 2827 mr

73 2868 195 2928 thodum
222 2868 408 2929 hanc·euam
434 2883 462 2928 et
485 2868 682 2950 usurpandam
711 2888 772 2928 esse
791 2869 906 2927 censuit
934 2882 963 2927 et
990 2868 1145 2948 usurpavit
1174 2869 1250 2943 lere,
1273 2874 1296 2923 1

75 2967 266 3045 aequabiliter
295 2980 423 3027 uteretur
453 2981 596 3045 utroque,
629 2969 686 3026 imo
716 2987 802 3041 reso,
831 2988 905 3046 quae
934 2980 1053 3027 naturae
1075 2966 1151 3025 ratio
1178 2980 1238 3041 est,
1252 2976 1296 3023 tt!

72 3067 207 3144 jungeret
226 3066 389 3140 cernendo,
407 3086 493 3143 quam
516 3065 669 3145 jungendo
703 3078 844 3124 cerneret.
886 3064 974 3124 Unde
995 3065 1029 3123 in
1059 3064 1164 3144 primis
1183 3074 1296 3149 rep&

76 3163 143 3223 dam
170 3163 430 3243 explicandumque
450 3184 569 3238 censeo,
596 3183 669 3242 quae
689 3164 722 3222 in
742 3165 807 3241 ejus
832 3176 892 3223 tam
916 3163 1045 3223 oratione
1072 3182 1162 3241 quam
1190 3159 1295 3243 philone

76 3262 146 3343 phia
165 3274 259 3320 exstm
267 3264 497 3344 ,perspicuitatis
511 3283 579 3321 cum
595 3262 678 3341 copia
697 3274 725 3321 et
740 3262 947 3321 concinnitate
963 3262 1213 3338 conjunctionem.
1232 3250 1297 3333 erl

76 3373 138 3418 tum
165 3361 310 3442 explicare
334 3361 471 3440 juvabit,
498 3381 587 3440 quum
617 3359 656 3419 ad
683 3361 866 3419 rhetoricum
898 3359 1067 3441 philosophi
1091 3356 1297 3440 pervenerint!-

77 3460 164 3521 llunc
185 3474 278 3519 antem
298 3461 331 3519 in
355 3459 471 3519 modum
499 3480 566 3517 cum
585 3459 698 3538 analysi
724 3460 757 3517 irr
787 3457 1022 3538 philosophando
1057 3471 1190 3517 uteretur
1216 3453 1297 3525 Pho,

80 3556 181 3616 ducem
213 3578 241 3616 se
272 3558 356 3617 nohis
385 3557 538 3639 praebuit,
564 3578 669 3636 quem,
688 3557 751 3616 sive
777 3556 1009 3637 philosophiam,
1030 3557 1092 3617 siue
1117 3569 1196 3617 artes
1210 3548 1299 3615 deni

78 3676 186 3734 nosque
202 3671 322 3716 tractare
340 3657 538 3730 instituimus,
559 3655 694 3714 lubenter
712 3676 872 3734 sequamur.
902 3655 1001 3730 Non,
1028 3656 1111 3734 quasi
1130 3656 1195 3737 ipse
1217 3648 1299 3717 Μί-

78 3766 156 3827 tcm,
177 3775 261 3832 quam
286 3755 371 3814 nobis
392 3754 556 3830 indicavit,
576 3767 652 3813 recte
671 3774 780 3834 semper
807 3767 920 3813 secutus
947 3754 1004 3828 sit,
1026 3752 1076 3814 vel
1101 3753 1228 3835 placita,-
1241 3762 1296 3831 qu!

78 3849 133 3910 hac
161 3852 300 3911 cernendi
320 3852 527 3932 jungendiquc
556 3851 692 3911 methodo
721 3852 855 3928 invenit,
885 3851 1032 3921 ves=issima
1054 3852 1116 3911 sint
1136 3852 1246 3913 omnic:

78 3948 164 4009 homo
181 3950 240 4034 sctit
257 3949 379 4012 divinus
396 3951 497 4025 Plato,
520 3964 549 4010 et
570 3951 690 4010 humani
721 3949 834 4029 aliquid
864 3950 1027 4011 identidem
1049 3969 1154 4031 passus
1173 3964 1222 4013 eet

78 4049 169 4128 ipsam
185 4044 412 4128 philosophandi
442 4049 605 4123 rationem,
626 4069 712 4127 quam
745 4049 899 4129 probavit,
920 4071 973 4108 nos
995 4069 1109 4128 quoque
1140 4049 1224 4109 unice

79 4146 207 4206 handum
232 4166 389 4207 censemus.
429 4147 489 4221 Qui
507 4161 571 4227 post
588 4168 655 4207 eum
670 4147 846 4209 exstiterunt
863 4146 1115 4243 philosophqggsic
1135 4138 1289 4229 praetot-

80 4266 130 4302 sua
150 4246 212 4304 sive
240 4244 395 4323 analyticis
422 4246 488 4305 sive
518 4246 694 4326 syntheticis
724 4241 1289 4327 demonstrationibus'tsrnposnemnrff

80 4341 220 4401 docerent
245 4343 342 4419 alios,
369 4345 524 4423 generique
558 4344 686 4409 humano
714 4346 886 4426 sapientiam
914 4345 1027 4407 scilicet
1053 4364 1136 4405 suam
1163 4338 1287 4405 uictu

80 4441 144 4499 Non
164 4441 205 4500 ita
223 4442 322 4505 cmo:
351 4443 516 4521 quaerendo
535 4442 666 4523 procedit
687 4464 815 4525 semper:
838 4458 937 4523 estque
955 4446 1019 4523 ejus
1046 4434 1288 4525 philosoplis*
