2796 5048
668 129 725 187 182

89 289 258 350 Aristotelis.
300 288 450 348 Servatum
470 312 485 348 a
503 288 657 349 Plutareho
680 310 716 348 ex
737 289 798 367 ejus
816 285 945 346 Eudemo
964 286 1159 364 fragmentum
1187 296 1246 343 eet:
1274 303 1305 343 ex

89 408 164 466 quo,
185 401 218 446 ut
241 387 417 467 fragmento,
444 385 576 447 divinare
594 386 683 466 magis
707 385 814 465 dialogi
834 385 993 457 rationem,
1012 404 1097 462 quam
1123 402 1306 463 cognoscere,

88 485 173 546 licet:
195 484 227 546 id
242 499 338 544 tamen
356 486 546 566 percipimus,
572 484 658 543 aliam
676 483 835 544 Aristotelis
854 484 886 542 in
905 481 1045 562 dialogis,
1064 481 1154 540 aliam
1175 479 1262 560 plane
1278 479 1309 539 in

89 583 207 643 caeteris
225 584 357 665 scriptis,
388 583 525 643 dictionis
548 583 667 649 formam
687 583 791 656 fuisse,
819 582 1052 654 redundantem,
1082 593 1114 638 ut
1133 577 1323 661 Wyttenha—

90 682 173 740 chius
197 680 331 759 judicat,
359 684 507 762 grandem
533 703 567 739 cc
588 703 684 758 paene
714 689 876 762 tragicam.
901 677 930 758 l)
970 678 1056 739 Unde
1081 678 1200 738 duxisse
1218 676 1320 737 rideri

91 780 190 839 Cicero
209 793 320 859 potest,
340 794 415 839 certe
434 782 545 839 auxisse
565 781 677 860 copiam
696 778 778 837 illam
797 792 825 837 ct
843 781 1035 856 majestatem,
1062 797 1133 855 quae
1153 777 1187 835 in
1205 795 1326 835 mento—

91 892 152 937 rato
179 875 306 955 dialogo⁴
320 878 352 937 in
378 879 480 958 primis
506 878 629 958 insignis
656 892 705 938 est.
747 877 804 937 Sed
814 922 827 951 ,,
844 891 876 936 ut
894 878 949 958 ipsi
965 875 1131 954 judicemus
1142 919 1150 948 ,
1173 874 1316 953 fragmen·

91 990 171 1050 tutu,
192 977 322 1053 quamvis
339 976 570 1055 longiusculum,
591 975 639 1034 lule
659 976 774 1037 videtur
794 990 885 1035 totum
903 974 1135 1034 adscribendum.
1185 964 1321 1052 Διόπερ,

93 1065 119 1135 αλ
144 1067 277 1156 κράτιστε
299 1069 418 1135 πάντων
438 1073 487 1134 καί
507 1068 753 1155 μακαριστότατε,
781 1073 830 1135 καὶ
850 1068 927 1156 πρός
947 1072 990 1158 τῷ
1010 1071 1175 1153 μακαρίους
1194 1072 1243 1135 καί
1261 1069 1322 1135 εό-

93 1173 235 1253 δαίμονας
262 1169 333 1236 εἶναι
360 1169 427 1248 τους
453 1171 692 1258 τετελευτηκότας
712 1174 855 1254 νομίζειν,
877 1175 926 1237 καὶ
947 1169 1185 1251 τάίβεόσασθαί
1203 1199 1232 1237 τι
1249 1170 1324 1237 κατ’

94 1272 191 1339 αὐτῶν
215 1276 265 1338 καί
289 1273 324 1339 τό
350 1280 549 1359 βλασφημεῖν,
577 1274 634 1359 οὐχ
661 1271 754 1353 ὅσιον,
783 1272 824 1352 ῶς
849 1272 922 1338 κατά
943 1271 1113 1358 βελτιόνων,
1138 1272 1320 1359 ἡγοίμεθα,

35 1428 39 1437 .
94 1380 143 1440 καί
162 1374 333 1462 κρειττόνων
352 1374 412 1461 ἤδη
432 1374 604 1485 γεγονότων
626 1381 674 1440 καί
695 1375 786 1442 ταῦθ’
806 1373 900 1454 οὕτως
922 1376 1034 1462 α’ρχαῖα
1052 1379 1100 1440 καὶ
1118 1376 1229 1442 παλαιά
1247 1380 1320 1442 δια-

95 1486 172 1543 τελεῖ
194 1477 385 1562 νενομισμένα
412 1478 482 1565 παρ’
506 1477 592 1564 ἡμῖν,
622 1475 695 1544 ῶστε
723 1478 758 1544 τό
780 1478 920 1566 παράπαν
947 1478 1043 1556 οὐδεὶς
1068 1475 1148 1543 οἶδεν
1175 1478 1240 1545 odet
1257 1480 1321 1543 τοῦ

95 1579 206 1665 χρόνου
231 1579 287 1666 την
312 1580 424 1667 cippis,
451 1579 517 1647 οὔτε
544 1581 596 1647 τόν
625 1579 721 1648 θέντα
729 1571 878 1665 πρῶτον,
905 1580 979 1645 άλλά
1004 1579 1056 1646 τόν
1079 1576 1200 1667 άπειραν
1224 1584 1317 1646 αἰῶνα

96 1679 273 1768 τυγχάνουσι
295 1684 344 1749 διά
365 1684 465 1763 τέλους
488 1681 567 1750 οὕτω
589 1683 787 1769 νενομισμένα·
809 1683 884 1769 πρός
905 1685 942 1748 δὲ
963 1682 1003 1769 δη
1023 1682 1151 1762 τούτοις,
1176 1682 1226 1748 διά
1245 1680 1314 1749 στό-

96 1813 193 1868 ματος
214 1789 245 1851 ἒν
265 1795 326 1865 τοῖς
347 1786 517 1874 άνθρῶποις
540 1785 625 1876 ὁρᾷς,
650 1786 691 1866 ῶς
713 1791 745 1852 ἐκ
765 1792 881 1852 πολλῶν
896 1789 985 1864 ἐτῶν,
1009 1790 1040 1851 ἐκ
1059 1792 1185 1851 παλαιοῦ
1204 1784 1316 1873 χρόνον

96 1888 281 1974 περιφέρεται
313 1889 541 1974 θρυλλοάμενον.
600 1892 641 1955 Τί
666 1890 758 1967 τοῦτ’;
778 1891 855 1975 ’ἔφη
905 1889 1048 1978 Κρίκεῖνος
1072 1888 1242 1974 όπολαβῶν,
1263 1886 1315 1964 Ὡς

97 1987 156 2072 άρα
182 1989 226 2076 μή
252 1993 387 2076 γίνεσθαι
412 1993 481 2075 μέν,
509 1992 599 2078 ἔφην,
628 1996 660 2078 2)
685 1990 804 2077 άριστον
829 1985 963 2070 πόντων,
990 1990 1026 2057 τό
1050 1992 1085 2056 δέ
1105 1997 1242 2058 τεθνάνα
1260 1990 1317 2057 τοῦ

97 2095 154 2182 ζῇν
180 2095 242 2158 ἐστι
268 2102 404 2178 κρεῖττον
426 2097 475 2159 καί
495 2102 612 2172 πολλοῖς
634 2091 712 2159 οὕτω
734 2094 815 2178 παρά
835 2099 890 2160 τοῦ
911 2097 1063 2178 δαιμονίου
1084 2092 1313 2182 μεμαρτύρηται·

98 2198 184 2259 τοῦτο
210 2197 266 2277 μὲν
291 2197 387 2284 ἒκείνφ
414 2201 458 2285 τῷ
485 2198 577 2286 Μίδην
603 2196 717 2282 λέγουσι
743 2195 839 2282 δήπου
860 2196 935 2280 μετά
956 2196 1011 2283 την
1032 2195 1149 2284 θήραν,
1173 2196 1214 2276 ῶς
1233 2196 1315 2281 ἔλαβέ

97 2294 150 2360 τόν
182 2295 330 2382 Σειληνόν,
364 2302 541 2384 διερωτῶντι
572 2302 620 2365 καί
650 2299 878 2390 πυνθανομένῳ,
905 2301 936 2365 τί
960 2298 1033 2364 ποτέ
1058 2302 1120 2365 ἐστι
1146 2299 1181 2366 τό
1207 2300 1315 2385 βέλτιον

98 2405 159 2477 τοῖς
181 2397 367 2484 α’νθραίποις,
393 2404 441 2465 καί
463 2404 494 2468 τί
513 2400 548 2468 τό
568 2400 686 2468 πάντων
707 2401 915 2488 αἱρετώτατον,
941 2401 976 2467 τό
997 2404 1053 2485 μὲν
1074 2407 1205 2488 πρῶτον,
1231 2401 1315 2468 ου’δὲν

99 2500 213 2567 ἐθέλειν
246 2506 349 2582 εἰπεῖν,
382 2502 459 2589 Ιάλλά
489 2510 602 2595 σιωπῶν
632 2504 780 2594 α’ῥρητως·
814 2504 927 2590 ἐπειδή,
947 2504 983 2569 δέ
1011 2531 1080 2569 ποτε
1111 2504 1199 2588 μόλις
1223 2508 1313 2570 πᾶσαν

97 2634 141 2692 μη
143 2604 240 2691 χανην
265 2605 480 2692 μηχανώμενος
506 2607 707 2695 προσηγάγετο
734 2608 932 2694 φθέγξασθαί
955 2635 983 2673 τι
1004 2607 1079 2696 πρός
1101 2607 1204 2689 adedo,
1226 2604 1310 2687 οὕτως

98 2706 345 2795 ἀναγκαζόμενος,
373 2714 471 2774 εἰπεῖν·
497 2713 645 2793 Δαίμονος
672 2709 808 2777 ἐπιπόνου
833 2713 882 2776 καί
902 2707 998 2795 τόχης
1018 2716 1150 2799 χαλεπῆς
1170 2710 1309 2799 ἐφήμερα

100 2810 233 2898 σπέρμα,
260 2813 292 2877 τί
316 2838 353 2893 με
374 2810 517 2895 βιάζεσθε
538 2812 642 2898 λέγειν,
664 2814 684 2879 ά
705 2813 777 2897 υμῖν
797 2810 897 2898 άρειον
912 2810 957 2898 μη
979 2818 1099 2897 γνῶναι,·
1120 2812 1185 2896 μετ’
1205 2813 1305 2899 όρυοίας

98 2908 155 2998 γάρ
181 2919 241 2978 τῶν
268 2915 379 2979 οἰκείων
405 2919 514 2994 κακῶν,
536 2915 717 2995 ἀλυπότατος
739 2914 756 2981 ό
777 2919 854 3001 βίος·
876 2913 1048 3000 άνθρῶποις
1070 2915 1105 2979 δὲ
1125 2913 1248 3000 πάμπαν
1265 2911 1304 2979 αλιι

103 3077 354 3086 -.mm—-

99 3149 145 3199 illo
171 3164 235 3199 vero
254 3151 376 3201 universe
394 3167 460 3200 more
476 3151 622 3202 Aristotelen
640 3152 785 3202 disserendi
802 3160 827 3203 et
848 3151 946 3220 dialogi
966 3152 1073 3202 formam
1089 3151 1225 3221 intelligit:
1250 3147 1304 3220 quod

101 3250 132 3284 ex
158 3234 215 3300 ipsa
234 3233 286 3284 loci
309 3237 409 3287 ratione
437 3235 557 3288 efficitur:
592 3239 707 3304 «scripsi
731 3239 809 3305 igitur
828 3237 974 3288 Aristotelen
999 3255 1081 3299 more,
1108 3234 1305 3304 dticmadmodtn

80 3321 210 3395 guidem-
218 3320 305 3385 volui,
324 3330 375 3373 tres
394 3321 474 3373 libros
490 3325 518 3372 e'n
533 3325 694 3391 disputatione
707 3341 738 3374 nc
758 3324 853 3391 dialepo
872 3324 904 3375 de
925 3321 1077 3375 Oratore:»
1102 3322 1146 3373 ubi
1166 3325 1306 3390 quenula·

72 3441 75 3447 -
99 3407 157 3455 dnm
176 3407 271 3473 quidem
289 3406 355 3456 volnt
377 3409 489 3471 evincit,
509 3409 578 3459 aliud
601 3425 658 3459 eum
680 3409 734 3472 hle,
754 3409 823 3460 aliud
844 3411 870 3460 in
895 3411 940 3476 Ep.
960 3408 993 3459 ad
1011 3408 1062 3459 An.
1082 3417 1224 3475 spectasse.
1257 3407 1306 3461 llam

100 3507 128 3541 se
158 3491 241 3557 ipsum
267 3491 389 3544 inducere
413 3494 577 3561 loquentem,
607 3495 632 3544 id
659 3495 760 3546 scilicet
787 3511 893 3558 omnes,
917 3496 959 3562 qui
986 3495 1094 3558 volunt,
1113 3504 1231 3561 possunt.
1269 3491 1304 3546 dl·

101 3577 291 3627 Chcrccterient
306 3581 388 3646 prinp.
404 3581 464 3648 pleit.
483 3596 508 3646 p.
529 3579 594 3644 150,
614 3579 671 3631 165.
691 3583 774 3632 Stcltr.
792 3581 942 3633 Aristotelia
960 3582 995 3629 ΙΙ.
1015 3579 1066 3630 244
1085 3597 1141 3648 sqq.
1228 3598 1233 3619 ·

136 3660 525 3724 mmnmnm
608 3650 611 3657 '

134 3752 160 3818 2)
179 3755 327 3823 legendum
345 3757 462 3808 videtur:
502 3749 542 3811 Τί
561 3747 652 3826 τοῶτ’,·
677 3746 760 3832 ἔφην.
783 3745 924 3834 Κρῖκείνος
944 3745 1115 3829 υπολαβιδν,
1138 3745 1180 3825 ῶς
1200 3740 1307 3833 άραμί

101 3846 235 3928 γίνεσθαι
256 3845 325 3926 μέν,
349 3846 418 3932 ἔφη.
442 3862 565 3913 Fortasse
579 3866 604 3914 in
622 3864 672 3914 hoc
689 3864 794 3930 dialogo
809 3862 963 3913 Aristoteles
980 3865 1037 3928 ipse
1052 3862 1100 3912 sibi
1116 3871 1205 3929 partes
1221 3858 1307 3916 dicenti

103 3952 173 4004 dedit
187 3968 198 4015 ,¹
214 3951 255 4019 qui
281 3953 336 4017 ejus
358 3972 413 4005 rnos
439 3952 501 4019 luit',
520 3965 548 4006 ut
571 3958 606 4008 ait
624 3958 676 4008 Cic.
695 3959 742 4024 Ep.
761 3959 794 4006 nd
810 3957 860 4006 An.
880 3956 896 4006 l.
915 3956 953 4006 l.:
973 3948 1125 4022 qulnquam
1145 3957 1223 4008 aliurn
1245 3956 1307 4009 iudu-

103 4056 179 4104 cere,
200 4045 241 4109 qui
263 4057 408 4093 sermonem
428 4050 575 4107 enarraret,
596 4045 695 4109 potuit,
715 4051 741 4093 ut
758 4044 821 4095 lecit
837 4041 911 4093 Plato
927 4043 960 4096 in,
970 4041 1064 4093 Politia
1083 4051 1108 4092 et
1124 4042 1182 4094 aliis
1204 4041 1307 4111 dialogis·

105 4133 156 4186 Sed
173 4135 196 4184 in
216 4135 380 4203 fragmentis,
401 4151 466 4202 quae
482 4135 595 4189 Stohaeo
616 4135 755 4198 debemus,
775 4114 872 4206 dialogi
894 4125 960 4208 περὶ
981 4122 1120 4219 εὐγενείας
1142 4136 1256 4189 similiter
1272 4147 1309 4187 ον

106 4239 184 4287 currit
206 4237 314 4288 subinde
338 4221 430 4318 έφην·
457 4238 498 4290 lrlc
524 4246 607 4289 autent
630 4239 688 4304 ipse
713 4247 803 4290 auctor
827 4239 897 4309 loqui
918 4238 1029 4315 videtpr.
1072 4237 1128 4289 Vid.
1149 4238 1221 4290 Stob.
1245 4238 1322 4291 Sere».

106 4327 139 4375 84
158 4338 182 4379 et
200 4328 241 4381 86.
