2796 5048
655 244 714 304 459

59 426 129 488 rat,
148 411 189 472 ita
210 407 248 467 nb
267 406 322 467 hoc
338 405 495 484 deinceps,
518 416 549 461 ut
568 422 704 485 serpens,
735 402 858 464 deliniri
875 404 997 492 dicitur.
1038 407 1101 468 Hoc
1121 408 1194 469 adeo
1214 406 1251 468 dc
1272 430 1305 472 eo

58 522 185 591 usurpat
199 502 348 578 Socrates,
369 522 449 563 nunc
468 502 594 582 primum
624 521 653 560 se
681 502 789 562 vidisse
810 503 1058 584 Thrasymachum
1075 504 1303 571 erubescentem.

57 611 244 686 Quamquam
256 648 265 678 ,
285 600 365 681 quud
385 600 512 659 hominis
531 599 694 659 doctrinam
712 603 834 676 attinet,
865 622 925 660 non
942 616 1021 661 earet
1039 604 1111 678 illa,
1142 619 1175 665 ut
1204 603 1301 667 dicere

52 708 120 786 jam
139 703 335 775 instituimus,
357 698 563 780 probabilitate
583 720 615 758 ac
636 699 904 760 verisimilitudine.
926 701 1090 761 Probat-unt
1109 723 1171 762 eam
1189 704 1300 784 agendo

57 804 232 886 principes,
263 801 364 880 paucis
393 797 542 877 exceptis,
572 806 699 872 omnes,
719 810 859 876 quotquot
886 818 931 856 res
953 816 1070 878 magnas
1099 802 1192 861 moliti
1222 816 1300 864 sunt.

56 901 168 977 Quid?
196 897 276 977 quod
305 898 367 978 ipsa
393 896 522 954 omnium
549 907 711 975 temporum
737 894 876 975 politica,
898 898 1029 973 quamvis
1047 920 1063 955 a
1083 899 1300 980 philosophiae

55 997 233 1060 melioribus
259 995 417 1077 principiis
445 992 620 1068 duceretur,
651 994 683 1051 in
715 992 955 1052 administrandis
982 996 1111 1074 gentium
1133 995 1238 1072 rebus,
1269 997 1300 1057 id
1330 1048 1335 1057 .

49 1096 144 1177 'quod
162 1096 234 1154 utile
253 1095 343 1173 magis
353 1138 362 1168 ,
383 1111 470 1170 quam
488 1092 567 1169 quod
581 1093 693 1170 justum
710 1105 740 1150 et
758 1092 911 1150 honestum
926 1105 999 1152 esset
1009 1138 1018 1167 ,
1039 1097 1189 1174 spectavit.
1212 1097 1300 1157 Unde

56 1195 190 1257 dedecus
215 1188 352 1273 politicae
381 1189 419 1248 ad
443 1188 522 1248 huuc
554 1208 643 1269 usque
671 1189 749 1248 diem
779 1187 920 1250 adhaesit.
960 1190 1021 1249 Nec
1042 1210 1111 1251 vero
1135 1194 1193 1272 ipsi
1220 1193 1299 1275 apud

56 1291 237 1353 recentiores
255 1288 326 1348 adeo
344 1288 510 1369 philosophi
529 1287 629 1346 abhis
649 1287 755 1367 agendi
785 1287 940 1369 principiis
967 1289 1058 1348 alieni
1086 1290 1215 1350 suerunt.
1256 1292 1299 1350 Ne

48 1389 158 1451 dicam
186 1386 224 1447 de
247 1385 446 1446 Machiavellc
473 1404 506 1444 ac
535 1385 642 1444 famoso
668 1387 732 1462 ejus
758 1402 862 1465 opere,
891 1386 941 1444 del
967 1387 1118 1466 Principe
1138 1388 1299 1469 inscripto,

61 1500 180 1569 patrum
199 1499 360 1544 nostrorum
379 1484 514 1542 memorii
536 1483 590 1541 illa
610 1482 721 1563 prodiit
749 1482 848 1542 denuo
868 1483 1007 1564 politica,
1027 1506 1102 1565 quae
1121 1484 1185 1546 roci
1210 1504 1299 1566 συμ-

55 1578 243 1666 φέροντος
261 1582 539 1660 phiicacphic
558 1595 634 1640 recte
654 1594 697 1639 est
717 1581 873 1660 appellata.
914 1581 1005 1642 Haud
1023 1584 1062 1643 ita
1081 1601 1219 1669 perpetua
1234 1611 1300 1670 pro·

54 1686 142 1747 fecto
161 1699 190 1744 et
209 1695 346 1743 constans
363 1679 434 1738 baec
451 1677 585 1738 doctrina
603 1679 722 1753 fuisset,
743 1679 800 1737 nisi
821 1677 985 1756 habuisset,
1014 1702 1072 1761 qua
1100 1706 1129 1743 sc
1156 1705 1299 1748 commen·

57 1782 167 1856 daret,
188 1780 319 1843 veritatis
336 1779 470 1858 speciem.
512 1775 597 1851 Quod
612 1776 651 1836 de
671 1775 761 1835 alteru
780 1777 849 1834 item
876 1777 1085 1858 Thrasymachi
1103 1782 1228 1862 placito,
1254 1788 1300 1846 ‚cd

49 1882 250 1961 felicitatem
260 1880 334 1955 plus
357 1883 569 1952 injustitiam,
590 1894 682 1952 quam
702 1881 866 1951 justitium
886 1878 1003 1952 calare,
1034 1899 1066 1936 ac
1085 1882 1193 1958 majore
1213 1884 1299 1943 etiam

55 1978 270 2063 probabilitate
288 1973 450 2035 dicendum
467 1987 519 2033 est.
561 1972 752 2047 Quamobrem
770 1972 852 2032 Pluto
872 1974 904 2032 in
923 1973 977 2033 hoc
995 1975 1127 2056 dialogo,
1148 1994 1299 2060 postquam

55 2076 213 2157 consopita
230 2072 349 2132 tandem
368 2071 494 2132 Socratis
512 2073 642 2130 oratione
660 2070 867 2150 Thrasymachi
887 2073 1020 2132 ferocitas
1036 2086 1099 2150 cst,
1119 2075 1298 2137 Glauconem

58 2191 90 2237 et
111 2173 300 2234 Adimantum
328 2191 387 2228 rem
414 2170 537 2229 interius
564 2170 745 2248 inquirentes
772 2167 908 2244 induxit,
940 2180 989 2244 ut,
1016 2172 1091 2251 quid
1117 2173 1236 2233 tandem
1260 2174 1298 2234 de

57 2275 105 2333 rei
132 2271 316 2351 gravissimae
344 2289 404 2327 non
426 2268 558 2328 veritatis
585 2266 709 2345 quadam
735 2268 845 2347 specie,
865 2267 917 2328 sed
935 2271 1056 2329 veritate
1073 2271 1299 2332 existimandum

52 2383 153 2445 esset,
176 2378 296 2449 pateret.

104 2566 361 2626 «iustissimi
383 2563 626 2619 tractatus
645 2566 968 2638 injustissimi,
991 2566 1258 2638 solicitatis

340 2664 513 2718 ratione
544 2659 709 2732 hodite,
736 2666 1010 2736 comparatio.

101 2858 152 2918 Sic
173 2838 422 2937 igiturdeinceps
439 2853 517 2934 apud
534 2854 682 2912 Platonem
702 2852 822 2913 Glauco.
867 2854 1146 2935 «Thrasymachus,
1175 2858 1234 2930 ait,
1265 2857 1298 2915 in

55 2953 239 3017 celebranda
268 2954 433 3031 injustitia,
464 2971 496 3010 ac
517 2951 631 3029 justitia
657 2948 854 3031 vituperanda
880 2953 1117 3032 rejiciendaque,
1149 2955 1299 3033 utriusque

54 3054 220 3135 respexisse
252 3050 432 3110 commodum
450 3062 481 3108 et
506 3048 721 3108 incommodum
747 3048 873 3110 videtur.
915 3050 975 3130 Ego
1001 3070 1091 3126 vero,
1120 3050 1192 3130 quid
1220 3053 1299 3132 ipsae

54 3153 141 3226 sint,
161 3147 210 3210 rui
230 3146 296 3210 τίνα
318 3143 380 3227 ἔχει
401 3140 540 3228 ἑκάτερον
561 3140 687 3226 diruam
708 3140 781 3207 adad
802 3143 875 3209 καθ’
896 3141 969 3210 atriti
991 3143 1059 3210 ἒνόν
1080 3147 1112 3210 ἐν
1132 3151 1173 3236 τῇ
1193 3149 1298 3234 ῌωχῇ·

52 3266 154 3329 qnam
173 3259 304 3330 utroque
324 3261 386 3308 vim
405 3257 472 3328 ipsu
487 3269 546 3326 per
563 3272 593 3308 ss
612 3256 647 3307 in
666 3258 767 3308 animo
793 3262 895 3310 uestro
925 3252 1051 3327 lrabeat,
1080 3253 1228 3331 inquirere
1248 3272 1297 3311 ve·

55 3343 123 3407 lim.
163 3347 377 3422 Quamobrem,
398 3346 477 3425 quod
496 3343 548 3406 ille
568 3348 715 3428 neglexit,
745 3368 796 3428 ego
823 3349 936 3410 faciam.
976 3349 1136 3410 Renovabo
1162 3349 1297 3428 equidem

56 3444 271 3525 Thrasymachi
291 3446 468 3518 orationem,
494 3458 523 3504 et
540 3447 667 3527 primum
688 3446 798 3520 dicam,
828 3446 943 3525 qualem
960 3465 1020 3504 esse
1034 3447 1176 3524 justitiam
1195 3445 1297 3503 dicant

55 3554 148 3620 atque
164 3542 247 3602 unde
265 3556 395 3602 exortam
406 3566 414 3618 ;
438 3538 565 3616 deinde,
589 3562 705 3617 omnes,
725 3545 891 3621 quicunque
916 3543 1058 3620 justitipm
1078 3541 1193 3617 colant,
1214 3542 1298 3602 invi·

34 3624 104 3700 'tos
119 3639 331 3718 quodammodo
349 3661 411 3699 eam
429 3641 529 3718 sequi,
547 3653 686 3718 tanquam
704 3658 764 3698 rem
783 3641 991 3714 necessariam,
1012 3660 1072 3698 non
1090 3658 1159 3699 vero
1176 3639 1297 3700 bonam:

54 3736 162 3810 tertio,
193 3739 296 3798 merito
324 3757 372 3798 eos
399 3726 440 3797 sic
468 3755 572 3818 agere:
600 3737 694 3796 multo
718 3739 800 3795 enim
820 3737 970 3796 meliorem
989 3737 1093 3814 injusti
1112 3738 1201 3799 sitam
1219 3758 1297 3811 esse,

56 3850 147 3915 qoam
160 3834 254 3912 justi,
277 3835 475 3896 uitandum.»
520 3834 598 3894 Haec
616 3833 746 3893 Glauco:
767 3853 938 3912 quamquam
958 3856 1019 3895 non
1038 3836 1101 3894 sine
1120 3824 1298 3896 verecundia

57 3945 89 3991 et
107 3930 221 4013 pudore
237 3952 392 4014 generosus
408 3933 576 3992 adolescens
592 3952 628 3990 eo
644 3931 766 3991 accedit.
792 3929 821 4010 l)
845 3932 946 3990 «Mihi
964 3931 1101 4011 quidem,
1119 3950 1139 3992 o
1155 3931 1298 4007 Socrates,

57 4030 103 4089 ait
112 4074 122 4105 ,
144 4031 264 4091 nonita
284 4024 422 4106 videtum
444 4043 636 4092 veruntamen
655 4029 759 4089 dubito
775 4028 921 4106 subinde,
941 4032 1049 4112 quippe
1063 4028 1213 4091 obtundor
1229 4050 1298 4108 quo·

95 4338 126 4402 l)
146 4339 258 4391 Easdem
277 4348 365 4406 partes
389 4342 547 4397 sustinuisse
564 4341 634 4407 apud
650 4340 802 4394 Ciceronem
816 4342 854 4393 Dc
870 4342 931 4408 ηερ.
948 4339 984 4392 lll
1009 4341 1035 4390 h.
1061 4341 1201 4392 Furium
1219 4338 1299 4391 Phi-

59 4425 128 4475 lum
143 4432 222 4490 patet.
234 4440 255 4475 c.
269 4425 293 4474 5.
310 4423 351 4476 tt.
