2774 5048
651 260 712 321 51⁹

104 423 245 505 Negleeta
270 425 332 482 iere
357 446 374 483 a
399 423 580 505 pbilosophis
604 440 648 486 est
672 442 730 488 tota
760 428 831 487 baec
849 426 976 486 bominis
994 425 1073 507 apud
1091 426 1238 485 Platonem
1256 428 1288 485 in

63 525 194 605 pejorem
220 521 418 581 conditionem
444 526 602 604 conversio.
643 528 702 585 Nec
730 527 845 584 mirum
887 527 959 584 llam
986 526 1030 604 agi
1049 523 1103 582 boc
1123 523 1187 582 loco
1206 526 1292 583 unice

61 622 103 683 de
127 622 284 681 civitatum
301 621 538 680 conversionibus
564 623 736 684 videbatur:
757 626 807 682 vix
833 623 1036 683 attendebatur
1064 623 1187 693 iccirco,
1205 621 1291 700 quid·

60 719 139 800 quid
168 718 208 778 de
235 717 362 778 bominis
384 720 482 778 auimo
508 723 626 799 ejusque
644 722 916 782 commutationibus
934 720 1110 793 occurrebat
1150 719 1226 778 Sunt
1243 741 1291 777 au·

60 833 124 879 tem
146 838 247 898 reapse
274 816 329 875 bae
351 818 442 875 animi
469 817 589 878 bumani
615 824 860 881 commutationes·
875 821 1011 901 prinecps
1037 818 1140 876 barum
1158 817 1291 897 dispuisi·

62 919 179 978 donum
193 928 403 995 argumentum.
436 915 483 975 Ad
499 919 630 976 etue-a
647 922 726 978 enim
742 921 858 1000 proprie
867 965 877 992 ,
898 939 957 976 uon
975 915 1015 975 ad
1027 918 1184 992 politicen
1200 929 1292 975 totum

61 1017 141 1088 boe,
161 1028 196 1072 ut
220 1012 365 1087 vidimus,
384 1012 550 1096 philosophi
577 1036 651 1097 opus
676 1019 808 1087 refertur.
849 1017 886 1076 Et
903 1016 964 1075 dici
982 1015 1034 1073 vix
1053 1027 1164 1094 potem,
1183 1018 1292 1093 quanti

60 1115 118 1174 ille
138 1111 295 1191 diligentil
319 1125 495 1191 naturaeque
522 1113 670 1174 bumanae.
689 1116 894 1196 perspiciendi
921 1112 1048 1172 bominis
1073 1111 1112 1170 ad
1137 1114 1209 1170 vitia
1237 1115 1293 1171 iter

61 1210 267 1292 exploraverit
299 1229 334 1267 ae
367 1209 569 1272 declaraverit
620 1211 765 1272 Summam
791 1213 898 1286 babet,
926 1223 960 1270 ut
981 1210 1208 1270 animadvertere
1229 1211 1291 1288 jam

60 1309 234 1391 coepimus,
261 1308 350 1366 trium
376 1308 513 1384 illorum,
531 1330 605 1390 quae
632 1311 744 1371 bomini
768 1312 888 1387 insunt,
916 1310 1090 1388 mmo,
1111 1307 1293 1386 θυμοειδοῦς

61 1422 94 1469 et
121 1401 356 1486 maumas,
375 1408 534 1483 rationem,
554 1412 678 1487 quaein
696 1411 964 1470 aristocraticosive
987 1411 1065 1470 bono
1083 1414 1218 1490 justoque
1235 1412 1291 1470 bo-

61 1511 146 1569 mine
170 1509 376 1581 consentiunt,
406 1510 439 1566 in
465 1509 645 1568 timocratico
662 1522 757 1566 autem
775 1523 804 1567 et
823 1508 998 1590 oligarcbieo
1014 1507 1190 1584 turbantur,
1210 1511 1290 1569 utin

60 1608 165 1669 amium
187 1608 315 1687 ipsorum
343 1607 435 1665 veluti
455 1606 613 1666 seditiones
630 1609 770 1666 oriantur.
810 1609 886 1666 Tum
904 1628 974 1667 vem
989 1609 1045 1666 iter
1063 1607 1140 1666 illud
1163 1608 1291 1668 bominis

61 1706 105 1767 ad
122 1706 200 1766 vitia
216 1724 385 1784 omnemque
403 1706 574 1785 pravitatem
593 1704 775 1764 attendamus
793 1705 960 1786 diligenter.
1000 1706 1049 1766 Fit
1074 1706 1128 1765 ille
1143 1708 1289 1788 primum,

63 1819 102 1865 ut
126 1803 324 1863 timoenticus
353 1805 424 1878 iste,
444 1806 588 1882 superbus
605 1814 690 1880 atque
709 1806 902 1879 ambitiosae,
922 1798 1113 1885 ἆψηλόφμνν
1130 1805 1180 1866 rut
1200 1800 1290 1886 patl-

63 1923 155 1982 τιμος
172 1894 258 1981 rirq'p.
278 1900 308 1980 l)
347 1902 496 1960 Dominari
515 1904 548 1961 in
576 1924 611 1963 eo
626 1895 664 1961 sd
684 1900 846 1978 θνμαιδὲς
865 1909 990 1989 incipit,
1012 1925 1045 1969 nt
1071 1909 1185 1981 minas,
1204 1929 1290 1987 quam

61 2026 123 2089 par
149 2017 210 2078 est,
239 2003 314 2062 ratio
339 2001 518 2060 auctoritatis
546 2001 666 2061 babeat:
686 2006 853 2063 excitantur
869 2007 1045 2087 cupiditates
1063 2008 1164 2079 etiam,
1183 2007 1292 2086 quibus

61 2104 189 2187 gloriam
208 2103 295 2160 unice
312 2113 342 2158 et
358 2099 557 2158 auctoritatem
575 2102 695 2182 appetit.
723 2101 798 2161 Sunt
814 2103 885 2162 baec
904 2106 1194 2186 praeclarissimorum
1203 2107 1290 2164 etiam

63 2203 197 2264 virorum
224 2200 317 2271 vitia,
336 2199 370 2256 in
395 2197 503 2276 quibus
522 2199 657 2259 feruntur
674 2200 778 2276 facile5
801 2223 901 2261 venum
920 2206 992 2264 vitia
1009 2216 1079 2264 sunt
1100 2217 1196 2262 umen
1205 2249 1216 2277 ,
1238 2204 1292 2261 iis-

68 2300 193 2378 deque
220 2284 334 2356 animus
351 2296 490 2376 proclivis
509 2296 547 2355 ad
565 2318 678 2356 omnem
699 2301 872 2379 pravitatem
888 2301 932 2361 lit
951 2303 985 2383 2)
1010 2303 1103 2377 Nam,
1122 2299 1200 2380 quod
1217 2321 1234 2359 c
1250 2301 1289 2359 ci·

67 2400 168 2465 sitatis
196 2390 389 2456 timueraticae
415 2396 446 2452 in
476 2394 663 2474 oligarcbiam
693 2402 884 2460 conversione
917 2414 1011 2482 patet,
1040 2398 1210 2481 cupiditatis
1237 2400 1291 2458 bac

63 2499 117 2563 via
144 2519 162 2556 a
189 2495 298 2576 gloriae
325 2494 419 2552 studio
444 2491 483 2552 ad
507 2494 571 2550 auri
590 2515 698 2552 sacram
716 2496 819 2554 famem
836 2512 1063 2557 convertuntur:
1088 2519 1147 2575 que
1164 2497 1292 2568 accidit,

65 2612 101 2659 nt
126 2589 292 2668 θυμωειδὲς
321 2590 417 2666 illud,
448 2590 527 2669 quod
549 2592 676 2651 excitare
698 2592 845 2653 bominem
862 2596 901 2655 ad
919 2617 1055 2677 generosa
1074 2597 1203 2654 facinora
1220 2594 1290 2654 sole·

62 2699 137 2774 bat,
165 2696 237 2756 solis
262 2692 401 2752 inserviat
427 2689 638 2770 cupiditatibus
665 2691 841 2771 explendis,
867 2715 941 2773 quae
967 2695 1073 2774 opibus
1099 2693 1233 2767 inbiant,
1262 2707 1291 2751 et

64 2797 149 2859 nibil
175 2795 284 2854 babent
310 2811 377 2850 cum
405 2791 593 2870 generositate
614 2803 699 2868 atque
725 2793 816 2849 animi
835 2792 1035 2872 magnitudine
1052 2811 1212 2850 commune.
1253 2790 1291 2849 Et

65 2916 140 2959 vero
166 2892 292 2953 efficitur
313 2889 417 2962 simul,
448 2901 481 2945 ut
506 2886 577 2946 ltine
601 2887 741 2968 deinceps
765 2889 798 2947 in
817 2888 934 2949 bomine
954 2890 1070 2949 nullum
1093 2911 1154 2948 non
1172 2889 1292 2970 cupidi-

67 3008 161 3057 tatum
185 3012 278 3073 genus
300 2991 460 3061 excitetur,
489 2987 569 3065 isque
594 2985 732 3060 tandem,
751 2990 830 3047 omni
852 2991 947 3070 spreta
965 2989 1086 3047 rationis
1105 2989 1292 3061 auctoritate,

65 3092 125 3154 hee
152 3090 312 3172 quidquam
339 3087 450 3146 babens
467 3079 499 3144 ἓν
518 3085 563 3170 τῷ
582 3084 742 3162 θυμοειδεῖ
759 3086 914 3167 praesidii,
934 3101 1041 3169 totus'a
1062 3085 1292 3167 cupiditatibus,

72 3206 100 3252 et
125 3187 366 3273 pervicacissimis
385 3185 503 3264 quidem
531 3187 642 3247 illisae
661 3207 777 3266 prorsus
792 3186 955 3260 effrenatis,
974 3183 1101 3266 pendeat
1118 3204 1151 3241 ac
1169 3197 1291 3263 regatur.

73 3290 181 3349 Verum
206 3287 261 3346 boc
280 3299 312 3343 ut
331 3284 415 3344 nobis
432 3284 641 3344 demonstraret
659 3284 759 3360 Plato,
778 3283 816 3343 ad
841 3283 1044 3344 democratia·
1062 3294 1091 3341 et
1106 3280 1291 3362 tyrannidem

76 3390 201 3448 animum
221 3398 350 3445 nostrum
366 3383 595 3442 convertendum
614 3385 738 3443 censuit.
777 3385 836 3442 Nos
852 3384 942 3462 igitur
959 3401 1107 3461 pergamus
1127 3379 1208 3438 illuc.

272 3579 332 3639 De
351 3581 616 3638 democratia
635 3590 675 3637 et
694 3588 789 3638 viro
808 3580 1101 3637 demonatico.

113 3781 260 3854 «Oritur,
280 3779 339 3851 ait,
359 3797 396 3835 ex
414 3775 570 3855 oligarcbia
589 3775 763 3845 democratia
780 3788 897 3855 propter
916 3772 1110 3831 insatiabilem
1126 3769 1292 3830 divitiarum

71 3879 273 3964 cupiditatem.
312 3878 385 3936 llam
411 3889 443 3933 nt
470 3873 579 3934 divites
604 3890 692 3950 sunt,
722 3876 772 3953 qni
800 3873 853 3933 tali
881 3860 993 3932 civitati
1022 3884 1176 3951 praesunt,
1198 3871 1237 3928 ita
1261 3869 1291 3926 bi

104 4102 471 4194 bmmmwu

102 4210 247 4277 2)1tostro
272 4210 299 4260 id
321 4207 461 4276 proverbio
485 4209 652 4274 exprimitur:
669 4208 765 4276 lapsa·
782 4207 910 4275 praeeedit
927 4202 1051 4271 superbi&
1084 4201 1135 4252 Sed
1148 4198 1292 4252 massanis

105 4316 136 4353 ee
162 4299 246 4352 omnis
271 4304 310 4347 est
333 4295 491 4362 antiquitatis
517 4297 661 4347 sententia:
690 4292 855 4362 quemobrem
875 4292 945 4342 Deus
968 4289 1076 4339 occurrit
1094 4287 1147 4338 illic
1164 4287 1237 4346 lere,
1256 4286 1291 4337 nil

61 4291 156 4456 ³4⁵¹
175 4385 202 4436 iu
222 4383 327 4436 bomine
342 4381 470 4448 puniens,
490 4395 565 4447 quarn
583 4380 737 4446 superbiam.
782 4376 841 4429 lid.
858 4377 903 4427 lle
919 4373 1021 4441 losql
1042 4372 1111 4440 llice.
1128 4374 1160 4424 de
1178 4372 1293 4422 llerdeti

61 4463 629 4542 mmmmmmmpm
