2796 5048
1306 215 1349 255 vu

108 377 231 436 tradita
262 370 383 458 viceque
410 399 550 457 caprona
579 398 712 436 sermone
744 376 939 457 colligerem?
968 387 995 437 ei
1015 385 1113 454 ipeum
1134 387 1167 436 in
1193 350 1350 457 compacta
1389 463 1394 470 Ι

106 519 241 587 positum
260 521 442 591 comiterque
463 523 499 569 ut
518 513 628 570 colebat
648 512 894 585 confabulantem
915 532 1125 588 saepenumero
1143 512 1244 569 videre
1260 520 1351 591 atque

108 645 221 704 audire
239 648 317 704 mibi
343 640 492 707 viderer?
524 642 748 723 Obversabatur
768 650 864 701 menti
884 644 988 701 eultue
1007 644 1060 700 ille
1085 664 1228 718 oerenue,
1250 654 1351 703 sereni

108 784 209 835 animi
227 743 398 857 interpres,
417 785 485 855 qui,
510 777 680 854 quatienda
707 777 764 833 illa
791 776 928 833 Platonie
956 777 1092 834 ubertate
1121 797 1156 833 ac
1186 783 1215 833 ai
1239 784 1353 836 mentio

108 919 197 983 erat,
221 892 430 988 euplieabatur
448 918 529 967 totue
548 931 582 967 ao
609 908 860 986 diffundebatur:
888 908 1011 964 videbar
1030 908 1124 965 lateri
1142 915 1210 983 ejue
1237 909 1352 967 adbae-

109 1063 196 1116 rere,
214 1043 345 1119 pendere
361 1043 397 1100 ab
416 1062 466 1098 are
477 1085 486 1115 ,
505 1049 579 1118 quin
600 1043 741 1099 diuinare
762 1040 839 1097 milei
858 1040 956 1097 adbuc
975 1041 1112 1114 videbar,
1136 1062 1191 1117 quo
1211 1063 1257 1100 me
1277 1051 1352 1101 eeeet,

107 1182 252 1233 inetituti
271 1181 417 1233 eermonie
444 1180 546 1232 exitue
570 1173 789 1252 perducturue.
822 1171 882 1231 Sed
900 1180 933 1229 in
955 1179 1015 1246 iio,
1042 1193 1118 1250 quae
1144 1174 1351 1252 perlegebam,

107 1329 179 1364 cum
199 1309 263 1364 alia
285 1328 331 1366 me
358 1308 500 1364 tenebant
523 1326 615 1383 quam
630 1308 772 1384 plurima
795 1305 1035 1386 gracieeimeque
1053 1305 1151 1379 dicta,
1170 1313 1236 1362 tum
1253 1305 1348 1380 illud,

106 1417 188 1516 quod
197 1459 247 1515 epe
257 1441 311 1497 ille
321 1448 351 1496 et
361 1446 578 1536 eaopeetatiane
590 1449 808 1515 praeceperat:
828 1434 916 1495 «Non
927 1438 1103 1496 doctrina
1115 1438 1189 1509 suit
1202 1437 1349 1514 quaedam

104 1572 295 1652 pbiloeaplu'a
304 1571 447 1630 Plutonia
451 1615 460 1645 ,
469 1591 530 1648 qua
537 1578 740 1650 praoionmae
751 1571 983 1646 caplicarentur
986 1569 1190 1646 philosophiae
1198 1576 1349 1646 quaestio·

108 1724 181 1774 που
201 1713 270 1762 erat
298 1706 355 1762 illa
387 1710 590 1763 imtitutio
611 1705 787 1776 bominis,
808 1678 968 1760 bominis
985 1710 1071 1775 erat,
1093 1711 1129 1758 ut
1146 1714 1250 1788 capere
1269 1711 1349 1761 recte

105 1837 240 1896 disceret
255 1847 346 1914 atque
360 1801 585 1912 incoeptum
601 1842 789 1913 quaeetionee
800 1834 883 1892 baud
893 1837 1026 1909 frustra
1037 1839 1205 1909 niteretur,
1231 1834 1276 1893 ad
1295 1857 1349 1893 ee-

107 1977 264 2028 ritatem
284 1974 485 2026 eanae'reio.
505 1966 595 2024 Hanc
612 1967 937 2046 igiturpleilooopleiam
953 1967 1062 2044 quidni
1072 1967 1202 2026 cellolam
1213 1968 1349 2026 dicamus

104 2100 350 2177 pleiloeoplcorum
369 2107 512 2177 eptimam
522 2144 532 2174 ,
548 2070 843 2176 instaurandamque
864 2098 920 2154 leae
941 2106 1046 2156 noetra
1065 2107 1164 2156 aetate
1181 2097 1261 2157 eece?
1286 2096 1348 2156 Fa·

105 2233 251 2289 ciendum
270 2233 304 2290 id
323 2241 426 2290 autem
444 2239 576 2290 maxime
595 2239 628 2288 in
642 2238 663 2308 j
675 2252 693 2287 a
705 2253 722 2288 a
734 2253 748 2288 e
760 2254 779 2288 n
792 2251 811 2287 u
823 2253 852 2289 m
867 2237 1007 2311 gratiam
1027 2250 1189 2290 eeneemue.
1215 2230 1349 2289 ducenae

106 2371 190 2422 enim
200 2408 209 2438 ,
231 2365 340 2440 quibus
358 2370 476 2421 natura
492 2372 573 2421 ineat
588 2364 773 2442 pbilooopleia
794 2364 956 2441 quaedam,
977 2372 1013 2420 ut
1032 2364 1137 2438 oeneel,
1154 2365 1209 2422 baa
1229 2369 1348 2444 ingenii

40 2580 44 2587 .
105 2501 266 2573 animique
289 2502 490 2574 intepretata,
520 2517 555 2552 ea
576 2497 625 2553 leie
644 2505 777 2553 naturae
789 2497 934 2570 fontibue
961 2496 1150 2570 hauserant,
1170 2495 1348 2554 incredibile

104 2627 194 2686 dictu
215 2637 279 2702 eet,
300 2637 336 2684 ut
354 2633 486 2707 uigorem
504 2627 574 2685 inde
592 2628 722 2684 trabant
740 2635 901 2699 continuo,
920 2589 1043 2703 aptique
1062 2628 1168 2685 danda
1178 2628 1267 2704 fiant
1286 2634 1348 2686 eice

105 2762 148 2818 ad
166 2759 440 2838 philosophandum
460 2766 521 2817 eice
543 2760 583 2816 ad
609 2759 730 2815 nullum
749 2779 807 2815 non
829 2764 948 2816 artium
966 2758 1235 2836 doctrinarumque
1249 2723 1348 2839 genua

105 2901 139 2950 et
154 2861 309 2950 colendum
329 2901 359 2948 et
373 2892 634 2969 procedendum.»
671 2887 731 2947 Sed
750 2910 842 2966 qaum
859 2891 955 2968 pluro
983 2890 1017 2948 de
1046 2891 1097 2948 boc
1116 2913 1201 2968 opere
1220 2892 1347 2950 dicenda

105 3030 187 3098 sint,
203 3042 260 3103 age
272 3023 435 3082 audiamue
454 3044 530 3101 quae
546 3029 704 3101 perepicuo
721 3043 756 3078 ac
773 3029 915 3079 concinne
929 3023 964 3079 de
978 3029 1045 3098 ejue
1062 3044 1179 3081 cumaea
1198 2990 1347 3082 commen-

103 3156 197 3215 dator
205 3162 366 3213 memoriae
380 3155 528 3231 prodidit.
551 3152 740 3239 Quamquam
750 3153 883 3229 ejuedem
898 3161 1037 3230 euperior
1045 3155 1212 3230 disputatio
1228 3157 1269 3215 ad
1284 3177 1346 3214 rec·

104 3298 172 3348 tam
186 3294 286 3365 aperie
305 3295 546 3346 aestimationem
562 3287 645 3346 baud
662 3292 765 3345 minue
784 3287 904 3346 calebit.
929 3286 1012 3346 Haeo
1031 3290 1085 3346 ille
1103 3289 1173 3346 inde
1189 3311 1209 3346 a
1225 3310 1257 3365 p.
1279 3286 1346 3349 127.

150 3392 1345 3497 «InitiapbilaeapbiaePlatonicaetribuedec'noepeaolumine'bueaba.

108 3551 305 3613 1827-1836
317 3556 397 3612 edita
408 3563 491 3612 eunt.
512 3553 575 3611 Hoc
592 3574 665 3631 opue
682 3560 814 3609 ornatur
832 3562 1020 3611 monumento
1036 3560 1164 3630 pictatio
1178 3576 1214 3612 aa
1231 3575 1262 3613 eo
1281 3561 1345 3632 qui·

103 3687 173 3744 dem
180 3706 307 3767 genere,
323 3662 399 3765 quod
412 3695 446 3744 in
464 3685 653 3744 Neerlande'a
664 3684 795 3742 nondum
805 3691 947 3764 ignorari
952 3693 1171 3761 pronuntiavit
1179 3686 1345 3747 Haerenue.

105 3815 287 3877 Praemiua
305 3824 386 3875 enine
402 3826 448 3876 eet
460 3817 600 3896 Epietola
611 3819 651 3875 ad
666 3816 850 3876 Creuzerum
867 3817 902 3876 de
915 3817 960 3877 W
956 3821 1154 3897 qttenbaalu‘o.
1175 3820 1345 3907 Heuedium

105 3951 201 4008 multi
220 3959 337 4008 norunt
354 3957 511 4010 carissimi
532 3958 739 4030 praeceptoria
767 3958 862 4010 citam
891 3924 1136 4029 aanecripburum
1156 3956 1279 4028 fuieee,
1311 3962 1346 4012 ni

104 4082 271 4142 Mabeeium
288 4058 451 4162 acaepieeet
465 4084 544 4142 idem
554 4085 715 4142 concilium
736 4090 868 4163 agitare.
901 4083 962 4143 Sed
977 4092 1083 4164 muti
1100 4086 1179 4143 bunc
1194 4086 1346 4166 gaudebat

100 4222 235 4294 pictatio
256 4215 352 4295 estleia
372 4219 576 4292 eatieseeieee,
596 4223 643 4273 ita
662 4237 682 4272 a
710 4237 740 4273 ee
755 4216 835 4274 illud
855 4238 912 4274 non
933 4239 1026 4295 oeque
1046 4219 1197 4295 expletum
1216 4239 1293 4293 eece,
1315 4240 1346 4277 ee

102 4355 194 4430 grati
211 4354 312 4407 animi
330 4371 450 4408 eentum
470 4371 529 4409 non
546 4349 699 4407 combaudo
718 4347 925 4424 effudieeenec
939 4352 1043 4427 palam
1053 4352 1235 4426 deolaraeee,
1255 4372 1346 4429 aegre
