2796 5048
302 1262 1075 1333 uuHOM1N1sluvuatrrruar

579 1423 800 1509 περιαγωγῇ·

116 2156 288 2218 Introduxit
316 2175 368 2213 nos
397 2152 478 2212 Plato
506 2171 558 2231 per
593 2149 817 2231 disciplinarum
847 2148 1101 2228 disquisitionem,
1129 2166 1198 2214 turn
1227 2155 1316 2215 maxi·

77 2276 122 2315 me
159 2254 314 2334 speluncae
341 2248 476 2310 adhibita
507 2247 651 2326 imagine,
679 2248 712 2305 in
742 2247 885 2308 mundum
903 2241 1022 2330 νοητόν·
1054 2271 1116 2331 quo
1149 2274 1207 2315 nos
1234 2268 1315 2315 trans·

81 2353 154 2411 latos
172 2349 306 2410 sublimis
326 2347 395 2406 haec
416 2345 546 2425 ejusdem
573 2344 610 2404 dc
637 2343 711 2404 ideis
738 2359 766 2405 et
795 2346 945 2410 idealibus
975 2350 1112 2410 doctrina
1146 2349 1188 2410 ad
1216 2370 1315 2411 summa

80 2449 178 2510 omnia
195 2462 223 2506 et
251 2444 355 2506 divina
385 2445 496 2504 eduxit.
539 2444 605 2502 Non
634 2442 831 2522 quaerendum
868 2447 953 2508 nobis
982 2467 1164 2531 magnopere
1197 2448 1247 2509 hic
1263 2461 1313 2520 est,

81 2546 160 2627 quod
180 2547 213 2605 in
231 2543 353 2603 aliorum
372 2542 515 2602 doctrinis
540 2541 779 2622 philosophorum
804 2544 1011 2624 persequendis
1039 2566 1187 2624 quaerere
1204 2546 1315 2607 solemn

81 2643 208 2705 subinde
226 2663 279 2701 nec
300 2642 481 2722 perspicere,
502 2661 554 2699 cur
572 2639 626 2698 hoc
647 2640 702 2697 iter
728 2638 851 2700 sublime
871 2655 899 2701 et
918 2663 976 2720 quo
993 2643 1146 2724 proposito
1166 2644 1313 2704 institueri-

71 2740 153 2804 'mus
195 2743 268 2801 Nam
287 2741 417 2799 hominis
435 2740 467 2798 in
487 2738 534 2797 his
552 2736 687 2797 omnibus
706 2739 829 2797 maxime
851 2742 992 2801 rationem
1013 2739 1192 2802 habuimus:
1213 2742 1251 2802 sd
1260 2763 1313 2803 eru·

79 2841 222 2902 diendum
241 2836 508 2918 perficiendumque
526 2835 673 2894 hominem
692 2835 790 2895 valere
809 2838 937 2898 Platonis
970 2839 1139 2900 doctrinam
1173 2842 1311 2903 vidimus:

79 2940 206 2999 hominis
225 2938 344 2994 omnino
372 2935 620 3011 humanarumque
639 2953 734 2990 rerum
762 2936 1016 3014 provehendarum
1040 2939 1147 2998 caussa
1173 2940 1312 3001 veritatem

81 3036 193 3115 assequi
212 3053 278 3093 cum
294 3032 414 3091 Platone
430 3031 602 3092 studuimus.
645 3029 703 3089 Sed
724 3029 832 3119 dehoc.
847 3035 909 3114 ipso
929 3035 1114 3114 quaerimus,
1136 3038 1172 3097 in
1182 3051 1312 3119 quotam·

82 3134 135 3194 diu
148 3135 209 3212 jam
226 3131 331 3193 versati
351 3150 463 3204 sumus,
493 3129 603 3186 mundo
628 3128 742 3212 νοητῷ,
765 3131 838 3207 quid
862 3133 978 3213 proprie
997 3131 1077 3213 apud
1098 3133 1255 3195 Platonem
1273 3134 1310 3193 sit

80 3232 152 3291 Nam
171 3233 205 3289 in
223 3229 348 3289 eundem
367 3247 420 3285 nos
438 3224 581 3284 mundum
601 3241 629 3286 et
646 3229 814 3289 Aristoteles
839 3228 926 3289 duxit
944 3244 971 3289 et
989 3243 1134 3310 quotquot
1155 3230 1315 3315 philosophi

81 3328 431 3409 remaspecie,ve1um
454 3345 469 3382 a
490 3323 564 3383 falso
592 3324 772 3407 distinguere
800 3349 852 3387 nos
878 3327 1055 3388 docuerunt:
1089 3343 1238 3410 quotquot
1255 3331 1312 3390 iun

78 3422 365 3489 recentioreaevode
381 3424 580 3497 substantiis,
595 3422 632 3483 de
650 3426 844 3499 monadibus,
865 3425 902 3485 de
921 3434 1059 3485 essentiis
1068 3426 1311 3510 ,tleniquequot

80 3541 151 3606 quot
168 3526 290 3604 deipsis
306 3515 476 3599 νοουμένοις
493 3535 520 3580 et
540 3468 729 3602 ‹pdtvoptevoeg
749 3533 889 3603 eger3untx
910 3545 963 3583 nec
981 3536 1080 3583 tamen
1098 3524 1212 3586 horum
1230 3526 1311 3588 omui·

81 3644 129 3681 um
144 3623 348 3704 philosophia,
368 3623 500 3702 quamvis
520 3622 656 3683 videatur
675 3623 843 3682 Platonicae
864 3621 985 3697 similis,
1005 3624 1150 3684 convenit
1171 3622 1323 3697 camilla,

78 3723 136 3780 imo
156 3720 241 3800 longe
259 3741 275 3778 a
296 3721 444 3780 Platonico
456 3720 693 3800 philosophandi
715 3721 860 3800 proposito
887 3667 1006 3778 recedit.
1025 3720 1246 3799 Quamobrem,
1263 3722 1310 3781 nisi

79 3821 163 3897 quis,
182 3818 275 3877 missis
295 3817 382 3898 plane
402 3818 517 3897 placitis
535 3817 581 3876 his
602 3819 771 3877 recentioris
791 3815 1010 3897 philosophiae,
1029 3817 1145 3898 integro
1168 3822 1267 3881 animo
1282 3816 1311 3876 de

80 3919 199 3977 Platone
211 3914 344 3994 judicare
364 3915 508 3974 studuerit
513 3914 606 3994 ,quid
624 3915 703 3996 apud
723 3936 787 3973 eum
808 3915 935 3975 mundus
952 3903 1058 3995 νοητδς
1076 3917 1134 3992 sit,
1156 3918 1310 3998 intelligere

79 4037 138 4076 non
155 4014 269 4094 poterit.
295 4015 359 4088 Quo
380 4033 449 4072 vero
468 4011 500 4071 id
520 4013 626 4071 rectius
636 4014 884 4093 perspexerimus,
903 4035 936 4073 eo
950 4015 1067 4097 plenius
1086 4034 1155 4072 cum
1177 4013 1309 4075 aliamul·

78 4127 107 4171 ta
128 4132 328 4190 assequemur,
349 4124 411 4169 tum
428 4111 514 4168 etiam
534 4110 607 4188 quid
624 4109 703 4168 illud
725 4112 778 4185 sit,
797 4111 877 4189 quod
893 4113 926 4170 in
946 4113 1024 4171 omni
1044 4112 1100 4170 hac
1120 4111 1308 4194 disputatione

78 4209 240 4270 identidem
258 4223 287 4269 et
304 4209 418 4288 saepius
437 4228 489 4266 nos
507 4208 620 4266 monuit
638 4207 849 4289 philosophus,
870 4217 1005 4267 converti
1024 4230 1075 4268 nos
1096 4223 1198 4269 mente
1213 4212 1307 4270 animo

78 4328 134 4386 que
153 4320 227 4367 totos
245 4305 282 4365 ad
301 4306 450 4366 veritatem
469 4302 584 4363 debere.
607 4306 686 4386 Opus
706 4307 794 4386 igitur
813 4305 909 4366 denuo
929 4306 1013 4365 nobis
1031 4305 1226 4368 discernendi
1245 4307 1306 4367 dili·

81 4405 177 4483 gentih
192 4405 264 4477 erit,
285 4403 468 4479 fructumque
487 4422 524 4462 ex
551 4402 605 4462 hac
623 4425 699 4465 nova
730 4392 953 4483 disquisitione,
972 4404 997 4462 si
1017 4401 1089 4482 quid
1112 4403 1221 4479 video,
1239 4405 1304 4463 hunc
