2796 5048
674 228 733 287 362

85 396 214 478 prefecto
242 393 365 475 speciem
391 392 570 450 aeternitatis
599 391 706 450 imitari
732 389 854 465 maluit'3
885 390 932 449 sin
958 408 1061 464 mus,
1089 389 1172 469 quod
1191 410 1228 450 ne
1244 388 1305 450 diets

84 482 203 573 quidem
224 492 268 551 fas
285 504 327 550 est
338 536 345 564 ,
367 504 533 569 generatum
552 488 717 570 exemplum
737 501 779 546 est
797 508 850 569 pro
874 501 991 548 aeterno
1012 502 1145 549 secutus.
1184 490 1247 549 Nou
1270 490 1307 569 iqi-

84 607 132 652 tur
151 590 294 663 dubium,
324 589 398 666 quin
419 588 617 647 aeternitatem
639 586 775 646 maluerit
795 587 932 665 exsequi,
962 585 1211 667 quandoquidem
1236 608 1309 667 neque

84 689 195 749 arundo
213 687 372 768 quidquam
393 686 523 767 pulcrius
543 706 635 764 neque
656 688 717 764 ejus
736 682 922 745 aedificatore
945 687 1158 766 praestantius.
1198 685 1245 745 Sic
1260 706 1310 766 equ

83 796 254 868 gelferatus,
275 786 312 845 ad
334 785 366 844 id
385 798 427 844 est
448 787 582 858 effectus,
603 783 682 863 quod
708 785 819 857 ratione
838 783 1042 863 sapientiaque
1068 780 1311 866 comprehenditur

83 892 169 964 atque
195 883 371 944 immutabili
398 883 569 942 aeternitate
599 883 774 942 continetur.
831 873 956 941 Τούτων
982 878 1020 942 δὲ
1045 876 1255 966 ὑπαρχόντων
1273 873 1312 955 uit,

84 984 133 1046 καὶ
154 982 237 1045 πᾶσα
258 976 372 1064 α’νάγκη
396 975 484 1041 τόνδε
506 975 560 1041 eds
580 974 694 1060 κόσμον
716 974 842 1043 εἰκόνα
863 976 942 1058 tarde
962 976 1051 1045 εἶναι·
1083 1008 1126 1044 es·
1155 1008 1213 1066 quo
1238 985 1313 1066 etja-

85 1097 157 1162 tur,
179 1097 216 1145 ut
234 1095 278 1145 sit
296 1107 430 1159 neeesse,
452 1086 532 1142 hune
543 1129 552 1158 ,
574 1105 660 1161 quem
681 1092 845 1160 ceruimus,
866 1087 1025 1161 mundum,
1048 1086 1187 1147 simul
1195 1104 1314 1143 uersas

84 1196 243 1244 ueternum
254 1206 314 1244 essa
324 1186 461 1260 alicujus
471 1190 599 1241 aeterni.
620 1180 837 1242 Difficillimum
846 1198 941 1243 autem
951 1198 993 1245 est
1004 1185 1136 1244 inomni
1146 1182 1314 1260 conquisitis

80 1285 253 1344 natationis
264 1328 272 1356 ,
283 1282 446 1342 exordium.
468 1283 510 1340 De
521 1282 558 1339 iis
576 1281 673 1360 igitur,
685 1302 758 1360 quae
769 1281 908 1358 diximus,
918 1283 989 1342 baec
1008 1285 1048 1342 sit
1058 1282 1162 1364 prima
1172 1279 1313 1341 distinctis.

84 1383 172 1442 Omni
203 1381 327 1441 orationi
363 1401 430 1439 cum
458 1381 494 1438 iis
523 1379 627 1454 rebus,
668 1378 704 1438 de
742 1380 848 1458 quibus
883 1379 1100 1462 explicandum
1129 1394 1190 1456 est,
1216 1378 1314 1438 videtur

83 1501 143 1538 esse
170 1481 312 1558 cognatio.
355 1479 455 1557 Itaque
476 1497 541 1536 cum
559 1477 596 1536 de
616 1498 647 1535 re
662 1476 762 1537 stabili
783 1493 812 1538 et
831 1479 1006 1538 immutabili
1026 1478 1224 1560 disputatur,
1242 1475 1314 1536 oratis

82 1577 150 1635 talis
171 1578 227 1648 sit,
248 1575 343 1653 qualis
363 1576 436 1650 illa,
457 1596 530 1655 quae
552 1596 645 1653 neque
666 1575 800 1656 redargui
825 1597 919 1655 neque
945 1578 1088 1638 convinci
1111 1589 1222 1659 potest.
1259 1576 1313 1633 un·

82 1688 176 1733 autem
198 1674 325 1753 ingressa
345 1688 387 1733 est
406 1675 518 1734 imitata
537 1687 565 1733 et
584 1671 680 1733 efficta
699 1675 872 1751 simulacra,
893 1675 969 1735 bene
987 1676 1034 1755 agi
1054 1688 1167 1756 putat,
1190 1676 1214 1734 si
1232 1671 1313 1732 simili·

82 1771 215 1831 tudinem
243 1773 305 1831 veri
331 1787 541 1852 consequatur:
573 1763 607 1845 ὅ,
635 1794 664 1833 τι
690 1766 748 1855 γάρ
776 1767 854 1855 πρός
874 1768 983 1854 γένεσιν
1004 1762 1113 1852 odoia,
1145 1773 1237 1835 τοῦτο
1255 1763 1312 1851 apd:

81 1865 178 1930 πίστιν
198 1863 343 1951 ἀλήθεια·
364 1883 514 1948 quantum
535 1882 615 1933 enim
633 1877 739 1950 adid,
761 1879 839 1953 quod
856 1887 959 1935 ertum
977 1885 1039 1951 est,
1071 1885 1252 1936 aeternitas
1274 1893 1312 1932 as·

82 1975 142 2048 lot,
164 1983 287 2032 tentum
305 1974 452 2051 cdfidem
472 1980 598 2034 veritas.
641 1975 784 2048 Quocirca
802 1977 827 2035 si
848 1977 921 2035 forte
938 1975 975 2035 de
1003 1976 1138 2035 Deorum
1160 1988 1261 2035 natura
1277 1992 1313 2031 er·

82 2084 170 2151 tuque
190 2069 295 2130 mundi
316 2072 499 2147 disserentes,
524 2072 621 2131 minus
640 2071 688 2148 id,
710 2073 789 2152 quod
807 2094 944 2149 avemus,
965 2074 1087 2133 omnino
1109 2090 1312 2152 consequemur,

83 2184 115 2228 ut
134 2184 192 2229 tota
213 2170 346 2229 dilucide
369 2184 397 2229 et
416 2169 504 2249 plane
524 2185 661 2230 exornata
682 2173 772 2232 oratio
792 2171 849 2231 sibi
870 2184 982 2231 constet
1008 2186 1037 2231 et
1067 2192 1106 2230 ex
1137 2172 1226 2243 ‚omni
1252 2182 1313 2251 parte

84 2289 179 2327 secum
198 2264 259 2347 ip‘sa
278 2268 461 2340 consentiat,
483 2266 562 2326 baud
581 2271 720 2330 sanserit
738 2272 861 2329 mirum:
884 2269 1073 2349 contentique
1091 2290 1161 2330 esse
1175 2268 1313 2340 debebitis,

83 2367 106 2423 si
136 2365 300 2445 probabilia
329 2365 474 2424 dicentur.
517 2368 647 2445 Aequum
678 2384 719 2427 est
749 2370 827 2428 enim
845 2369 1009 2427 meminisse
1030 2382 1060 2427 et
1078 2388 1145 2443 me,
1169 2369 1223 2447 qui
1240 2368 1313 2429 disse·

81 2484 160 2539 ram,
181 2463 329 2522 bominem
348 2484 428 2538 esse,
450 2477 479 2523 et
497 2486 563 2538 vos,
585 2467 635 2544 qui
649 2466 807 2542 judicetis:
835 2481 886 2542 ut,
916 2468 940 2526 si
971 2464 1316 2546 probabilia-dicentur,

80 2561 208 2642 nequid
238 2562 313 2621 ultra
339 2563 502 2642 requiratis.
527 2562 557 2644 l)
588 2565 645 2624 Hic
674 2565 823 2641 Socrates,
856 2566 981 2646 optime,
1008 2564 1133 2643 inquit,
1156 2586 1176 2625 o
1196 2566 1315 2626 Timaea:

78 2681 250 2740 prorsusque
268 2683 320 2721 nos
339 2662 399 2736 ita,
421 2675 454 2720 ut
468 2663 572 2741 jubes,
594 2662 739 2744 agendum
758 2678 910 2744 putamus:
933 2662 1089 2722 exordium
1110 2663 1174 2724 hoe
1194 2662 1318 2725 orationis

79 2759 200 2818 mirifice
229 2761 436 2840 probavimus,
472 2763 564 2842 ipsam
600 2776 695 2821 autem
727 2764 885 2822 orationem
917 2783 998 2821 nune
1022 2782 1216 2842 persequere.
1256 2764 1318 2822 Τιιι

79 2859 173 2937 pergit
192 2860 346 2918 Timaeus:
368 2880 538 2938 quaeramus
558 2861 647 2940 igitur
667 2881 813 2935 caussam,
835 2861 933 2939 inquit
943 2906 952 2934 ,
973 2880 1046 2938 quae
1069 2880 1141 2921 eum
1160 2859 1318 2943 impulerit,

78 2957 128 3034 qui
149 2956 218 3016 haec
238 2957 419 3016 machinatus
439 2958 495 3031 sit,
523 2971 555 3016 ut
575 2959 717 3038 originem
739 2980 834 3017 rerum
854 2974 883 3019 et
902 2958 1084 3018 molitionem
1106 2979 1222 3022 novam
1247 2976 1319 3037 qnae

79 3068 163 3113 reret.
203 3049 352 3135 'fflayaad
359 3079 374 3129 ς
395 3047 446 3137 ἦν,
469 3050 582 3142 ἀγαθῷ
603 3053 639 3117 δὲ
660 3050 758 3130 οὐδεὶς
779 3055 847 3138 περὶ
869 3050 992 3130 ου’δενδς
1019 3050 1172 3119 οὐδέποτε
1201 3054 1319 3138 {yssym

77 3174 125 3212 ται
149 3148 283 3234 φθόνος·
304 3151 412 3218 τούτου
433 3154 462 3218 δ’
483 3153 569 3232 ἐκτός
591 3153 647 3236 dv,
670 3153 767 3220 πάντα
789 3152 835 3221 ὅτι
856 3153 985 3239 μάλιστα
1006 3152 1173 3243 ἐβουλήθη
1192 3154 1318 3242 γενέσθαι

78 3252 270 3340 παραπλήσια
291 3253 384 3345 αὐτῷ·
407 3263 476 3320 hon
490 3284 533 3320 us
553 3272 621 3320 erat
642 3264 716 3319 ille:
736 3265 827 3321 danaes
847 3273 950 3320 uatem
968 3262 1088 3320 2'nvidet
1105 3272 1242 3325 nemini.
1263 3262 1317 3321 ru·

78 3380 134 3436 que
163 3372 263 3420 omma
292 3371 341 3423 sui
369 3363 485 3422 similia
511 3368 681 3440 generarit.
704 3357 736 3439 2)
765 3362 843 3420 Haec
876 3361 1014 3419 nimirum
1043 3361 1196 3441 giguendi
1225 3358 1317 3422 muudi

77 3478 175 3517 caussa
191 3462 367 3538 justissima3
390 3457 552 3539 βουληθεὶς
578 3454 636 3539 yaip
665 3451 682 3518 ὁ
709 3452 784 3532 θεός
811 3451 938 3539 ἀγαθά
967 3455 1024 3537 μὲν
1044 3453 1166 3536 πάντα,
1196 3460 1318 3543 pindere

78 3552 114 3614 δὲ
135 3555 232 3637 μηδὲν
254 3552 324 3620 εἶναι
345 3555 420 3622 turri
443 3555 582 3640 δύναμιν,
605 3554 684 3622 οὕτω
706 3555 747 3642 tq*
769 3561 829 3620 πᾶν
849 3553 920 3621 ὅσον
940 3552 980 3642 ἧν
998 3554 1113 3642 ὁρατόν
1130 3552 1317 3646 παραλαβών,

78 3651 137 3738 οὐχ
154 3653 283 3741 ἡσυχίαν
301 3658 387 3745 dyov,
416 3655 492 3725 dard
520 3657 686 3742 utrodrurov
712 3663 895 3746 πλημμελῶς
921 3664 971 3724 καὶ
996 3657 1152 3740 ἀτάκτως,
1181 3665 1225 3740 εἰς
1248 3658 1317 3735 rubr

80 3873 246 3881 --—.—--..-
262 3876 335 3885 ...u-

78 3980 192 4051 uroneo,
224 3996 264 4050 ut,
292 3991 455 4056 expressisse
481 4000 614 4044 auctorem
641 3978 675 4043 td
702 3975 794 4043 καλόν
826 4004 857 4044 τε
889 3979 943 4043 καὶ·
973 3974 1096 4060 dyuddv
1125 3993 1314 4044 animadverte·

79 4096 143 4131 nius.
200 4069 211 4088 '

113 4165 142 4228 1)
166 4166 225 4217 Tim.
245 4166 286 4218 27.
302 4168 426 4219 Ι).-29.
446 4169 477 4220 Ι).

112 4249 143 4314 2)
161 4252 209 4303 Hie
230 4253 368 4305 discedere
386 4271 434 4304 nos
451 4271 465 4304 a
484 4252 621 4306 Ciceronis
643 4255 767 4305 versione
785 4257 842 4321 ipsa
865 4258 932 4307 ratio
958 4255 1146 4323 philosophiae
1173 4255 1312 4309 Platonicae

75 4337 161 4399 jussit.
198 4338 240 4388 Sic
259 4338 317 4389 ille:
339 4339 464 4390 Probitate
482 4341 594 4390 videlieet
611 4340 769 4407 praestabat:
785 4343 879 4408 probus
895 4352 976 4393 auten
995 4343 1090 4393 invidet
1104 4346 1212 4396 emissi
1246 4338 1312 4407 Αίφῑ

80 4420 154 4472 Plato
171 4423 196 4473 in
215 4423 255 4474 his
271 4425 389 4476 omnibus
403 4426 505 4492 pudori,
523 4428 549 4477 iu
572 4426 666 4492 primis
680 4428 736 4479 tuni
753 4430 834 4481 ideam
853 4430 990 4496 spectavit.
