2796 5048
670 258 730 319 302

87 420 236 483 hainam
264 430 293 479 te
323 441 383 479 earo
411 422 543 479 azotum?
568 420 597 501 l)
637 422 701 481 Non
727 423 812 481 aliter
830 420 1001 500 Pythagorei
1020 422 1106 499 quasi
1125 421 1287 503 colloquendo

83 538 182 581 secum
201 518 366 599 cogitabant
382 519 503 598 singulis
520 521 661 599 vesperis:
1328 514 1330 519 ¹

214 614 272 702 Πῇ
292 610 439 698 παρέβην;
461 615 492 678 τί
512 612 540 679 d'
561 612 662 698 ἔρεξας
684 614 715 677 τί
733 613 787 694 μοὶ
809 611 877 677 δέοι·
897 610 950 677 οὔκ
970 612 1139 699 ἐτελέσθη,-
1154 621 1188 702 2)
1327 682 1330 687 ,

86 720 144 781 Hic
173 720 263 800 igitur
287 734 329 779 est
354 719 481 779 Platonis
507 721 539 780 iu
566 719 720 799 cogitando
747 712 766 780 o‘
794 711 879 792 ἔντος
904 719 960 801 τῆς
984 717 1096 801 ψυχῆς
1122 714 1201 801 πρός
1224 714 1289 805 oriris

83 811 221 898 διάλογος
242 810 311 879 ἄνευ
331 816 435 899 φωνῆς
455 811 639 899 γιγνόμενος,
661 823 744 898 cujus
763 822 910 881 effluvium
929 842 965 879 ex
983 842 1033 881 ore
1050 842 1122 881 cum
1140 844 1212 883 sono
1227 844 1288 885 tem

82 935 136 983 est.
162 921 200 981 Et
232 920 410 1001 sicquidem
431 942 484 981 uos
500 936 601 1003 sponte
619 922 748 981 nativam
768 921 856 979 trium
876 921 981 979 artium
1000 921 1218 997 maximarum,
1235 942 1288 1005 eop-

83 1018 187 1093 tandi,
218 1018 338 1079 dicendi
368 1039 401 1077 ac
421 1018 568 1079 scribendi
588 1020 728 1079 rationem
747 1019 936 1096 assequimur:
957 1039 1030 1098 quae
1050 1019 1076 1078 si
1098 1018 1288 1102 philosophia
1326 1026 1330 1033 '

85 1117 210 1177 rhetores
238 1117 430 1177 attendissent
457 1117 556 1197 paullo
583 1117 772 1197 diligentius,
804 1115 964 1196 simplicius
993 1138 1064 1176 sanc
1093 1118 1287 1197 rectiusqueh

85 1215 187 1277 harum
206 1217 311 1275 artium
327 1214 481 1296 principiis
497 1214 656 1296 studiisque
677 1216 808 1295 egissent.

124 1313 235 1388 Quodsi
262 1314 333 1374 haec
360 1315 482 1371 maxime
510 1314 651 1373 naturalis
675 1311 828 1372 dialectica
849 1326 908 1386 est,
929 1332 985 1393 qua
1004 1312 1129 1373 taudem
1148 1314 1287 1375 rationeit

83 1420 185 1489 intur,
213 1426 246 1471 ut
272 1410 323 1471 ille
343 1425 444 1486 vocat,
466 1415 616 1470 nobiscum
633 1413 829 1490 colloquentes
846 1408 878 1468 id
898 1410 1095 1489 assequimur,
1117 1412 1200 1493 quod
1219 1430 1289 1473 vem

85 1514 152 1572 est'l
180 1512 252 1571 Nam
279 1511 337 1570 huc
364 1523 471 1591 spectat
500 1512 593 1571 omnis
615 1512 675 1571 sive
703 1508 849 1592 cogitandi
873 1510 933 1568 sive
952 1508 1109 1568 nobiscum
1129 1508 1300 1591 colloquenti

84 1631 140 1672 ars.
180 1610 229 1669 Fit
252 1608 331 1669 illud
341 1654 350 1683 ,
371 1623 404 1668 ut
423 1630 459 1667 ex
477 1624 535 1669 tota
553 1609 607 1668 hac
630 1623 725 1668 nostra
743 1607 779 1667 de
799 1607 927 1666 Platonis
942 1606 1099 1667 dialectiea
1118 1607 1307 1690 disputatione

84 1722 181 1791 patet,
210 1709 356 1767 cernendo
374 1711 597 1790 jungendoquo.
643 1708 794 1768 Carneade
822 1705 973 1766 videmus:
995 1704 1076 1765 unde
1098 1730 1228 1767 cernere
1241 1698 1330 1789 apt&

84 1808 202 1868 Latinos
228 1809 350 1867 videndi
378 1806 465 1867 hahet
488 1807 746 1888 significationem
762 1805 933 1886 jungendis
949 1816 1059 1878 autern,
1082 1796 1321 1884 quaestioni

87 1926 150 1965 mus
179 1919 266 1983 ante,
297 1906 471 1987 cogitamus,
501 1906 686 1981 invenimus,
712 1904 895 1983 judicamus:
924 1900 1001 1982 quod
1025 1901 1096 1962 item
1118 1902 1330 1970 demonstras

86 2005 212 2086 linguae.
251 2006 325 2067 Nam
342 2014 477 2087 cogitare
496 2004 569 2083 quid
588 2004 672 2066 aliud
690 2018 749 2078 est,
770 2024 855 2083 quam
875 2000 1034 2080 coagitare,
1054 2020 1203 2083 congere,
1223 2013 1330 2084 cogn!

86 2105 106 2164 i.
127 2125 152 2164 e.
166 2105 327 2187 jungere?
348 2108 516 2164 combinare
531 2103 636 2163 dicunt
653 2103 835 2162 recentiores.
871 2091 1002 2159 Σανιέναι
1023 2113 1123 2161 autem
1141 2101 1330 2163 Graccum

85 2223 184 2263 nonne
204 2204 372 2265 Latinorum
388 2205 580 2282 intelligere,
601 2221 666 2260 cum
685 2201 721 2260 sit
738 2202 853 2282 proprie
872 2208 1054 2260 committere
1064 2246 1075 2275 ,
1097 2202 1265 2281 exprimit?
1279 2194 1330 2259 ff

86 2301 175 2378 Cujus
194 2302 236 2359 rei
254 2302 278 2359 si
298 2303 361 2380 quis
381 2302 449 2359 item
468 2300 631 2380 exemplum
657 2301 783 2379 expetit,
804 2300 836 2359 in
854 2311 968 2381 promtu
989 2313 1039 2358 est
1082 2299 1124 2359 Et
1149 2298 1327 2381 Xenophon

83 2410 112 2457 et
139 2396 256 2459 Servius
284 2398 450 2479 Sulpicius,
478 2399 510 2457 in
539 2397 592 2457 hoc
613 2398 700 2456 intus
728 2398 855 2479 ipsorum
873 2398 1038 2478 colloquio,
1058 2398 1216 2459 cernendo
1230 2392 1330 2457 matii

83 2514 185 2575 meque
197 2495 351 2577 jungendo
369 2497 541 2578 reputabant
559 2517 654 2556 secum
678 2496 943 2577 inveniebantque,
963 2495 1011 2555 hic
1021 2542 1030 2572 ,
1051 2493 1128 2576 quid
1149 2497 1330 2557 existiman

81 2593 153 2653 dum
172 2592 209 2653 de
229 2594 314 2654 rebus
334 2594 487 2669 humanis,
508 2595 578 2670 ille,
600 2594 673 2674 quid
691 2594 835 2675 agendum
853 2617 905 2676 pro
925 2594 1044 2656 Graecis
1063 2608 1149 2658 esset.
1171 2594 1285 2675 Uterque
1311 2592 1330 2649 ἓ

82 2705 114 2752 ut
134 2692 212 2775 apud
232 2692 388 2753 Homerum
402 2691 438 2752 de
455 2693 570 2755 Achille
588 2694 715 2753 dicitur:

580 2834 615 2842 -
636 2789 668 2851 ἒν
689 2787 725 2852 δὲ
746 2787 774 2850 οἱ
793 2782 868 2873 ἦτορ
1086 2862 1089 2867 ¹

327 2885 473 2975 στήθεσσι
494 2890 617 2953 λασίοισι
639 2886 778 2973 διάνδιχα
798 2886 991 2979 μερμήριξεν·
1007 2891 1039 2973 l)

79 3008 130 3054 aut
146 2996 224 3077 apud
245 2995 403 3076 Virgilium
423 2994 460 3055 de
475 2998 590 3055 Aenea:

4 3090 7 3097 ’
273 3133 307 3141 -
327 3102 463 3153 animum
484 3118 565 3154 nunc
584 3096 641 3154 Ιιασ
662 3096 785 3154 celerem
806 3116 886 3152 nunc
907 3095 1018 3152 dividit
1035 3095 1133 3169 illuc,
1154 3092 1187 3174 5)

79 3191 121 3251 sic
137 3190 190 3267 hi,
210 3192 243 3253 in
261 3206 357 3272 partes
375 3194 504 3252 animum
524 3193 617 3254 varias
635 3194 771 3273 rapiunt,
792 3213 899 3274 perque
919 3192 1014 3251 omnia
1033 3206 1172 3255 versant:
1195 3188 1290 3253 Servi!

79 3304 191 3365 autem,
221 3289 428 3351 animadversis
455 3291 622 3371 singulatim
652 3312 717 3351 cum
746 3293 885 3370 oppiduim
908 3290 983 3365 illis,
1004 3312 1077 3369 quae
1098 3305 1204 3369 vocat,
1224 3288 1291 3349 coda·

80 3390 215 3464 candor,
246 3402 307 3449 tum
334 3389 420 3449 rebus
449 3389 602 3465 humanis,
625 3389 675 3449 uhi
689 3391 791 3467 junxit
809 3404 948 3470 utraque:
969 3397 1054 3448 virne
1071 3399 1108 3448 tu
1128 3401 1179 3467 te,
1202 3390 1293 3459 Serti,

112 3647 138 3713 l)
157 3648 211 3702 Cic.
229 3652 277 3721 Fp.
297 3653 331 3702 ool
347 3651 417 3703 Fons
437 3650 478 3702 lv.
498 3653 522 3704 5.

112 3718 516 3808 mmwffimm

111 3831 139 3900 3)
156 3832 248 3887 Nahve
278 3833 424 3886 Herodotus
450 3838 476 3903 t,
500 3834 534 3887 24
563 3831 596 3884 de
616 3829 715 3882 Arione
739 3828 839 3879 insidiis
864 3836 997 3880 nautarum
1019 3828 1152 3883 obnoxio:
1181 3813 1236 3880 τόν
1257 3810 1297 3889 di,

78 3912 232 3979 συνέντα
253 3922 354 3993 τοῦτο,
376 3916 585 3984 λίσσεσθαι-
615 3930 767 3995 Exprimunt
785 3930 889 4000 liuguae
907 3928 984 3996 plano
999 3927 1166 3986 dialecticam
1179 3926 1298 3980 Platonis:

78 4034 127 4072 uec
150 4022 232 4073 minus
249 4031 369 4084 nostrae,
389 4038 463 4089 quam
481 4022 607 4088 autiquae.
643 4008 807 4094 Λιαίρεσεις
827 4040 852 4075 v.
880 4039 902 4074 c.
927 4030 1017 4073 nostro
1040 4026 1234 4089 oordeelen,
1255 4038 1299 4073 ιιι·

77 4118 212 4185 meilen,
237 4099 404 4182 συναγωγαὶ
425 4127 482 4161 cum
505 4109 561 4161 aliis
577 4110 691 4176 {vecibus
712 4122 764 4165 tum
780 4114 819 4164 his
843 4122 966 4176 cotton,
989 4112 1169 4180 heqrp'pen,
1194 4112 1300 4167 basini·

78 4208 144 4262 teo,
166 4198 290 4250 Francico
314 4197 340 4248 in
367 4196 455 4264 primis
478 4196 640 4244 comhicer
666 4195 842 4264 significantur
866 4204 891 4247 et
915 4195 1087 4246 declarantur.
1124 4198 1229 4253 Fontes
1252 4214 1301 4251 om-

79 4287 140 4337 uino
155 4301 234 4335 verae
250 4282 431 4350 philosophiae
449 4281 553 4350 liuguae
569 4289 634 4331 suut.

111 4360 417 4441 mmmmm

111 4467 138 4533 5)
155 4470 225 4537 Virg.
244 4468 306 4520 Aea.
325 4468 366 4519 lV.
385 4468 442 4520 285.
462 4467 525 4518 Vlll.
540 4468 581 4518 20.
