2796 5048
665 226 723 289 317

60 397 210 458 Diximus
238 395 271 454 in
299 393 362 473 ipso
386 389 475 466 buius
495 390 590 469 operis
608 389 748 463 exordio,
770 388 984 470 philosophiam
1001 395 1079 475 apud
1096 397 1245 461 Platonem
1266 398 1304 462 ad

62 495 243 577 sapientiam
272 490 401 550 tendere.
443 489 526 546 Artes
555 487 667 545 scilicet
696 509 748 545 uos
775 488 807 546 in
837 508 870 546 ea
894 487 1107 570 crapulatum,
1130 496 1305 579 disciplinae

65 592 109 652 ad
136 612 260 662 verum,
290 589 413 649 virtutes
440 583 478 643 ad
501 587 612 661 justum
641 585 825 665 perducunt3
858 607 911 644 nec
939 599 1035 648 tamen
1062 595 1229 654 continetur
1257 597 1303 656 his

65 688 268 769 philosophia.
307 687 460 763 Tanquam
490 683 689 741 instrumentis
717 680 787 740 haec
818 684 909 741 utitur
937 684 1016 760 illis,
1044 690 1151 766 quibus
1169 690 1306 753 divinum

67 787 209 865 perficiat,
224 784 404 864 propositum
423 800 521 838 suum:
545 792 699 837 astantem
718 778 815 852 illud,
838 794 870 839 ut
888 780 1056 842 bominibus
1075 786 1113 845 ad
1134 791 1304 866 veritatem,

71 882 130 944 iuro
159 883 199 943 ad
225 880 397 962 sapientiam
425 876 600 954 divinaeque
629 889 748 934 naturae
767 878 1038 946 imitationemdux
1056 884 1094 953 sit
1113 897 1142 943 et
1161 889 1305 967 magistra.
1350 952 1354 959 ,

113 982 172 1041 Sed
191 980 229 1039 de
250 975 425 1037 sublimibus
443 975 489 1032 bis
503 974 679 1052 argumentis
699 987 761 1033 tum
779 974 865 1034 uobis
882 975 1025 1055 agendum
1044 982 1100 1040 crit
1117 982 1306 1062 diligentius,

77 1076 128 1137 ubi
146 1077 185 1137 ad
194 1084 339 1153 justum,
360 1074 393 1131 in
415 1071 516 1151 primis
537 1070 589 1129 ubi
607 1069 645 1129 ad
664 1082 803 1130 sancium
822 1075 1049 1152 pervenerimus.
1092 1081 1195 1155 Nunc,
1217 1103 1307 1160 quum

79 1174 116 1233 ad
132 1174 211 1234 illud
230 1171 448 1243 accesserimus,
470 1168 548 1244 quod
566 1169 600 1227 in
618 1177 684 1226 neri
710 1169 895 1250 philosophia
914 1174 1071 1232 maximum
1090 1190 1132 1235 est
1149 1191 1177 1236 et
1193 1194 1307 1258 postre·
1343 1196 1349 1207 ·

83 1288 170 1347 mum,
201 1284 234 1330 ut
258 1271 319 1346 ojus
346 1267 434 1325 finem
461 1286 659 1345 summumque
688 1269 865 1348 propositum
884 1271 994 1347 assequi
1014 1272 1159 1346 nitamur,
1181 1275 1306 1337 descen-

86 1366 206 1429 dendum
236 1367 321 1426 nohis
346 1364 485 1422 continuo
506 1363 539 1421 in
556 1363 685 1423 Platonis
704 1364 872 1446 speluncam
893 1367 957 1426 erit.
999 1369 1060 1427 Hac
1080 1370 1161 1430 Plato
1180 1374 1306 1453 imagine

87 1464 271 1527 inmundum
291 1486 344 1525 nos
366 1455 478 1542 ὁρατόν
500 1465 705 1541 portabilem,
726 1462 858 1522 sensibus
878 1477 1039 1543 patentem,
1060 1468 1110 1527 sed
1126 1470 1307 1548 ignorantiae

79 1566 365 1642 gravissimorumque
382 1584 510 1624 errorum
527 1560 623 1621 sedem
634 1606 642 1635 ,
664 1560 804 1619 deducet:
826 1581 883 1638 quo
903 1560 1070 1624 'dilucidius
1095 1567 1179 1626 nohis
1198 1566 1306 1628 dehinc

58 1680 63 1713 '-
86 1674 192 1739 pateat,
221 1681 295 1740 quae
320 1660 447 1720 hominis
466 1661 503 1721 sit
525 1657 596 1717 inde
616 1659 648 1717 in
668 1658 809 1716 mundum
830 1653 951 1737 νοητὸν,
974 1663 1024 1739 qui
1045 1679 1140 1724 mente
1164 1665 1308 1726 duntaxat

58 1776 62 1810 .¹
82 1759 256 1838 percipitur,
284 1759 429 1831 escensio,
456 1756 619 1836 quibusque
636 1756 729 1814 veluti
746 1757 885 1836 gradibus
905 1759 943 1819 ad
965 1759 1058 1818 lucem
1078 1762 1208 1822 veritatis
1227 1777 1255 1822 et
1275 1765 1307 1822 in

78 1851 172 1933 ipsum
201 1857 331 1917 ueritatis
359 1875 481 1934 regnum
508 1853 704 1934 perveniatur.
746 1854 826 1927 Quae
852 1856 915 1915 fuse
944 1878 995 1916 nos
1023 1857 1162 1916 hactenus
1189 1860 1241 1919 ille
1271 1861 1308 1920 do

71 1955 224 2031 opinionis
251 1968 280 2013 et
307 1953 443 2012 scientiae
472 1950 661 2024 discrimine,
690 1950 727 2009 de
746 1955 921 2030 praestantia
941 1955 1097 2028 scientiae,
1119 1954 1156 2013 de
1176 1955 1308 2038 discipli·

66 2062 199 2126 aarum,
227 2052 352 2110 maxime
380 2049 548 2108 dialecticae
575 2047 613 2107 ad
639 2068 701 2106 eam
719 2048 909 2109 obtinendam
928 2053 958 2111 vi
978 2066 1006 2110 et
1024 2054 1238 2132 opportunitate
1259 2056 1310 2115 do·

60 2146 160 2223 cuit,
178 2148 231 2207 bac
252 2146 354 2230 specds
372 2147 497 2226 imagine
515 2145 621 2203 mirum
639 2145 671 2203 in
689 2145 807 2205 modum
836 2148 1014 2208 illustrabit:
1036 2148 1203 2228 aditumque
1224 2151 1311 2210 nobis

58 2238 166 2304 simul
182 2243 334 2328 praebebit
351 2245 388 2304 ad
409 2264 522 2304 omnem
532 2288 541 2317 ,
562 2263 648 2320 quam
666 2243 808 2320 tradidit,
831 2245 868 2304 de
886 2246 976 2321 ideis,
997 2247 1164 2327 praesertim
1184 2248 1220 2307 de
1239 2248 1311 2308 boni

58 2332 166 2417 idea,
193 2345 356 2404 doctrinam
383 2339 602 2422 percipiendam
630 2342 778 2401 interius:
810 2344 924 2418 Quibus
953 2343 1163 2403 animadversis
1191 2367 1312 2426 perspe-

58 2435 188 2519 ³tisque
218 2441 370 2515 omnibus,
400 2439 473 2518 quid
491 2439 616 2496 maxime
637 2439 720 2498 Plato
738 2439 972 2522 philosophando
992 2443 1185 2522 spectaverit,
1207 2445 1311 2519 facile,

58 2534 203 2615 spinae,
230 2559 421 2618 assequemur.
463 2539 522 2616 Age
539 2536 646 2618 igitur,
668 2549 700 2595 ut
719 2537 788 2596 baec
811 2539 896 2598 nobis
915 2551 1032 2619 pateant
1051 2538 1209 2617 aliquando
1220 2585 1228 2613 ,
1250 2562 1312 2620 spe·

58 2626 196 2695 iuncum
212 2637 297 2697 illam
315 2635 444 2695 Platonis
462 2636 610 2693 intremus.

152 2830 465 2908 Philosophiae
494 2837 539 2886 in
569 2838 726 2906 primis
748 2843 838 2907 με,
870 2842 915 2890 ut
943 2852 989 2890 aa·
1018 2824 1143 2914 ὁρατῷ
1173 2854 1243 2891 nos

256 2931 399 2989 mundo
434 2940 470 2990 in
504 2921 638 3008 vopida
674 2931 835 2989 educat.
891 2931 1130 3011 Utriusque

479 3032 483 3095 s
538 3033 680 3089 mundi
713 3037 856 3110 imago.

106 3213 158 3281 111
184 3223 364 3284 sermonibus
384 3223 422 3284 de
440 3224 542 3285 indole
562 3224 756 3305 philosopha,
776 3238 927 3305 postquam
946 3225 1074 3285 Socrates
1094 3239 1227 3284 accurata
1248 3225 1313 3285 dis-

58 3322 241 3391 ceptanone
269 3322 419 3381 scientiam
449 3322 486 3380 ab
513 3323 652 3403 opinione
676 3324 841 3383 discernere
868 3322 980 3381 studuit
997 3320 1026 3403 l)
1050 3342 1175 3397 «nunc,
1197 3323 1312 3399 inquit,

63 3422 211 3478 naturam
238 3433 382 3494 nostram,
407 3417 542 3494 παιδείας
553 3426 593 3481 ’τε
615 3414 751 3501 aripenni
774 3414 979 3493 ἀπαιδευσίας,
1007 3423 1191 3479 eruditionis
1212 3432 1240 3477 et
1259 3441 1312 3475 rn-

70 3504 189 3576 ditata
217 3517 318 3578 habita
345 3522 477 3597 ratione,
497 3522 697 3600 hujuscemodi
718 3522 833 3600 negotio
854 3541 994 3600 compara.
1037 3519 1128 3595 Finge
1147 3517 1243 3575 animo
1264 3516 1314 3576 bo·

77 3603 172 3672 mines
200 3616 283 3694 quasi
313 3618 346 3675 in
373 3619 560 3679 subterraneo
587 3619 724 3699 quodam,
745 3616 846 3697 specius
866 3617 976 3690 instar,
997 3614 1147 3674 domicilio
1163 3615 1313 3690 viventes,

86 3712 161 3789 quod
183 3713 220 3773 ad
249 3713 344 3773 lucem
371 3715 428 3775 late
456 3731 602 3797 patentem
621 3716 726 3774 habeat
745 3737 797 3795 per
818 3715 986 3773 universum
1006 3733 1124 3793 specum
1144 3713 1313 3792 ingressum.

89 3804 126 3871 ln
147 3809 198 3870 hoc
219 3831 267 3870 eos
286 3812 362 3892 linge
381 3835 397 3871 a
416 3815 539 3894 pueritia
561 3815 630 3874 inde
650 3834 734 3872 crura
752 3826 781 3870 et
800 3811 908 3870 collum
928 3811 1056 3883 vinctos,
1078 3824 1110 3868 ut
1130 3825 1159 3870 et
1179 3823 1314 3871 maneant

94 3900 147 3967 illic
171 3923 198 3967 et
226 3908 319 3968 solum
345 3910 378 3969 in
395 3931 444 3986 ea,
467 3913 628 3992 quaeipsis
648 3911 768 3970 obversa
790 3922 876 3982 sunt,
897 3908 1092 3988 prospiciant3
1116 3919 1202 3984 caput
1219 3919 1313 3963 autem

92 4024 151 4089 prae
175 4007 304 4068 vinculis
333 4009 555 4069 circumverterc
582 4022 737 4088 nequeant.
784 4008 828 4067 Sit
852 4009 919 4067 itcm
948 4007 985 4065 iis
1010 4018 1074 4086 post
1100 4018 1209 4080 tergum
1238 4002 1314 4078 ignis

89 4107 193 4165 accensi
220 4105 339 4182 lumen,
371 4108 421 4184 qui
449 4107 551 4187 procul
581 4127 704 4188 superne
734 4105 834 4181 ardet,
862 4123 895 4165 ac
919 4103 1015 4163 media
1044 4103 1121 4160 inter
1139 4099 1267 4179 captivos
1287 4111 1314 4156 et

86 4204 177 4284 ignem
193 4203 244 4264 via
263 4204 394 4285 superior
413 4192 574 4283 quaedam,
595 4203 634 4263 ad
652 4225 738 4283 quam
756 4224 870 4263 murum
890 4201 959 4264 uide
979 4211 1173 4260 constructum
1195 4217 1254 4254 non
1272 4195 1313 4254 ita

82 4342 176 4355 ...-.--

112 4410 141 4478 1)
159 4413 198 4463 De
214 4413 276 4483 liep.
294 4412 325 4464 V.
342 4412 395 4464 176
412 4413 445 4464 ad
464 4412 540 4463 linem
558 4412 624 4462 libri.
