2774 5048
696 250 863 319 loo.

112 423 189 492 patet
203 431 217 468 e
232 408 355 470 Socratis
372 411 456 472 dees
475 411 570 472 dictis.
590 411 754 473 Sermormm
772 413 851 472 hunc
861 432 920 473 esse
934 412 1007 474 dicit
1024 416 1166 476 Diotimae
1174 462 1184 493 ,
1203 410 1325 498 ἢταῦτο

71 553 75 570 .
111 530 141 569 τι
168 502 248 588 σοφή
273 501 311 627 'ii'
335 507 384 570 nui
409 503 482 570 itta
507 504 613 585 πολλοὶ,
639 508 688 571 καὶ
711 505 880 594 Ἀθηναίοις
903 508 976 573 ποτὲ
996 508 1179 592 mauditum
1198 511 1261 601 apd
1280 516 1325 579 ro'i

111 607 216 701 λσιμρῦ
242 603 312 672 δέκα
339 605 389 694 ’ἐτη
412 605 556 694 ἀναβολήν
576 608 694 695 ἐποίησε
714 612 771 696 τῆς
791 607 937 698 vincul)
961 615 1051 675 Venit
1076 630 1169 677 autem
1196 619 1324 681 aliunde:

112 734 178 772 nam
197 706 263 794 ξενή
283 716 392 787 dicitur
410 731 438 777 et
454 709 526 797 yvrp'
547 709 721 797 Maneat,
736 717 887 779 Mantinea
900 714 1034 776 oriunda.
1055 716 1198 789 Quocirca
1208 696 1323 779 Atb'ints

112 812 230 874 videtur
247 815 360 892 delata,
378 818 490 897 antiqui
518 818 599 877 illius
624 819 714 879 instar
732 816 913 897 Epimenidis
923 859 931 889 ,
952 827 1035 892 atque
1063 813 1226 900 istiusmodi
1252 816 1322 876 iusti·

112 912 198 970 tuisse
216 934 294 973 sacra
313 915 488 996 expiatoria,
508 917 613 996 quibus
631 919 755 978 Deorum
773 916 816 974 ira
834 924 1091 986 averruncaretur,
1109 925 1138 970 et
1149 911 1323 993 pestilentia,

110 1008 135 1066 si
165 1032 224 1070 non
249 1026 491 1089 anteverteretor,
512 1029 587 1075 certe
610 1015 781 1075 differretur.
802 1010 834 1093 2)
855 1009 912 1071 Sed
939 1029 1011 1090 quae
1029 1008 1147 1069 tandem
1177 1010 1236 1069 tuit
1263 1009 1324 1073 baec

110 1126 155 1164 ars
172 1109 348 1189 expiatoria,
369 1125 397 1172 et
413 1113 511 1192 quales
528 1113 652 1173 maxime
665 1112 795 1172 homines
814 1130 875 1170 eam
894 1123 991 1168 tenere
1007 1105 1206 1169 dicebantur?
1227 1109 1324 1190 Magna

109 1202 161 1265 tila
184 1205 240 1265 fuit
257 1220 285 1267 et
302 1207 406 1270 divina
415 1255 424 1285 ,
446 1224 477 1270 ut
494 1212 626 1292 ipse-nos
642 1211 723 1272 Plato
742 1211 825 1271 docet
843 1207 964 1282 iisdem,
983 1226 1055 1285 quae
1078 1205 1138 1282 jam
1165 1206 1322 1287 attulimus,

110 1302 188 1362 locis.
233 1305 394 1380 «Furoris,
414 1308 472 1382 ait,
497 1308 641 1371 divinitus
668 1309 805 1382 immissi,
830 1320 953 1386 quatuor
980 1316 1048 1363 sunt
1076 1322 1198 1382 genera,
1218 1304 1323 1387 singuli

108 1400 236 1481 singulos
258 1403 332 1462 Deos
353 1418 481 1465 auctores
505 1406 660 1486 habentia,
687 1398 810 1488 μαντική
832 1404 989 1484 apollinem
1008 1395 1153 1483 τελιστικῆ
1168 1402 1324 1481 Bacchum,

107 1492 240 1581 ποιητικηι
268 1506 382 1580 Musas,
408 1498 534 1586 ἐρωτική
559 1505 701 1569 Venerem
720 1525 749 1571 et
768 1512 907 1569 Amorem.
919 1502 951 1582 3)
973 1497 1126 1585 Teumesi
1148 1518 1244 1566 autem
1268 1501 1322 1565 lere·

108 1597 208 1675 rimie,
229 1603 324 1683 qualis
346 1605 399 1680 sit,
419 1605 466 1665 his
483 1607 588 1668 verbis»
598 1607 780 1668 describitur.
812 1598 898 1666 Ἀλλιέ
918 1599 980 1687 μήν
999 1599 1097 1666 νόσων
1118 1603 1219 1686 γεκαὶ
1234 1598 1322 1668 rto'm

107 1700 169 1762 τῶν
200 1699 344 1782 μεγίστων
380 1739 419 1749 -
461 1697 482 1786 η’
511 1702 602 1784 μανία
632 1701 802 1789 ἐγγενομένη
833 1705 882 1768 καὶ
913 1700 1145 1790 προφητεύσασα
1176 1698 1222 1782 οἷς
1252 1702 1321 1782 ἔδει,

108 1798 276 1886 ἀπαλλαγήν
300 1796 413 1887 εὕρετο·
442 1819 471 1897 et
498 1830 567 1867 vero
587 1805 870 1890 'ingromoente'lue
897 1813 1007 1869 morbis
1029 1820 1059 1869 et
1083 1812 1320 1886 coluoeitote'lus,

98 1910 198 1983 furor
210 1930 268 1967 nott
288 1914 435 1967 neminem
452 1918 593 1985 occupat,
613 1919 661 1984 et,
680 1931 735 1988 quo
753 1909 820 1968 illis
837 1909 919 1968 modo
938 1909 1066 1967 liberari
1084 1904 1238 1986 oporteat,
1255 1915 1319 1968 eset·

106 2013 241 2083 cinctos,
262 2008 427 2066 remedium
447 2027 549 2065 eorum
567 2013 693 2084 invenit.
725 2007 904 2088 Confugiunt
922 2006 969 2065 illi
989 2005 1027 2066 ad
1046 2008 1171 2066 Deorum
1189 2018 1321 2087 preceset

106 2104 233 2165 cultum:
256 2105 334 2165 unde
353 2090 531 2185 expiationes
549 2103 783 2184 initiationesque
802 2106 966 2180 consecuti,
987 2105 1091 2185 integri
1110 2105 1237 2186 purique
1255 2104 1321 2190 dunt

105 2203 295 2285 adpraesens
321 2217 432 2283 tempus
451 2216 479 2260 et
498 2202 646 2284 futurum,
667 2223 718 2283 per
745 2216 853 2262 rectum
880 2202 959 2262 bunc
987 2204 1112 2262 furorem
1135 2202 1320 2284 praesentiunt

105 2301 245 2359 malorum
263 2300 320 2360 sibi
338 2298 538 2358 liberationem
557 2299 770 2360 invenientes.»
788 2297 820 2380 4)
837 2298 921 2374 Quod
938 2301 975 2359 iis
992 2301 1079 2381 plane
1096 2299 1238 2381 quadrat,
1257 2316 1320 2380 quac

107 2398 143 2458 de
162 2399 302 2457 Diotimae
321 2397 354 2456 in
372 2396 561 2456 Athenienses
580 2397 688 2457 meritis
706 2397 864 2458 celebravit
884 2397 1021 2459 Socrates.

78 2531 87 2548 ι
145 2496 214 2554 Fuit
232 2495 301 2555 haec
320 2495 426 2576 igitur,
449 2508 518 2554 teste
538 2494 673 2571 Platone,
695 2517 752 2555 una
772 2517 887 2571 earum,
907 2517 997 2575 quae,
1020 2510 1051 2555 ut
1069 2495 1193 2576 Pythia,
1217 2509 1249 2555 ut
1271 2494 1318 2554 De

25 2636 28 2641 -
105 2591 199 2653 douae
223 2592 399 2670 sacerdotes,
420 2606 452 2652 ut
470 2592 600 2674 Sibyllae
619 2592 722 2655 divine
741 2595 837 2654 furore
857 2613 959 2673 magna
980 2593 1168 2654 contulerunt
1187 2593 1220 2653 in
1240 2591 1320 2653 Grae·

105 2692 178 2751 ciam
202 2690 370 2752 beneficia·
401 2691 486 2752 Unde
514 2689 707 2772 intelligitur,
728 2712 815 2771 quare
842 2705 955 2752 tantum
981 2693 1008 2751 ei
1036 2692 1166 2752 Socrates
1189 2705 1219 2750 et
1246 2690 1319 2751 Plau

94 2788 275 2867 tribuerint,
296 2789 424 2850 Socrates
441 2789 512 2850 adeo
531 2810 560 2849 se
579 2790 640 2868 ejus
660 2788 835 2870 discipulum
854 2791 996 2871 professus
1010 2784 1056 2851 sit.
1078 2789 1136 2850 Sed
1156 2803 1188 2850 ut
1205 2791 1321 2850 estsera-

91 2870 155 2968 ’κηζ
190 2889 231 2949 ita
256 2888 403 2963 mulieres,
432 2887 513 2946 illam
541 2901 724 2962 exercentes,
757 2886 870 2946 Baccho
900 2902 982 2948 erant
997 2909 1109 2963 sacrae,
1139 2892 1322 2952 versabantur

105 2989 138 3048 in
155 2987 317 3068 mysteriis,
337 2985 603 3066 quaereconditam
622 2984 813 3044 continebant
830 2984 1009 3061 doctrinam,
1023 2994 1184 3065 princepis
1198 2989 1321 3048 contine·

105 3085 177 3145 bant
187 3130 196 3160 ,
217 3098 249 3144 ut
265 3085 364 3145 Cicero
382 3085 440 3159 ait,
459 3091 556 3167 citae,
575 3105 668 3162 neque
687 3084 781 3142 solum
800 3104 868 3141 cum
887 3084 1008 3142 laetitio
1025 3087 1146 3145 vivendi
1161 3094 1323 3160 rationem,

106 3184 156 3242 ted
174 3182 266 3241 otieris
291 3203 360 3240 eum
387 3203 436 3259 spe
460 3184 580 3241 meliore
608 3182 764 3241 moriendi.
786 3178 818 3261 5)
856 3181 969 3256 Quibus
993 3183 1220 3261 animadversis,
1248 3180 1323 3245 baud

105 3279 359 3355 mirabimur,tam
377 3279 522 3361 praeclare
540 3281 573 3339 in
591 3280 646 3339 boc
665 3299 791 3339 sermone
810 3279 962 3340 Diotimam
978 3278 1014 3339 de
1034 3281 1196 3342 animorum
1215 3284 1320 3344 immot-

104 3377 215 3438 talitate
233 3377 379 3437 disserere.
403 3377 461 3439 Sed
479 3391 578 3460 pergat
600 3376 703 3439 divina
720 3377 841 3436 mulier:
863 3389 921 3437 tota
939 3379 999 3455 ejus
1016 3379 1108 3438 oratio
1126 3382 1321 3461 mysteriorum

106 3477 190 3537 nobis
209 3477 346 3536 rationem
366 3478 477 3537 referet.
500 3474 532 3555 6)

140 3733 165 3801 i)
182 3737 263 3805 Spmp.
280 3734 340 3787 tot.
358 3733 389 3786 Ι).
408 3733 447 3788 Gi.
465 3734 506 3788 Fr.
525 3734 661 3806 Scblegol‚
681 3735 789 3790 Sdmmtl.
811 3735 906 3788 Werlee.
921 3734 962 3787 IV.
980 3734 1015 3786 90
1032 3753 1090 3806 sqq.

139 3825 164 3891 2)
182 3827 361 3895 sepimentum
378 3824 455 3882 veen
476 3829 602 3883 erueret.
626 3831 713 3885 soene
734 3848 757 3882 ο.
776 3829 816 3882 12.
845 3819 976 3902 θεοφιλῆ
1001 3819 1050 3883 καὶ
1075 3817 1172 3904 σοφόν
1197 3819 1254 3906 τήν
1279 3822 1324 3886 ἐν

105 3912 313 4002 θουσιαστικὴν
332 3918 381 3980 καὶ
400 3915 560 4003 τελεστικήν
581 3917 654 4004 copi
688 3966 696 3981 .

137 4019 165 4086 a)
183 4023 289 4075 ream.
307 4020 366 4072 ass.
385 4021 415 4074 u.
1296 4016 1325 4241 Ι

138 4105 374 4171 ummo

137 4192 164 4255 s)
182 4194 220 4245 ne
234 4193 307 4262 aa,
324 4193 355 4244 u.
374 4190 415 4244 tt.
434 4191 473 4246 oe
491 4194 571 4246 noes
588 4193 681 4262 rane.
699 4192 755 4257 ee.
773 4196 851 4263 wye.
863 4180 916 4269 ep.
938 4195 999 4250 oa.
1021 4212 1047 4266 p.
1064 4195 1106 4250 ee.
1215 4226 1218 4231 -

137 4275 165 4342 u)
182 4278 308 4346 Equidem
324 4280 389 4330 baec
403 4279 440 4330 ita
457 4280 582 4345 exposui,
600 4288 629 4330 ut
644 4287 744 4334 exstant
755 4282 823 4349 apud
838 4283 979 4334 Plutonem.
1016 4283 1115 4345 Quodsi
1131 4286 1189 4353 quit
1207 4292 1325 4354 uum,

105 4380 164 4415 nuru
185 4380 279 4431 reapse
292 4365 328 4416 ita
347 4380 403 4415 eum
418 4363 524 4416 Socrate
536 4363 666 4417 collocuta
682 4367 716 4418 sit
729 4365 856 4432 Diotime,
873 4369 932 4434 ipse
944 4384 1030 4421 sermo
1045 4368 1163 4422 dubitare
1178 4370 1324 4439 ueniebat,

106 4449 201 4517 quippe
222 4464 339 4517 magnam
360 4456 458 4515 partem
477 4447 554 4515 plane
575 4449 732 4505 Platonicus.
767 4451 821 4505 Nec
835 4461 919 4506 temen
940 4459 1020 4505 toturn
1038 4456 1215 4509 esist'uttatutts
1233 4454 1325 4508 dm.
