2774 5048
686 255 746 312 418

94 423 184 491 baut,
225 438 304 477 suam
344 419 403 497 ipse
431 429 589 495 opponeret
618 435 684 472 cum
714 414 942 497 philosophandi
984 416 1149 485 rationem,
1179 431 1236 476 turn
1259 418 1300 475 reri

92 520 264 579 doctrinam.
307 517 376 574 Rem
397 512 560 592 intelligere
580 525 654 571 recte
675 533 710 570 ex
733 515 795 589 ejus
814 514 949 594 dialogo,
973 517 1025 592 qui
1048 514 1196 594 Cmtylue
1223 517 1301 576 instri-

93 617 188 689 bitur,
210 616 287 675 licet.

126 810 178 868 De
209 809 388 887 Crutylo
417 807 642 871 Platonis,
674 815 763 866 aive
796 809 838 864 de
872 811 1283 888 linguarumque:

397 929 467 965 noa
499 927 705 977 secuntus,
733 907 1025 985 philosophie.
1225 906 1230 913 ’

130 1110 226 1182 Quum
256 1103 491 1184 comparahamus
517 1103 603 1162 modo
629 1124 696 1163 cum
733 1105 887 1183 Protagora
914 1103 1119 1182 similibusque
1146 1102 1307 1184 soplxistiset

89 1204 271 1287 philosophis
288 1203 457 1273 Platonem,
476 1201 588 1282 duplex
607 1203 831 1259 memoravimus
850 1201 1092 1282 philosophorum
1119 1222 1231 1281 genus,
1256 1220 1307 1278 quc

89 1327 151 1364 rum
169 1329 236 1390 pars
255 1303 399 1361 erraturae
421 1304 537 1372 omnia,
558 1301 647 1357 altera
667 1314 763 1358 autem
782 1321 849 1380 pars
869 1301 1067 1372 contrarium,
1098 1303 1197 1361 omnia
1215 1291 1308 1358 hordrat

86 1402 313 1462 contendebant.
356 1403 551 1478 Utrorumque
578 1400 752 1456 seutentiam
780 1398 880 1472 Plato,
921 1397 975 1456 hoc
1011 1397 1173 1458 scribendo
1198 1400 1308 1479 dialogo,

87 1502 166 1560 hunc
187 1499 224 1558 ad
244 1500 361 1559 modum
390 1514 419 1558 et
440 1497 574 1578 exposuit
594 1510 624 1554 et
642 1516 694 1574 per
724 1497 847 1554 ironiam
882 1496 1041 1573 exagitavit
1067 1509 1156 1574 atque
1183 1498 1307 1580 explosit,

89 1611 120 1656 ut
139 1598 225 1657 simul
255 1597 443 1678 etymologiae
472 1596 555 1654 istius
579 1595 799 1674 perversitatem
821 1593 1040 1652 demonstraret
1064 1594 1251 1655 Indacuntar
1269 1595 1308 1654 ta

88 1695 125 1754 de
147 1717 177 1754 rc
207 1717 302 1755 secum
332 1697 459 1755 invicem
485 1694 682 1772 colloquentes
700 1693 898 1771 Hermogenes
914 1704 943 1750 et
961 1691 1117 1772 Cratylus,
1137 1706 1255 1773 qnorum
1272 1694 1306 1753 hit

87 1794 275 1853 ererhorum
302 1792 515 1873 significatione
544 1793 647 1851 omnia
660 1789 749 1847 fluere
768 1789 933 1848 contendit.
974 1788 1106 1851 Socrates
1124 1793 1161 1851 in
1180 1806 1307 1872 utramque

87 1905 198 1971 partem
216 1891 364 1972 disputat;
386 1904 595 1962 veruntamen,
625 1888 704 1966 quod
733 1887 819 1946 nohis
837 1889 957 1946 minime
975 1901 1019 1946 est
1039 1889 1248 1969 negligendum
1255 1889 1307 1965 ,il-
1339 1912 1341 1921 ·

87 1988 155 2051 luc.
175 1990 316 2048 siminus
333 1989 489 2069 pervenit,
509 1987 661 2047 contendit
671 2001 775 2053 ‚nmen
794 1998 981 2060 constanter,
1009 1999 1042 2044 ut
1057 1987 1101 2044 rei
1122 1987 1305 2067 reetedijndi·
1339 2014 1341 2025 ·

84 2085 194 2144 candae
211 2088 352 2145 rationem
372 2086 515 2146 inveniat.
555 2085 657 2163 ltaque
666 2129 675 2158 ,
695 2105 762 2142 curn
779 2082 948 2164 philosophi
966 2084 1028 2143 l'ere
1052 2104 1087 2142 ae
1110 2086 1253 2166 sophistae
1266 2106 1303 2144 so·

88 2204 157 2242 num
184 2185 270 2243 unice
298 2183 453 2242 rethorum
478 2181 682 2255 attenderent,
713 2202 750 2240 ex
778 2202 868 2258 eoque
896 2180 1045 2261 quidquid
1072 2181 1191 2243 luberet
1213 2182 1305 2243 efficere

84 2293 280 2353 conarentur,
300 2279 447 2354 Socrates,
471 2281 553 2339 utin
571 2281 651 2339 omni
672 2279 900 2358 disquisitione,
920 2280 962 2338 ita
987 2280 1021 2339 iu
1050 2280 1108 2339 hac
1137 2283 1304 2341 dialectiea·

85 2378 267 2456 potissimum
296 2385 445 2436 moenem
471 2377 669 2458 usurpandam
698 2378 809 2435 statuit.
845 2377 966 2435 «Prima
993 2398 1066 2438 vero
1095 2381 1231 2455 nomina,
1259 2380 1304 2437 ait,

84 2494 159 2551 quae
178 2495 237 2534 non
255 2473 414 2535 succedunt
433 2477 518 2549 aliis,
537 2498 595 2554 quo
613 2490 699 2556 pacto
718 2495 805 2553 quam
825 2476 954 2534 maxime
971 2495 1019 2533 res
1034 2475 1115 2555 ipsas
1132 2478 1219 2538 nobis
1231 2491 1303 2537 esttr-

84 2571 182 2632 dent?
202 2573 249 2633 Ad
267 2573 321 2633 hoc
340 2588 434 2633 autem
455 2575 527 2634 mihi
546 2575 698 2656 responde.
740 2573 771 2632 Si
793 2594 844 2633 nee
865 2593 965 2631 rocem
983 2593 1038 2631 nec
1056 2572 1190 2653 liugnam
1208 2572 1301 2635 habais·

84 2691 196 2744 semus,
216 2672 406 2731 voluissemus
425 2685 521 2731 autem
540 2693 586 2731 res
606 2673 734 2731 invicem
755 2671 925 2743 declarare,
947 2690 1048 2728 nonne
1057 2672 1185 2751 perinde
1201 2693 1232 2731 ae
1242 2690 1301 2729 nanc

84 2770 175 2837 muti,
195 2770 331 2829 manibus
351 2773 502 2851 capiteque
518 2792 551 2831 ac
569 2772 690 2829 caeteris
709 2769 846 2829 membris
864 2768 1030 2848 significare
1047 2769 1301 2829 tentavissemusl·

83 2868 148 2938 Quo
178 2870 256 2926 enim
285 2868 363 2941 alio,
394 2890 412 2927 o
437 2868 587 2939 Socrates,
618 2867 772 2927 modol-
801 2866 832 2925 Si
863 2867 983 2948 superni
1008 2865 1192 2946 quidquam,
1221 2865 1300 2933 eredo,

83 2963 131 3019 rel
151 2963 216 3021 lere
235 2964 382 3025 declarare
400 2966 609 3037 voluissemus,
629 2965 741 3024 coelum
761 2986 860 3023 sersus
877 2985 996 3024 manum
1023 2965 1248 3039 extulissemus,
1270 2964 1300 3041 ip

82 3080 142 3116 sam
163 3062 204 3118 rei
223 3076 354 3120 naturam
372 3066 537 3133 imitantes3
571 3065 709 3122 inferiora
733 3083 803 3122 vero
815 3076 849 3120 et
868 3064 968 3141 gravia
989 3061 1206 3141 significaturi,
1225 3060 1300 3122 deni·

82 3159 215 3216 sissemus
235 3172 338 3218 terram
359 3182 458 3219 rersus
476 3182 602 3220 manum.
645 3161 759 3239 Equum
780 3162 849 3220 item
868 3172 1033 3218 currentem
1052 3160 1103 3218 vel
1120 3160 1206 3222 aliud
1224 3155 1299 3240 quotl·

82 3256 129 3312 ris
144 3256 314 3315 animalium
334 3259 358 3316 si
378 3258 569 3317 voluissemus
593 3258 744 3332 indicare,
773 3278 878 3339 corpus
904 3258 1028 3337 quisque
1055 3278 1159 3317 suurn-
1172 3273 1299 3341 μάψ

20 3412 25 3417 ,
80 3364 109 3409 et
128 3351 232 3432 figuras
251 3357 289 3414 iis
308 3354 456 3413 simillime
472 3357 731 3436 composuisset-
751 3356 872 3414 Necesse
897 3369 997 3414 est-
1015 3355 1107 3413 Hune
1136 3356 1169 3415 in
1186 3356 1300 3424 modun,

81 3463 113 3508 ut
132 3452 276 3525 arbitror,
296 3473 401 3533 corpus
420 3453 609 3532 significasset
627 3453 762 3532 singula,
787 3451 865 3512 illud
886 3455 1005 3512 imitans
1022 3451 1140 3512 scilieet
1157 3454 1236 3534 quod
1253 3451 1298 3514 rel-

82 3545 120 3604 let
138 3548 343 3610 declarare·
362 3551 547 3609 Omnino-
573 3552 647 3609 Cum
669 3560 745 3610 rero'
756 3572 828 3609 voce
835 3597 845 3625 ,
877 3551 977 3628 lingua
998 3564 1026 3608 ct
1045 3568 1096 3608 ore
1115 3551 1242 3611 selinus
1255 3552 1298 3627 sig·

81 3643 200 3702 nilicare
217 3669 363 3725 quaeque,
394 3668 493 3706 nonne
520 3669 572 3728 per
597 3648 667 3706 haec
696 3647 929 3721 declarabimus,
950 3648 1002 3706 ubi
1024 3668 1077 3728 per
1095 3669 1129 3707 ea
1150 3650 1251 3709 imitati
1266 3665 1296 3704 res

79 3739 286 3801 fuerimusl—
304 3746 423 3802 Necesse
440 3765 500 3802 esse
518 3744 591 3802 mihi
613 3743 739 3804 ridetur.
750 3777 785 3787 -
803 3747 912 3805 Nomen
933 3759 1029 3805 autem
1048 3760 1111 3818 est,
1133 3760 1165 3804 ut
1182 3757 1295 3829 apparet,

77 3838 201 3897 imitatio
231 3843 329 3901 rocis.
356 3863 414 3919 qua
442 3843 610 3920 quicunque
639 3841 753 3920 aliquid
774 3844 923 3917 imitatur,
945 3865 997 3923 per
1016 3863 1120 3903 rocem
1142 3846 1295 3904 imitatuttl

76 3938 239 3995 nominat.²'
264 3938 293 4013 Ι)
323 3939 522 3997 Veruntamen
544 3940 575 3996 in
595 3938 642 3997 his
656 3936 720 3999 alia
734 3941 876 4018 quaedam
896 3942 1020 4000 imitatio
1048 3954 1112 4013 est,
1140 3954 1294 4020 quaruqrte

75 4050 127 4108 per
145 4034 281 4092 musicam
306 4034 340 4091 lit
357 4035 404 4093 tel
426 4035 577 4114 picturam.
621 4035 655 4094 ld
675 4039 770 4109 enim,
791 4039 871 4116 quod
887 4050 951 4113 eet,
979 4042 1044 4100 sire
1059 4032 1165 4112 etiur'ug
1183 4052 1225 4099 est
1240 4054 1291 4117 pff·

74 4129 181 4207 ticeps,
201 4130 435 4210 exprimendum.
462 4125 573 4191 ulfini
594 4131 639 4205 τίς
659 4128 697 4194 tir
717 4130 764 4215 riq
786 4131 805 4196 o‘
827 4130 938 4215 τρόπος
956 4137 1014 4219 τῆς
1033 4134 1223 4219 διαιρέσεως,
1235 4130 1293 4195 ido

109 4416 132 4463 r
152 4420 245 4487 emor.
267 4424 317 4472 rr.»
346 4425 372 4474 r..
393 4424 450 4474 ant.
472 4428 501 4475 a.
522 4427 549 4476 r.
