2796 5048
661 246 719 306 114

92 397 142 464 tas
163 399 340 485 φιλοσοφίας
359 394 488 465 Πλάτων
509 405 652 467 κατεῖδε.»
678 406 708 488 l)
728 407 832 485 Ecquis
860 408 948 488 igitur
965 408 1046 468 locus
1072 412 1171 479 estin
1189 413 1312 475 Platonis

90 504 287 587 philosophia,
307 507 357 584 qui
377 506 525 587 interpreti
546 505 772 588 diligentiussit
789 504 980 566 tractandus?

128 605 275 665 Caeterum
293 603 449 679 radonem,
470 626 528 685 qua
546 605 616 665 haec
632 604 770 685 exposui,
795 617 883 663 totam
909 594 1042 683 relinquo
1060 605 1206 667 lectorum
1231 609 1310 689 judi-

87 702 141 762 oio.
167 701 355 783 Simplicitate
369 723 486 783 peccare
500 703 608 778 malui,
624 723 709 781 quam
728 701 824 761 alieni
843 700 977 762 doctrinh
995 716 1100 762 temere
1114 703 1309 767 admiscente

87 798 165 874 Quae
185 819 252 860 vero
279 799 402 859 maxime
428 815 521 862 essent
545 800 689 860 Socratica
717 813 745 858 et
772 798 936 874 Platonica,
957 799 1026 858 haec
1055 800 1156 862 studui
1191 803 1310 867 interius

86 916 252 978 cognoscere
270 910 298 957 et
316 899 464 980 perspicue
480 898 601 959 tradere.
642 897 754 957 Inserui
774 895 898 956 subinde
919 898 1078 970 nonnulla,
1103 920 1179 977 quae
1205 903 1307 983 scripta

15 1027 38 1060 ,ν
86 995 213 1055 Platonis
231 983 336 1075 magis,
355 1018 439 1076 quam
459 997 688 1078 philosophiam,
710 1010 889 1076 spectarent:
915 1011 983 1057 sunt
1002 1012 1096 1058 autem
1115 996 1189 1056 haec
1209 1019 1304 1078 pauca.

85 1093 156 1161 Nam
179 1115 214 1153 ne
233 1093 314 1152 filum
332 1095 546 1175 abrumperetur
565 1093 779 1175 philosophicae
799 1092 1027 1171 disquisitionis,
1047 1095 1303 1157 animadversioni·

85 1190 138 1248 bus
155 1191 281 1265 criticis,
300 1193 422 1251 maxime
440 1192 476 1251 de
495 1195 661 1253 auctoritate
681 1192 851 1271 scriptorum
875 1192 1105 1269 Platonicorum,
1134 1193 1171 1253 de
1204 1196 1302 1274 quihus

83 1287 168 1347 hodie
187 1289 219 1347 in
236 1290 337 1370 primis
355 1288 535 1369 disputatur,
555 1298 739 1369 quaestiones
757 1289 934 1348 Platonicos
956 1290 1110 1353 destinavi.
1137 1292 1221 1353 Illud
1241 1315 1301 1357 vero

84 1388 128 1468 egi
141 1388 322 1466 potissimum
344 1405 483 1465 curaeque
501 1387 608 1462 habui,
636 1401 685 1462 ut,
714 1385 791 1464 quod
811 1388 910 1446 Cicero
930 1389 986 1462 ait,
1010 1411 1045 1446 ea
1076 1397 1140 1468 ipso
1164 1391 1299 1450 Platonis

83 1493 171 1564 quusi
191 1487 315 1562 quodum
332 1495 434 1544 saneto
454 1497 638 1566 augustoque
651 1489 743 1561 sonte
763 1496 867 1544 nostru
882 1495 976 1546 onsns's
994 1500 1135 1547 manaret
1153 1489 1297 1564 cratio,2l

83 1604 115 1642 ac
127 1627 140 1655 ,
157 1581 275 1640 Platone
305 1583 335 1639 in
364 1602 413 1640 sua
442 1583 506 1641 luce
537 1585 644 1663 posito,
665 1598 799 1643 caverent
825 1583 932 1642 deinde
954 1585 1140 1666 philosophi,
1164 1609 1203 1646 ne
1226 1608 1293 1646 susm

83 1680 252 1739 sententiam
280 1680 391 1739 Platoni
419 1680 624 1755 obtruderent,
655 1701 763 1758 neque,
786 1697 818 1740 ut
848 1681 943 1741 verbis
972 1697 1035 1751 utar
1063 1684 1290 1763 Wyttenbachli,

85 1778 222 1836 Plutonis
239 1786 418 1836 sententium
439 1782 479 1837 ad
494 1787 715 1856 ineptissimum
732 1782 862 1858 quodque
877 1792 1073 1855 auctmentum
1093 1785 1287 1861 detorquerent
1316 1856 1322 1865 Ι

3 1875 7 1881 ’
82 1886 111 1934 st
139 1898 158 1933 a
183 1899 325 1958 germano
354 1886 419 1936 seri
440 1880 601 1959 pulcraque
629 1901 716 1936 sensu
746 1881 785 1936 od
811 1880 1003 1939 scholasticus
1029 1903 1129 1962 nugas
1148 1892 1283 1939 converte·

85 1985 163 2036 rent.
178 1972 217 2055 3)
236 2008 267 2018 -
286 1974 343 2035 Sed
359 1996 507 2056 pergamus
525 1975 562 2036 ad
578 1977 789 2058 philosophiam
808 1979 879 2038 veri.

1 2245 3 2250 ,
87 2215 91 2221 -
115 2182 142 2249 1)
159 2184 241 2237 Amat.
271 2184 320 2236 tta
338 2184 369 2235 Α.
397 2185 439 2236 Sic
461 2185 571 2247 lactum,
597 2193 624 2235 ut
644 2184 814 2249 Plutarchus,
840 2195 867 2237 ut
887 2186 1082 2254 Neoplctonici,
1109 2186 1277 2240 utScholsstiei

81 2273 157 2322 etiam
171 2280 278 2337 postea,
303 2278 408 2322 auctore
418 2271 527 2320 maxime
542 2269 696 2334 Abeilardo,
721 2274 835 2341 certatim
851 2272 883 2322 de
897 2289 984 2324 amore
997 2274 1243 2341 philosopharentur.
1256 2271 1278 2322 u

81 2357 107 2407 hi
131 2356 232 2423 quidem
242 2355 390 2423 theologiae
401 2356 428 2405 id
440 2371 502 2407 suae
516 2356 752 2418 accommodarunt3
777 2358 824 2414 sed
841 2358 891 2408 hoc
906 2359 988 2425 ipsum
1001 2359 1095 2423 valuit,
1116 2369 1144 2411 ut
1162 2372 1277 2422 seruaren-

79 2450 122 2492 tur
142 2441 185 2491 illa
201 2442 309 2509 placita,
329 2443 443 2507 quamvis
464 2449 600 2506 corrupta,
621 2450 646 2491 et
660 2457 856 2508 quoquoversus
874 2430 1040 2495 dimanarent.
1068 2444 1133 2496 lude
1146 2443 1277 2514 spiritatis,

86 2527 128 2594 qui
150 2534 268 2589 vocatur,
294 2543 375 2589 anun,
394 2527 474 2595 longe
488 2525 605 2592 profecto
622 2542 637 2576 a
649 2525 783 2577 Platonico
796 2526 910 2589 alienus,
930 2528 981 2591 sed,
992 2529 1042 2580 hoc
1054 2538 1140 2581 tamen
1152 2526 1277 2582 nomincit

80 2610 194 2662 Danti's
219 2619 244 2662 et
266 2609 464 2662 Petrarchae
486 2611 638 2662 carminibus
653 2610 753 2663 obvius.
786 2612 884 2663 Exorto
900 2612 1057 2664 deindesub
1076 2615 1200 2668 Mediceis
1215 2612 1276 2683 ipsiu
1327 2605 1339 2669 lt

81 2694 195 2746 Platonis
221 2695 322 2759 studio,
349 2705 376 2747 ut
398 2697 504 2764 quisque
525 2698 633 2747 maxime
652 2695 786 2748 Platonem
806 2699 832 2749 in
845 2698 1054 2765 philosophando
1069 2709 1174 2753 secutus
1189 2696 1276 2763 crull!

81 2796 193 2832 amorem
207 2781 339 2850 indagavit
353 2782 550 2838 studiosissime.
571 2780 700 2846 Cujus'rei
716 2783 816 2833 illustre
832 2785 976 2851 exemplum
990 2785 1109 2852 praebuit
1123 2785 1276 2853 praecedent

79 2866 184 2916 saeculo
199 2866 238 2917 Fr.
257 2866 534 2931 Hemsterhusius,
552 2866 620 2918 haud
634 2868 759 2919 immerito
773 2868 817 2919 ille
835 2885 850 2920 a
865 2867 943 2922 Gallis
958 2880 985 2922 et
1000 2869 1134 2924 Germanis
1148 2873 1275 2923 samo·

78 2950 151 3002 Plato
168 2959 296 3018 vocatus.¹

113 3034 139 3098 2)
157 3033 210 3087 Cic.
229 3035 299 3086 Taso.
319 3037 349 3095 Q.
364 3037 393 3088 V.
407 3035 448 3088 12.

113 3118 140 3184 3>
164 3120 219 3172 rsa
232 3121 330 3174 suus.
347 3138 373 3189 p.
391 3108 433 3173 is.
