2774 5048
670 264 728 323 292

30 456 79 535 ηᾙ
128 428 174 488 Sic
192 441 266 488 artes
291 428 355 487 illas
376 426 518 486 rhetorum
540 439 567 484 et
594 426 812 506 sophistarum
805 426 913 485 ironice
933 427 1059 506 exagitat
1076 426 1223 485 Socrates:
1253 445 1300 483 uec

14 496 181 629 fftrmen
205 526 301 600 idem,
323 539 354 584 ut
373 537 441 583 sunt
460 523 614 602 hodiequi
633 525 814 599 existiment,
837 545 978 583 unacum
998 524 1193 584 artihusistis
1218 522 1302 603 ipsam

86 624 272 703 rejiciendam
290 623 458 683 rhetoricam
478 622 662 682 existimarit.
704 622 799 681 Multa
818 643 913 682 eorum
934 623 967 681 in
986 643 1018 681 οι
1019 636 1115 682 attone
1131 642 1197 681 cum
1217 634 1301 681 atten-

85 721 182 782 denda
206 721 292 781 duxit
317 735 378 780 tum
397 717 435 779 ad
462 719 619 781 dicendum
647 718 833 780 adhihenda·
825 767 834 796 ,
857 741 956 782 verum
977 719 1023 779 his
1043 720 1189 780 contineri
1217 719 1297 800 ipsam

85 820 254 881 rhetoricam
281 818 413 898 negarit:
435 816 514 896 quod
533 838 610 876 more
630 817 767 899 deinceps
787 841 857 894 suo,
878 818 910 878 id
938 832 998 893 est,
1020 819 1110 877 facete
1140 831 1170 878 et
1198 817 1295 881 ironice

84 918 273 998 persequitur.
319 937 333 969 u
344 910 510 990 Mittamus,
531 915 572 975 ait
599 914 746 991 Socrates,
768 917 891 997 exigua5
915 915 985 975 haec
1003 937 1073 977 vero
1091 917 1191 996 potius
1209 915 1240 974 in
1258 914 1290 976 lu·

84 1036 144 1073 cem
163 1014 370 1124 producamus,
392 1027 442 1089 ut,
461 1034 546 1093 quam
566 1025 594 1072 et
613 1012 729 1093 quando
754 1015 826 1085 artis
847 1015 907 1075 vim
925 1011 1068 1088 habeant,
1091 1013 1286 1074 videamus.-

84 1113 121 1172 Et
139 1113 293 1173 maximam
307 1111 438 1191 quidem,
452 1133 470 1171 ο
484 1111 654 1186 Socrates,
646 1134 679 1170 m
696 1110 845 1172 hominum
864 1111 992 1189 coetibus
1012 1113 1072 1173 rim
1093 1111 1283 1202 potentiamque

30 1244 38 1255 ν
82 1211 253 1271 habent-
268 1210 385 1269 Habent
404 1230 489 1286 sane3
512 1209 562 1269 sed
582 1223 614 1268 tu
631 1208 699 1268 item
709 1210 836 1297 ,sodes,
858 1210 927 1270 vide
952 1228 1024 1325 rapui
1048 1209 1105 1269 tihi
1123 1209 1225 1269 horum
1239 1222 1280 1267 tu·

82 1324 165 1384 tura,
186 1307 424 1388 quemadmodum
444 1256 535 1382 mihi,
556 1329 619 1367 rara
638 1307 803 1389 dissutaque
824 1307 966 1369 videatur.
977 1336 1007 1349 ·-
1020 1305 1150 1367 Ostende
1167 1305 1280 1366 modu-
1321 1334 1323 1339 ·

82 1409 135 1467 Dic
146 1428 243 1487 ,:age
266 1407 289 1465 si
309 1408 373 1486 quis
395 1405 517 1465 amicum
538 1419 619 1464 tuum
639 1405 866 1485 Eryximachum
893 1405 941 1467 vel
969 1408 1031 1485 ejus
1058 1419 1169 1486 patrem
1187 1407 1279 1462 teme

83 1525 152 1564 num
180 1504 299 1578 adiens,
328 1503 423 1563 dicat:
455 1525 505 1584 ego
525 1505 728 1580 hujuscemodi
741 1505 893 1582 'quaedam
918 1511 977 1563 acio
997 1496 1279 1580 corpori'admorm

83 1605 189 1680 quibua
208 1603 338 1660 calcarat
351 1622 409 1679 pru
422 1603 551 1660 arbitrio
569 1624 631 1661 mco
648 1603 694 1659 ccl
701 1603 878 1683 frigescat,
898 1612 997 1661 comat
1016 1610 1129 1676 ctiam,
1150 1607 1177 1659 ri
1189 1600 1279 1677 placet,

83 1702 129 1758 ccl
155 1701 292 1758 deorsum
312 1701 416 1780 abigat
433 1708 523 1777 atqua
543 1701 607 1757 alia
635 1703 751 1758 similia
778 1703 894 1758 multat
927 1701 999 1760 hacc
1027 1710 1129 1758 autem
1154 1701 1281 1787 torrem)

84 1800 231 1856 medicum
249 1820 296 1856 me
317 1820 378 1856 ιιιο
398 1799 540 1856 contendo
563 1808 592 1855 et
618 1799 715 1855 alium
736 1799 853 1878 efficere
872 1821 957 1878 porse
974 1800 1139 1873 medicum,
1160 1804 1209 1856 cui
1230 1798 1282 1873 qui-

84 1899 149 1954 dem
168 1897 280 1955 harum
298 1917 403 1954 rorum
430 1904 589 1954 scientiam
617 1896 791 1955 tradidero:
812 1895 884 1976 quid
906 1897 973 1955 illos
1000 1916 1185 1976 responsuros
1203 1890 1283 1953 existi-

86 1997 167 2054 mas?
188 2022 222 2030 -
250 1993 397 2069 Quidnam
413 1993 513 2070 aliud,
533 2014 618 2072 quam
634 2006 888 2074 percunctaturus,
909 1993 1052 2073 numquid
1074 1993 1146 2053 sciat
1165 1994 1287 2071 insuper,

83 2093 188 2172 quibus
205 2114 238 2152 ea
257 2091 370 2172 singula
389 2090 527 2150 adhihere
552 2105 579 2150 et
605 2091 721 2170 quando
742 2104 770 2151 et
789 2106 930 2171 quatenus
956 2094 1108 2173 oporteat?
1126 2115 1159 2126 -·
1180 2080 1290 2169 Erqosi

84 2189 161 2249 dicat
171 2236 179 2265 ,
200 2189 283 2250 nullo
302 2189 385 2249 modo
406 2209 435 2247 se
453 2187 531 2248 illud
552 2188 622 2247 scire
633 2234 642 2264 ,
663 2189 713 2249 sed
733 2204 862 2270 oportere
883 2210 946 2247 eum
957 2235 967 2264 ,
987 2189 1037 2269 qui
1056 2188 1093 2248 ah
1114 2190 1177 2270 ipso
1190 2186 1302 2249 didict‘·

84 2288 139 2362 rit,
159 2288 229 2347 talia
255 2286 395 2366 quaedam
424 2287 516 2345 facere
541 2307 640 2367 posse,
661 2286 732 2366 quid
761 2287 1001 2368 respondebunt?
1025 2284 1054 2366 1)
1081 2315 1116 2326 -
1135 2280 1292 2369 Responde

82 2385 174 2463 hunt,
201 2387 321 2468 opinor:
347 2392 466 2445 iurauit
482 2385 582 2442 homa:
613 2393 661 2460 ct,
683 2386 758 2445 libro
778 2394 875 2445 ιιοιοίο
895 2408 951 2463 quo
970 2387 1105 2460 edoctus,
1127 2386 1191 2459 ccl,
1211 2392 1241 2441 ut
1257 2387 1289 2441 ιι

84 2486 298 2544 medicamenta
327 2485 439 2543 incidit
464 2484 607 2562 quaedam
619 2529 628 2558 ,
658 2492 704 2542 ita
731 2486 877 2542 medicum
898 2506 928 2542 ιο
947 2486 1074 2560 fuctum
1091 2493 1204 2562 putat,
1223 2484 1291 2539 arur

77 2605 204 2659 prorsus
221 2590 391 2659 imperitur.
403 2615 434 2623 —
459 2581 537 2658 Quid
558 2585 650 2642 vero?
672 2582 701 2641 Si
719 2583 756 2642 ad
769 2581 938 2662 Sophoclem
953 2581 1058 2661 aliquis
1071 2595 1122 2640 aut
1133 2568 1290 2662 Euripidffl

82 2680 239 2755 accedens,
269 2681 340 2741 scire
359 2701 387 2739 se
408 2679 486 2739 dicat
508 2679 544 2739 de
564 2701 653 2761 parva
674 2702 703 2738 re
722 2679 866 2760 prolixam
886 2681 1043 2740 orationem
1061 2679 1169 2739 hahere
1188 2692 1216 2739 et
1232 2698 1290 2737 cou⁶

83 2792 126 2837 tra
147 2778 184 2838 de
205 2800 306 2861 magna
326 2779 541 2852 brevissimam,
570 2792 598 2836 et
617 2777 742 2891 dicendo
767 2778 877 2857 quoties
898 2777 971 2837 velit
999 2777 1289 2843 misericordiammu·

83 2897 149 2935 vere
167 2891 196 2936 et
220 2890 317 2936 contra
337 2878 557 2957 perterrefacere
577 2890 605 2935 et
626 2860 750 2950 mindi-i,
772 2889 800 2935 et
819 2895 890 2954 quae
911 2875 968 2934 alia
995 2874 1197 2954 hujuscemodi
1219 2884 1272 2935 suut

83 2995 167 3054 seque
186 2974 232 3035 his
251 2973 390 3034 docendis
410 2987 491 3055 putet
509 2975 644 3054 tragicam
663 2975 762 3054 po'esiu
779 2974 972 3034 truderet*
992 2972 1030 3032 Et
1049 2972 1080 3033 hi
1091 3018 1101 3050 ,
1122 2995 1140 3034 ο
1161 2973 1283 3041 Socratct,

84 3071 204 3151 opinor,
225 3070 373 3146 riderent,
395 3073 418 3131 si
437 3073 501 3152 quis
520 3070 601 3131 aliud
621 3093 680 3130 esse
700 3071 871 3150 tragoediam
886 3072 1080 3148 existimaret,
1101 3092 1189 3152 quam
1204 3070 1282 3129 horu!

85 3168 317 3249 compositionem
338 3182 366 3227 et
384 3170 514 3251 partibus
534 3170 658 3229 invicem
687 3183 714 3229 et
741 3169 792 3228 toti
813 3171 1043 3229 convenientem.
1069 3171 1187 3230 -Nou
1209 3182 1281 3229 muer

84 3266 206 3338 rustice,
227 3265 332 3341 credo,
353 3269 555 3349 increparent,
577 3267 627 3326 sed
637 3313 646 3341 ,
669 3267 709 3324 uti
727 3267 852 3326 musicus
871 3269 903 3326 in
923 3268 1017 3327 virum
1035 3266 1190 3343 incidens,
1209 3264 1251 3346 qui
1262 3277 1297 3321 tt·

83 3383 141 3422 esse
170 3363 367 3423 harmonicum
395 3380 544 3447 propterea
565 3366 759 3439 existimaret,
784 3365 1001 3443 quod‘chordas
1021 3379 1116 3447 posset
1133 3363 1280 3424 acutorum

84 3474 111 3519 et
130 3462 309 3540 gravissimas
326 3461 452 3538 efficere,
472 3485 532 3522 non
552 3461 654 3521 rudius
671 3461 798 3538 diceret,
820 3470 940 3523 inranr'r
950 3510 958 3539 ,
979 3471 1073 3522 mirer
1082 3483 1096 3533 ;
1119 3463 1171 3524 sed
1181 3509 1190 3538 ,
1208 3469 1280 3541 utpote

84 3561 226 3634 musicuS,
249 3560 426 3620 leniuscule:
455 3569 562 3637 optimc
586 3569 653 3635 cir,
673 3583 786 3619 ιιοοοιιο
807 3563 924 3640 quidem
945 3572 1006 3635 cat,
1029 3571 1083 3635 ut,
1106 3570 1160 3640 qui
1169 3565 1280 3638 saturat

96 3747 352 3758 ——·—-———

83 3869 153 3919 vidd.
179 3868 262 3935 lntpp.
284 3872 316 3921 ud
336 3871 359 3921 h.
383 3873 414 3934 l.;
433 3872 459 3923 iu
477 3873 565 3938 primis
583 3872 660 3949 doctu
676 3872 753 3922 Geelr't‘
766 3874 799 3924 de
813 3874 936 3941 sophistis
955 3873 1101 3942 disquisitio
1118 3873 1146 3924 in
1162 3867 1282 3925 sauma

81 3955 203 4004 societatis
225 3954 377 4019 Trajcctince
391 3956 449 4007 Vol
466 3956 485 4007 l.

117 4036 142 4101 l)
162 4037 314 4106 corruptum
328 4041 429 4134 lqcum,
441 4049 469 4130 qt
484 4043 575 4108 purtim
588 4043 738 4094 Heindorlio
754 4044 863 4109 placuit,
882 4045 920 4095 sic
935 4052 1016 4095 totum
1030 4043 1215 4095 restituendum
1223 4047 1282 4109 puts

83 4108 103 4170 ri
125 4113 253 4198 ἐρωτᾷς·
275 4112 305 4175 τί
324 4112 426 4177 εἴποιεν
447 4108 498 4190 iir3
521 4154 561 4165 -
584 4112 741 4179 Εἷιιοιεν
722 4141 810 4191 ον,ο
794 4111 933 4196 οἶμαι,
912 4142 959 4180 οτι
974 4156 1014 4167 -
1049 4129 1124 4190 Quae
1146 4130 1222 4198 plane
1237 4124 1284 4177 Ph·

84 4208 170 4256 tonica
187 4221 245 4258 osse
263 4207 389 4259 videtur'
382 4225 408 4261 ιιι
426 4209 570 4274 hujusmodi
588 4212 813 4263 commemorando
830 4213 937 4264 aliorum
953 4228 1075 4266 sermone
1092 4217 1169 4269 ratio.
1204 4204 1285 4268 [luuh

85 4291 111 4338 in
131 4291 180 4342 illis
205 4278 294 4343 ου’τόι
315 4273 402 4345 οἷόνι
423 4277 493 4344 εἶναι
515 4289 605 4345 ποιεῖν
627 4311 679 4370 nou
703 4296 891 4348 sollicitandum
912 4299 1039 4351 existimo.
1077 4300 1128 4361 Oui
1148 4298 1286 4369 respondet,

84 4374 173 4426 rudior
194 4385 246 4439 est,
272 4391 345 4443 quam
372 4379 414 4445 qui
437 4378 479 4440 id,
505 4380 573 4446 quod
598 4381 746 4447 quaeritur,
771 4390 890 4433 accurate
915 4385 1047 4450 perspicit.
1084 4385 1176 4455 ltaque
1194 4384 1288 4439 ιἰιιιίιι

84 4458 183 4509 dicitur.
