2796 5048
667 218 727 278 338

87 384 155 443 item
174 379 307 440 sensibus
326 377 447 452 multis,
469 399 505 437 ne
525 377 621 437 dioaru
640 379 796 451 omnibus,
818 376 902 437 nullo
920 376 1133 461 hujuscemodi
1150 397 1255 457 genere
1262 400 1326 460 opus¹

86 501 155 539 esse.
197 476 305 538 Tibine
325 496 394 536 vero
412 476 625 535 succurritl-
645 479 709 536 Non
736 475 931 535 succurrit-
952 474 1024 533 Vim
1053 486 1161 533 autem
1194 474 1321 552 videndi,

85 597 199 657 quaque
220 596 264 633 res
282 573 414 634 visibiles
434 572 573 633 videntur
583 619 592 647 ,
615 596 714 635 nonne
732 596 765 634 eo
785 572 915 653 indigere
934 570 1254 635 animadvertisti'l-
1270 576 1322 649 Quo

85 675 237 755 pactol-
265 672 416 730 Praesente
440 670 531 730 oculis
553 674 637 748 visu,
669 674 794 754 ipsisque
814 669 852 731 ad
873 668 1038 730 videndum
1065 671 1221 747 intensis,
1249 692 1323 753 pree-

85 785 165 830 sente
193 772 261 828 item
288 768 402 842 colore,
434 768 492 827 nisi
521 768 597 831 adsit
624 784 652 829 et
681 790 771 850 genus
799 768 936 840 tertium,
957 768 1080 847 proprie
1103 767 1148 827 ad
1169 767 1225 829 hoc
1242 771 1322 853 ipsun

86 868 189 927 naturi
207 848 324 947 aqitum,
345 866 506 941 scissam,
538 889 591 926 nec
613 869 708 931 visum
737 869 866 929 visurum
884 854 1045 945 quidquam
1074 886 1146 935 esse
1177 881 1207 927 et
1228 869 1322 929 colores

86 967 197 1023 futuros
215 961 404 1022 invisibiles?
419 995 453 1003 —
474 964 622 1037 Quidnam
651 965 683 1024 id
713 987 772 1024 esse
798 963 896 1023 dicis?
914 993 949 1002 -
969 962 1059 1037 Quod
1089 978 1128 1027 tu
1160 964 1258 1031 lucem
1283 988 1321 1025 vo·

84 1083 184 1121 cas-
205 1059 479 1139 Vera'loquer·is.—
500 1063 555 1119 Res
575 1063 663 1143 igitur
694 1085 753 1122 non
783 1060 1032 1137 contemnendae,
1065 1060 1204 1133 videndi
1232 1084 1320 1123 sensus

85 1173 112 1217 et
133 1161 178 1218 vis
196 1178 252 1236 qua
271 1156 403 1217 visibiles
425 1156 583 1234 luntres,
600 1162 671 1241 jugo
688 1159 815 1239 quodam
834 1158 955 1219 alierum
978 1159 1118 1217 omnium
1150 1163 1319 1239 conjunctio

86 1278 155 1316 num
173 1254 356 1315 honoratiore
382 1256 502 1332 junctae
530 1273 615 1317 sunt:
638 1260 694 1319 nisi
715 1257 928 1319 contemnenda
952 1277 997 1315 res
1024 1257 1080 1316 lux
1108 1258 1163 1319 sit.
1179 1286 1216 1297 ·-
1245 1262 1319 1339 Atqui

82 1355 207 1415 multum
226 1352 325 1426 abest,
347 1365 379 1409 ut
397 1373 442 1411 res
459 1354 497 1413 sit
518 1356 783 1417 contemnendu-
804 1358 897 1431 Quem
933 1375 1003 1415 vero
1033 1356 1231 1436 potissimum
1258 1359 1318 1417 Deo·

83 1475 147 1512 rum
167 1451 333 1510 coelestium
351 1449 438 1526 hujus
458 1453 500 1509 rei
520 1474 647 1513 caussam
669 1470 753 1536 putas
763 1500 771 1529 ‚
793 1457 875 1532 cujus
893 1454 992 1512 lumen
1010 1452 1131 1529 efficit,
1157 1468 1239 1515 utet
1254 1458 1318 1516 visus

83 1564 180 1609 noster
198 1568 283 1628 quam
302 1548 408 1627 optime
428 1547 528 1608 videat
548 1565 576 1610 et
596 1552 689 1612 oculis
708 1552 820 1631 objecta
847 1553 1030 1613 cernantur?
1050 1584 1084 1595 -
1116 1554 1218 1627 Quem
1247 1568 1274 1615 et
1294 1568 1318 1612 tu

81 1662 165 1728 putas
183 1660 212 1705 et
230 1644 351 1704 caeteri:
374 1644 462 1704 solem
482 1648 593 1709 scilicet
612 1649 742 1709 dicis-
763 1653 866 1710 Nonne
887 1651 928 1708 sic
948 1648 986 1707 ad
1009 1648 1092 1709 hunc
1126 1652 1228 1713 Deum
1254 1652 1318 1713 visus

82 1766 111 1805 se
129 1744 287 1804 habetl-
306 1742 525 1817 Quomodol-
547 1748 605 1806 Neo
636 1749 716 1808 visus
740 1748 820 1829 ipse,
842 1766 943 1827 ¹neque
962 1744 1015 1821 id,
1047 1747 1098 1805 cui
1122 1747 1225 1824 inest,
1253 1746 1318 1828 quod

80 1843 198 1903 oculum
217 1862 370 1916 vocamus,
399 1830 482 1920 ἥλιος
510 1857 607 1903 est.-
628 1846 692 1905 Non
724 1858 820 1904 est.-
841 1842 898 1903 Sed
925 1863 984 1903 esse
1017 1843 1118 1903 visum
1145 1844 1238 1905 credo
1262 1864 1317 1927 prae

84 1941 205 2001 caeteris
226 1941 360 2002 sensibus
379 1929 624 2022 ἤλιοτιδέοτιιτον.
635 1970 667 1979 -
689 1942 727 2001 Et
746 1942 869 2003 maxime
889 1940 1064 2021 quidem.-
1082 1942 1199 2002 Nonne
1215 1956 1245 2003 et
1260 1942 1317 2015 siu,

80 2060 166 2118 quam
184 2039 290 2115 habet,
311 2061 348 2109 ex
367 2063 400 2102 eo
422 2043 601 2126 depromtam
621 2056 649 2101 et
668 2041 749 2120 quasi
779 2037 1122 2101 derivatamhabetl—
1155 2041 1316 2101 Prorsus.-

26 2142 33 2157 '
80 2138 184 2196 Nonne
204 2137 247 2195 sol
266 2139 352 2197 etiarn
371 2140 451 2200 visus
468 2141 586 2220 quidem
605 2160 665 2199 non
687 2151 747 2212 est,
769 2136 838 2211 sed,
859 2156 925 2195 cum
944 2155 1043 2195 caussa
1062 2137 1131 2221 ejus
1151 2138 1212 2213 sit,
1241 2138 1316 2197 abeo

78 2233 142 2319 ipso
161 2236 408 2316 conspiciturl-
428 2236 475 2296 Sic
494 2239 639 2333 plane-
663 2234 777 2298 Τοῦτον
796 2231 895 2295 τοίνυν
909 2225 1048 2314 odiosior
1070 2226 1173 2313 λέγειν
1193 2228 1250 2297 τᾶν
1267 2238 1316 2305 toi

80 2326 231 2413 οἶγοιθοῧ
247 2326 385 2413 ἔκγονον,
408 2327 443 2394 ὃν
463 2325 602 2415 τοίγοιθδν
624 2330 778 2418 ἐγέννησεν
799 2329 941 2415 ἀνάλογον
958 2327 1071 2419 ἑαυτῷ,
1093 2325 1117 2395 d'
1141 2332 1233 2421 elneq
1252 2330 1316 2399 usui

80 2430 113 2493 ἐν
134 2430 179 2517 τῷ
199 2431 298 2519 νοητῷ
316 2426 402 2519 τόπῳ
423 2429 502 2517 πρός
522 2458 553 2497 τι
575 2437 646 2499 νοῦν
666 2434 716 2498 eoi
735 2431 773 2497 vd
794 2428 956 2515 νοούμενον,
982 2435 1073 2497 τοῦτο
1093 2435 1212 2507 τοῦτον
1232 2437 1315 2523 ἐντῷ

79 2528 182 2621 ὁρατῷ
201 2528 277 2618 πρός
296 2556 329 2596 τε
351 2530 426 2613 ὄψιν
445 2533 542 2599 καὶτὰ
556 2532 703 2621 ὁρώμινοι·
716 2542 796 2599 lune
809 2546 914 2620 igiter
923 2558 1085 2599 meooeore
1103 2542 1211 2603 doni
1226 2544 1315 2619 filique

79 2640 190 2713 dicito,
222 2660 309 2717 quem
339 2641 482 2701 lenum
501 2650 707 2723 progenuerit
733 2638 917 2698 consimilem
940 2638 997 2695 siti
1025 2636 1083 2697 leae
1102 2646 1253 2717 ratione,
1271 2650 1313 2713 iti,

79 2739 156 2817 quod
174 2744 275 2813 ipsum
295 2746 340 2799 eti
357 2744 392 2801 in
412 2742 522 2811 mundo
541 2741 736 2823 intelligibili
762 2738 802 2795 od
820 2736 1010 2793 intellectum
1037 2744 1070 2792 et
1086 2738 1313 2820 intelligibilia,

78 2838 113 2905 id
129 2836 183 2892 ille
200 2841 243 2893 sit
259 2842 294 2893 in
310 2839 467 2913 spectabili
493 2842 604 2899 mundo
622 2841 663 2898 od
683 2845 783 2897 νιίιινι
810 2844 840 2893 ei
867 2833 1099 2910 spectabilio.-
1119 2834 1194 2909 Qu'o
1220 2838 1313 2919 paetol

79 2933 198 3014 planius
217 2931 250 2990 id
268 2932 438 3013 explica-
458 2936 565 3012 Oculi,
587 2950 619 2997 ut
635 2936 764 3008 novisti,
796 2932 848 2991 ubi
865 2932 932 3011 quis
950 2951 997 2997 eos
1024 2950 1088 2989 non
1118 2932 1163 3001 etl
1193 2954 1227 2997 ea
1252 2956 1312 2995 ooo·

80 3029 216 3100 verterit,
237 3049 361 3108 quorum
379 3031 489 3093 colores
509 3033 616 3097 diurna
637 3035 690 3093 lux
710 3032 849 3105 illustrat,
869 3028 920 3089 sed
940 3027 978 3087 ad
997 3026 1049 3087 illa
1059 3072 1069 3103 ,
1100 3030 1224 3108 quibus
1238 3036 1311 3093 aliun

81 3126 160 3186 noeti
181 3126 286 3185 similis
304 3126 358 3185 luri
379 3143 440 3204 est,
458 3134 625 3192 coecutiunt
641 3154 673 3192 ac
694 3131 772 3193 ooeoi
793 3130 854 3188 fere
874 3147 934 3186 esse
958 3123 1118 3203 videntur,
1131 3114 1219 3199 'acsi
1245 3133 1311 3193 visus

80 3224 151 3305 ipsis
178 3244 270 3304 purus
298 3245 359 3283 non
385 3226 500 3289 inesset.
519 3256 554 3265 -
574 3230 621 3289 sic
650 3229 767 3290 accidit.
785 3254 821 3264 -
852 3222 982 3300 Quodsi,
1001 3220 1124 3301 oredo,
1143 3227 1187 3287 ad
1207 3250 1240 3291 ea
1256 3241 1310 3289 sunt

80 3321 230 3396 conversi,
250 3320 358 3400 quibus
379 3323 422 3399 sol
442 3324 539 3385 lucem
558 3327 692 3402 affundit,
713 3324 791 3387 clare
810 3336 955 3398 cernunt,
975 3320 1140 3402 iisdemque
1160 3324 1227 3387 illia
1243 3328 1310 3387 ines·

80 3441 110 3481 se
129 3420 248 3481 videtur
266 3421 400 3480 visus-
421 3423 603 3497 Quidnil-
625 3426 759 3487 Sioitem
777 3423 928 3488 demente
946 3420 1061 3507 cogittqt
1093 3420 1149 3489 ubi
1168 3422 1308 3505 adiuti,

81 3516 159 3598 quod
178 3519 284 3581 veritas
304 3532 332 3579 et
351 3508 391 3580 td
422 3514 459 3581 dv
489 3523 635 3599 illustrat,
663 3524 779 3601 intenta
807 3519 914 3594 fuerit,
944 3515 1088 3597 intelligit
1114 3524 1308 3601 cognoscitque

81 3615 115 3674 id
134 3630 162 3677 et
181 3615 251 3677 νοῦν
272 3611 351 3697 ἔχειν
370 3620 506 3699 videtur3
538 3623 586 3681 sin
614 3642 683 3683 vero
703 3620 741 3681 ad
759 3641 792 3679 ea
809 3630 937 3699 spectat,
968 3635 1041 3694 quoe
1068 3616 1208 3678 tenebris
1232 3620 1308 3711 rugia

82 3728 150 3773 sunt
159 3760 168 3789 ,
189 3739 263 3795 quae
281 3719 358 3780 fiunt
374 3734 459 3800 atque
483 3723 652 3795 intereunt,
674 3720 811 3801 opinatur
830 3737 862 3777 ao
880 3714 1022 3789 coecutit‚
1043 3726 1127 3773 nuno
1138 3714 1223 3792 bue,
1241 3716 1306 3777 nunt

81 3810 155 3871 illuc
174 3815 326 3895 opiniones
344 3839 481 3895 versans,
503 3818 662 3899 similisque
683 3837 781 3877 rursus
801 3815 869 3875 νοῦν
890 3807 942 3873 οὐκ
963 3805 1063 3891 ἔχοντι
1084 3814 1306 3877 ese-videtu

83 3911 258 3973 omniuo-
282 3913 382 3976 Τοῦτο
402 3913 500 3977 τοίνυν
521 3909 556 3976 td
577 3909 633 3997 τήν
654 3908 799 3996 ἀλήθειαν
827 3910 963 4001 παρέχον
987 3914 1050 3987 τοῖς
1074 3906 1306 3993 γιγνωσκομένοις

82 4006 131 4075 ital
153 4007 200 4095 τῷ
223 4010 411 4095 γιγνώσκοντι
439 4012 496 4100 τήν
528 4011 656 4096 δύναμιν
681 4012 838 4092 οἷνιοδιὸὁν,
856 4006 922 4098 τήν
949 4012 1014 4079 τοῦ
1038 4006 1195 4095 σ’γνθοῆ
1220 4008 1306 4078 ldl‘ot

83 4102 164 4189 φάθι
179 4105 266 4189 εἶναι,
283 4111 569 4200 ὠςγιννωσκομένην
590 4117 647 4198 μὲν
667 4114 717 4180 diti
737 4120 803 4198 νοῦ,
820 4116 917 4180 ον’τὰνν
936 4112 965 4179 d'
978 4108 1151 4198 ἐπιστήμης
1162 4108 1305 4183 olom&

81 4205 234 4294 ἀληθείας
258 4218 288 4301 l)
308 4224 360 4280 lroo
381 4224 504 4302 igituir,
526 4224 603 4299 quod
619 4231 661 4281 iio
678 4244 754 4300 quoe
772 4230 995 4303 cognoscuntur
1013 4224 1203 4297 instarem,
1231 4230 1261 4301 e!
1282 4223 1304 4277 ei

117 4402 142 4467 1)
161 4405 243 4459 loeus
260 4411 286 4459 in
302 4409 380 4461 codd.
400 4410 437 4461 sio
455 4410 596 4477 legitur—
621 4388 703 4477 odsi
718 4390 806 4469 εἶναι,
821 4392 917 4457 αἰτίαν
934 4387 962 4454 d’
977 4382 1147 4473 ἐπιστήμης
1160 4382 1252 4453 οὖσαν
1265 4390 1302 4453 eoi
