2796 5048
677 211 716 269 bb

80 390 121 436 est
135 397 167 434 ac
186 376 302 435 virtutis
320 375 401 433 ratio.
445 373 615 451 Quicunque
651 372 775 451 aliquem
802 372 872 430 colit
895 373 948 431 hae
970 394 1038 452 spe,
1060 387 1091 430 ut
1110 394 1174 451 equs
1196 395 1311 457 eqnsue·

78 475 190 552 tudine
208 473 309 532 melior
336 472 387 530 liat
415 485 443 530 et
472 471 647 551 sapientior,
673 470 817 538 laudatur.
870 470 1026 542 Similiter,
1056 472 1105 549 qui
1136 471 1314 565 gratificatur

79 573 180 646 alteri,
201 585 232 630 ut
251 569 289 629 ad
309 571 444 629 virtutem
462 569 611 649 proficiat,
626 569 757 660 quamvis
776 568 823 628 vel
842 569 949 628 serviat
962 570 988 627 ei
1003 583 1122 650 sponte,
1138 583 1239 629 tamen
1257 592 1312 633 nou

80 667 297 748 indecoralejus
315 668 438 727 habetur
456 669 587 726 servitus.
615 667 670 724 Hie
690 680 732 725 est
749 667 875 736 Urau'ae
893 669 968 726 Deae
987 670 1086 740 Amor,
1104 667 1240 727 coelestis
1256 668 1313 750 ipse

78 783 106 829 et
124 769 246 851 maxime
265 765 457 826 aestimandus
474 780 535 824 tum
554 764 676 844 singulis
695 778 756 824 tum
778 765 935 824 universis:
958 778 1187 839 namamantem
1208 767 1313 848 pariter

79 882 107 927 et
118 854 250 927 ‘amatum
271 865 308 924 ad
326 865 462 924 virtutem
482 862 581 937 ducit;
604 863 708 921 caeteri
726 863 873 942 vulgarem
894 878 1052 942 sequuntur
1072 865 1194 925 Deam.»
1212 862 1243 943 1)

119 965 199 1024 Talis
217 978 276 1037 est,
298 984 381 1043 quem
401 963 482 1021 Plato
500 960 657 1021 celebravit
666 1006 675 1034 ,
695 982 790 1020 amor:
808 982 861 1020 nee
877 963 1027 1040 quisquam
1045 963 1114 1022 haee
1134 962 1226 1031 facile
1244 963 1313 1043 lege

78 1065 134 1139 rit,
155 1064 227 1142 quin
247 1077 359 1121 nostrae
378 1058 497 1121 rationis
516 1072 543 1116 et
562 1060 695 1137 antiquae
714 1058 870 1119 discrimen
890 1058 1110 1121 animadvertat.
1149 1064 1316 1123 Aceommo

80 1163 188 1222 darunt
205 1183 270 1241 eum
288 1160 354 1220 Itali
374 1164 473 1241 poetae
491 1155 528 1215 ad
550 1156 737 1216 celebrandas
760 1171 866 1216 amatas
885 1180 948 1217 suas
957 1204 965 1233 ,
988 1173 1015 1217 et
1034 1160 1223 1240 profecerunt
1242 1159 1314 1221 inde

79 1260 199 1320 mirifice
219 1259 296 1319 ethi
316 1272 343 1316 et
362 1256 414 1315 alii
433 1255 517 1313 multi
538 1253 576 1312 ad
594 1255 796 1335 exprimendos
813 1276 900 1336 puros
919 1270 947 1315 et
964 1257 1101 1317 sublimes
1124 1272 1152 1317 et
1178 1258 1318 1318 coelestes

80 1359 151 1419 adeo
172 1359 332 1418 animorum
351 1375 449 1413 sensus
459 1399 467 1428 ,
490 1373 535 1412 eos
553 1353 718 1461 praesertim
728 1398 736 1427 ‚
757 1354 807 1432 qui
824 1354 934 1434 puriori
954 1357 1148 1417 ¹convenirent
1166 1356 1317 1437 religioni.

79 1458 136 1517 Sed
156 1477 235 1515 amo1
253 1452 331 1535 apud
360 1452 527 1525 Platonem,
548 1451 679 1529 quamvis
704 1451 789 1541 ipse
788 1450 917 1510 eoelestis
944 1467 973 1512 et
995 1455 1103 1534 pariter
1129 1455 1257 1516 tendens
1280 1456 1320 1517 ad

80 1558 168 1617 vitam
187 1554 300 1663 beqtggp
323 1565 351 1609 et
375 1550 540 1623 coelestem,
570 1548 609 1608 ad
630 1549 906 1626 philosophiam
927 1553 1053 1632 pertinet
1081 1555 1236 1662 proxime,
1256 1577 1320 1615 non

81 1654 118 1713 ad
137 1642 314 1743 religionglo.
364 1647 466 1708 Studet
494 1649 639 1707 sanctitati
666 1648 811 1726 integrae,
833 1647 883 1707 sed
912 1671 990 1709 amor
1019 1665 1060 1710 est
1090 1653 1207 1762 proprie
1236 1654 1337 1736 veti„

80 1753 169 1824 honi,
191 1724 379 1823 virtutis,1n
394 1748 494 1828 primis
515 1746 681 1828 sapientiae.
703 1737 899 1824 Φρόνησις,
914 1749 955 1807 ait
973 1749 1117 1824 Socrates
1139 1752 1161 1808 'si
1183 1753 1319 1834 conspici

80 1848 284 1909 amortalibus
307 1859 418 1927 posset,
440 1843 624 1904 admirabiles
654 1846 698 1905 sui
724 1848 862 1906 excitaret
887 1868 1003 1907 amores.
1026 1845 1058 1928 2)
1078 1849 1177 1928 ltaque
1201 1850 1320 1911 amabat

79 1948 131 2007 ille
151 1947 363 2019 adolescentes,
385 1945 416 2002 in
435 1964 555 2023 quorum
574 1944 700 2023 ingeniis
721 1944 809 2004 latere
830 1937 1011 2028 φρόνησις
1032 1947 1179 2007 videretur
1189 1993 1198 2022 ,
1221 1948 1319 2028 {quani

80 2048 113 2104 in
131 2032 223 2105 lucem
241 2043 398 2126 producere
417 2041 572 2101 miscendis
591 2042 773 2102 sermonibus
791 2047 932 2108 studebat.
974 2052 1033 2110 Hos
1053 2039 1201 2106 παιδικά
1229 2068 1320 2108 voca-

85 2144 135 2204 bat
149 2165 212 2218 sua,
232 2161 383 2219 eorumque
399 2142 549 2201 inanimis
570 2132 720 2217 ἀντέρωτα
740 2144 897 2220 excitabat,
913 2162 944 2206 ut
962 2148 1055 2228 ipsum
1078 2160 1206 2208 amarent
1227 2148 1319 2209 vicis

79 2244 132 2301 sim
161 2256 297 2318 tanquam
326 2231 454 2318 incertia
481 2260 573 2300 suum.
611 2234 649 2300 Ὠ
669 2243 791 2318 γενναῖε,
822 2242 895 2303 dicit
916 2246 1062 2306 Alcibiadi
1079 2245 1317 2319 adolescentulo,

78 2338 225 2420 nalupyoai
245 2331 305 2420 ἄρα
327 2332 344 2399 ὁ
367 2335 441 2418 ἐμός
463 2334 539 2416 ἔρως
560 2336 646 2424 οὐδὲν
667 2339 783 2415 διοίσει,
804 2340 828 2402 εἰ
847 2337 928 2422 παρά
944 2339 1202 2419 auctoramentum
1219 2340 1319 2427 ἔρωτα

78 2436 257 2522 ιῑπόπτερον,
279 2434 338 2501 ὑπο
359 2435 466 2503 τούτου
487 2436 572 2503 πάλιν
593 2438 814 2524 θεραπεύοιτο.
836 2443 867 2525 3)
897 2447 978 2505 Idem
1006 2463 1046 2506 est
1068 2447 1117 2507 hie
1135 2469 1216 2507 amor
1231 2456 1244 2522 ‚‘
1260 2469 1317 2528 quo

79 2546 267 2626 Pythagoram
287 2543 456 2626 Pythagorei
485 2546 564 2605 ethi
592 2560 678 2607 semet
707 2548 834 2627 invicem
861 2545 1124 2626 prosequebantur:
1147 2544 1246 2620 idem,
1266 2549 1316 2626 qui

80 2647 112 2703 in
130 2643 215 2702 rebus
234 2642 361 2723 politicis
379 2643 417 2703 ad
431 2643 631 2725 prudentiam,
653 2645 685 2703 in
701 2644 875 2704 militaribus
894 2642 932 2702 ad
949 2642 1167 2719 fortitudinem,
1183 2638 1217 2703 in
1237 2646 1315 2707 omni

81 2743 157 2803 vitae
177 2762 279 2822 genere
296 2741 333 2799 ad
348 2742 484 2801 virtutem
497 2743 622 2803 ducebat
640 2757 668 2802 et
685 2743 872 2825 sapientiam:
895 2741 1025 2802 diversus
1040 2763 1107 2800 sane
1121 2743 1315 2825 maximopere

80 2864 95 2900 a
121 2841 309 2899 foeminarum
336 2861 448 2914 amore,
478 2862 598 2919 quocum
627 2840 770 2901 conlundi
799 2841 878 2901 solet.
906 2838 937 2920 l)
975 2839 1216 2899 Excludebantur
1244 2841 1313 2901 adeo

80 2939 240 3012 foeminae,
262 2938 361 3018 paucis
381 2951 492 2997 tantum
511 2941 646 3020 exceptis.
689 2939 747 2997 Nec
772 2959 840 2997 vero
859 2939 912 2997 hae
930 2959 1037 3019 paucae
1056 2952 1138 2998 erant
1157 2939 1312 3014 formosae,

81 3050 113 3095 ut
132 3037 238 3095 lormae
255 3036 434 3116 potissimum
452 3037 698 3096 commendatione
715 3035 819 3116 dignae
838 3038 1071 3097 existimarentur
1093 3058 1165 3116 quae
1185 3053 1310 3099 amarem

83 3148 110 3192 et
126 3147 305 3208 amarentur,
325 3120 379 3192 *t'ed
397 3155 468 3211 quae
489 3135 606 3214 ingenio
624 3148 801 3214 praestarent
820 3149 848 3194 et
867 3136 1024 3216 sapientiae
1048 3135 1206 3196 studerent.
1247 3136 1312 3197 Erat

84 3232 251 3291 lere-unice
271 3233 488 3290 adolescentum
508 3254 602 3305 amor,
623 3229 828 3314 nutdapuort'u,
848 3254 968 3313 quorum
987 3235 1094 3314 quippe
1114 3247 1216 3294 natura
1235 3235 1309 3295 etin·

82 3329 161 3389 doles
181 3330 286 3409 magis,
315 3351 399 3408 quam
426 3331 633 3407 foeminarum,
663 3334 701 3392 ad
726 3356 825 3393 verum
842 3332 1075 3412 inquirendum,
1105 3332 1142 3392 ad
1169 3334 1310 3425 doctrinas

116 3606 141 3674 1)
159 3575 240 3676 Syma.
258 3607 316 3660 180.
335 3609 363 3661 G.
378 3641 409 3648 —-
425 3610 481 3664 183.
497 3611 524 3664 C.
543 3613 581 3668 De
595 3615 695 3668 Venere
710 3616 810 3686 vulgari
825 3623 851 3665 et
865 3614 973 3665 coelesti
986 3613 1037 3663 vid.
1052 3612 1208 3664 Plutalmut.
1218 3613 1353 3666 toas-

85 3694 123 3747 Cf.
150 3693 208 3745 762.
227 3693 257 3744 Α.
279 3696 320 3746 ubi
343 3696 374 3747 ab
394 3696 529 3766 Aegyptiis
552 3700 617 3752 hane
635 3701 776 3754 doctrinam
790 3701 890 3768 repetit.
926 3699 989 3749 Hine
1008 3700 1116 3749 maxime
1133 3706 1218 3765 patet,
1248 3714 1353 3768 quo-

83 3780 161 3832 inodo
176 3778 266 3832 Graeci
280 3783 413 3834 orientalia
425 3783 457 3835 ad
471 3783 541 3838 suani
551 3787 676 3840 rationem
691 3785 914 3839 accommodarint.
931 3783 968 3835 Cf.
982 3786 1107 3852 lteynders
1117 3782 1149 3834 ad
1164 3783 1190 3834 h.
1203 3784 1222 3836 l.
1234 3800 1260 3852 p.
1273 3784 1352 3836 41,

117 3863 143 3930 2)
162 3866 269 3918 Pboedr.
285 3867 343 3919 250.
360 3868 390 3919 D.
438 3876 440 3880 ⁴

118 3948 144 4016 3)
162 3951 242 4002 Aluit.
261 3953 280 4003 1.
296 3951 353 4004 135
369 3954 398 4004 E.

119 4035 144 4102 t)
163 4037 290 4089 Plutarch.
305 4039 386 4090 Amat
403 4040 501 4093 750..G
520 4027 665 4142 ἀληθινοῦ
687 4033 722 4097 δὲ
736 4030 864 4115 Ἔοοντος
885 4027 987 4094 οὐδ’
969 4032 1067 4094 οπιοῦν
1086 4031 1127 4118 πῆ
1146 4029 1353 4113 γνναικωνίν-

30 4196 37 4206 ,
85 4123 143 4184 τιδι
164 4117 309 4200 μέτεστιν,
332 4119 431 4185 oud*
416 4126 501 4210 εροῖν
522 4119 601 4204 ομᾶς
622 4122 713 4208 ἔγωγέ
735 4150 812 4209 φημι
833 4119 902 4199 τούς
922 4124 1032 4205 γυναιξὶ
1051 4118 1353 4208 προσπεπονθότας

86 4208 295 4296 ἦπαρθὲνθις·
330 4229 424 4280 Veneri
441 4229 490 4282 hoc
501 4230 649 4281 tribuebant
662 4240 783 4294 veteres,
807 4246 859 4325 pon
872 4231 968 4292 umori,
992 4230 1094 4314 quippe
1101 4245 1157 4279 cum
1170 4227 1353 4319 voluptati-2

86 4317 134 4368 bus
151 4317 321 4384 conjunctum
359 4297 466 4384 Fonte
503 4325 579 4382 γαρ,
612 4299 737 4384 εοφυοῦς
768 4303 816 4363 καὶ
845 4297 911 4373 νέας
942 4301 1046 4382 ψυχῆς
1075 4295 1243 4381 ἁψάμενος,
1273 4297 1353 4368 tt·-

88 4396 194 4485 οἶοιτήν
215 4397 263 4464 δια
287 4398 383 4483 φιλίας
403 4399 528 4460 τιλιοτᾶ.
