2796 5048
669 158 728 219 too

79 333 155 391 riora
183 328 236 387 illa
266 327 362 387 omnia
390 324 545 385 recolenda
572 326 703 383 animum
732 336 862 383 nostrum
888 322 1019 385 traducit
1047 322 1154 384 denuo.
1192 322 1244 384 Sed
1264 323 1290 383 le

79 429 142 509 ipso
154 430 215 505 jam
231 426 361 485 Platonis
379 425 480 499 effato,
500 422 580 502 quod
599 422 729 483 diximus
739 467 750 497 ,
769 419 840 481 dart
856 421 944 501 operh
963 441 1091 501 agamus.

162 621 218 680 Do
248 624 393 697 effato
423 619 649 694 Platonis,
679 641 755 677 non
785 627 882 676 anta
903 618 1245 694 raluspuhliois

190 723 330 796 sinam
353 721 560 794 saturum
591 717 813 789 malorum,
845 738 965 795 quam
991 723 1209 795 praesint

504 817 605 874 illis
636 816 896 894 philosophi.

33 1088 36 1094 ,
121 1018 209 1079 Haud
235 1013 322 1075 facile
349 1011 471 1093 protulit
489 1011 648 1088 antiquitas
667 1010 859 1085 sententiam,
880 1031 953 1089 quae
972 1023 1106 1083 tantam,
1127 1022 1266 1088 quantam
1284 1008 1314 1065 el·
1350 1028 1354 1037 ·

81 1119 173 1177 latum
199 1115 308 1186 hocce,
334 1108 532 1168 celebritatem
560 1121 644 1167 nacta
672 1109 720 1168 sit.
762 1110 820 1167 Nec
850 1130 919 1169 vero
945 1107 1129 1182 defuerunt,
1157 1108 1210 1185 qui
1238 1126 1317 1186 repre·

81 1213 247 1275 henderent
277 1207 375 1281 illud,
397 1208 455 1265 imo
480 1206 621 1267 riderent.
664 1208 737 1266 Nam
760 1207 894 1286 quamvis
921 1227 1026 1287 magno
1045 1205 1268 1286 philosophiam
1286 1206 1318 1282 ip·

82 1333 143 1371 sam
170 1309 279 1369 honore
308 1304 469 1378 haberent,
501 1317 598 1363 tamen
628 1304 812 1386 philosophis
832 1303 992 1364 concedere
1013 1303 1206 1385 reipublicae
1226 1302 1321 1383 guber·

82 1408 242 1481 naculum,
274 1403 433 1464 ridiculum
462 1423 521 1461 esse
551 1403 697 1482 negotium
725 1402 852 1480 ajebaut.
894 1404 953 1461 Nec
982 1423 1051 1461 sane
1072 1417 1186 1461 temere
1204 1402 1236 1459 iu
1256 1400 1321 1459 bunc

83 1506 201 1565 modum
230 1500 485 1584 pronunciabant,
505 1499 649 1578 siquidem
677 1501 866 1582 philosophos
893 1500 1125 1580 intelligebant,
1147 1521 1212 1559 non
1239 1497 1323 1577 quales

83 1604 165 1663 Plato
187 1600 346 1682 spectavit,
368 1597 419 1656 sed
439 1597 539 1677 quales
558 1597 646 1681 vulgo
672 1598 814 1678 appellari
836 1599 892 1658 boc
918 1599 1036 1658 nomine
1053 1599 1165 1659 solent.
1210 1596 1322 1656 Umbra-

85 1703 137 1760 tici
163 1699 276 1759 scilicet
297 1696 448 1770 homines,
478 1696 529 1774 qui
550 1696 582 1754 in
602 1695 718 1754 scholae
737 1699 880 1777 angustiis
902 1696 1083 1778 disputando
1103 1695 1321 1773 cavillandoque

86 1810 208 1858 aetatem
231 1802 345 1869 terunt,
366 1793 398 1852 bi
423 1792 551 1874 profecto
578 1790 616 1852 ad
645 1792 762 1853 nullum
785 1794 931 1874 negotium
950 1792 1065 1869 minus,
1089 1816 1183 1873 quam
1202 1793 1242 1853 ad
1260 1792 1323 1852 civi-

85 1912 158 1957 tates
183 1893 342 1974 regendas,
363 1893 422 1972 apti
444 1905 522 1950 sunt.
566 1889 623 1950 Sed
649 1890 731 1951 Plato
750 1913 822 1972 quos
846 1892 1028 1952 intellexerit
1048 1890 1265 1973 philosophos,
1284 1911 1321 1949 no·

85 1995 151 2069 bis,
182 1995 214 2051 in
245 1991 395 2051 tractanda
424 1992 486 2067 ejus
513 1989 699 2070 philosophia
729 1992 807 2065 veri,
838 1991 942 2072 patuit.
995 1989 1068 2049 lllos
1102 1990 1267 2071 spectavit,
1283 1987 1322 2066 qui

89 2091 191 2152 indole
221 2088 347 2170 praediti
376 2086 569 2168 philosopha,
608 2108 661 2167 per
689 2088 873 2166 gravissimas
901 2108 1029 2169 quasque
1058 2085 1244 2167 disciplinas
1272 2084 1323 2145 veri

90 2210 185 2250 amore
216 2200 311 2247 essent
341 2186 467 2260 imbuti,
489 2204 643 2262 veramque
673 2185 712 2243 ita
737 2185 864 2245 bominis
890 2200 918 2245 et
938 2188 1075 2246 virtutem
1097 2198 1128 2243 et
1146 2183 1309 2244 felicitatem
1316 2224 1323 2255 ,

88 2308 161 2366 quae
185 2286 309 2347 maxime
336 2296 427 2356 esset,
446 2296 675 2360 assequerentur.
718 2285 776 2342 Nec
805 2306 873 2345 vero
895 2284 947 2344 bos
974 2283 1061 2357 sivit,
1094 2302 1191 2361 quum
1211 2284 1252 2342 ita
1268 2301 1322 2340 eru-

89 2385 244 2456 direntur,
274 2383 306 2440 in
331 2378 442 2437 mundo
467 2378 565 2463 νοητῷ
583 2378 622 2438 ad
643 2380 900 2462 contemplandam
926 2369 1076 2442 veritatem
1105 2394 1252 2461 perpetuo
1270 2400 1323 2439 ver·

90 2480 167 2554 sari,
197 2478 249 2538 sed
278 2478 454 2538 descendere
485 2479 646 2540 identidem
672 2480 704 2538 in
733 2501 851 2560 specum
883 2477 987 2539 mundi
1016 2478 1150 2538 visibilis
1176 2478 1282 2556 jussit,
1300 2488 1324 2533 ut

90 2598 163 2657 quae
192 2576 256 2635 illic
287 2579 501 2658 percepissent,
532 2578 581 2637 hle
608 2579 646 2638 ad
675 2598 720 2636 res
748 2591 859 2638 nostras
883 2579 937 2638 rite
955 2572 1211 2637 administrandas
1229 2595 1322 2635 accom-

92 2675 253 2735 modarent.
298 2675 378 2734 Viris
406 2675 468 2736 illis
494 2677 617 2752 tribuit,
650 2690 682 2735 ut
709 2676 911 2752 meminimus,
942 2696 1008 2735 cum
1037 2672 1111 2733 alias
1138 2674 1255 2755 ingenii
1275 2672 1323 2731 ani·

93 2774 190 2852 mique
218 2772 299 2832 dotes
328 2787 356 2832 et
385 2774 525 2848 virtutes,
551 2789 612 2833 tum
640 2774 726 2833 etiam
747 2788 778 2832 ut
796 2776 918 2854 quisque
937 2792 1035 2835 eorum
1055 2764 1144 2853 prices
1167 2784 1244 2832 esset
1257 2758 1324 2851 μιή·

93 2893 173 2950 μων,
205 2866 361 2952 εὐμαθής,
386 2866 625 2953 μεγαλοπρεπής,
655 2865 794 2952 εὔχαρις,
835 2870 921 2952 φίλος
955 2896 986 2935 τε
1016 2872 1066 2934 καὶ
1094 2868 1240 2955 ξιιγγενὴς
1264 2867 1323 2952 o’lq-

95 2970 200 3047 θείας,
228 2967 431 3055 δικαιοσύνης,
460 2969 594 3055 ἀνδρίας,
623 2966 830 3054 σωφροσύνης.
864 2973 895 3054 1)
948 2976 1110 3057 lneptusne
1140 2977 1233 3058 igitur
1259 2976 1324 3035 Plato

96 3074 174 3146 fuit,
194 3075 245 3152 qui
264 3074 373 3134 talibus
392 3077 482 3151 viris,
498 3076 550 3135 tali
566 3074 682 3150 indole,
703 3075 791 3134 talem
810 3076 842 3134 in
863 3071 980 3133 modum
999 3074 1126 3134 excultis
1146 3070 1184 3134 et*
1195 3076 1238 3135 sic
1255 3073 1325 3133 rebus

97 3171 208 3231 civium
228 3193 344 3230 suorum
363 3173 524 3252 prudenter
552 3174 817 3255 prospicientibus,
839 3173 990 3234 civitatum
1009 3172 1170 3231 rectionem
1188 3170 1324 3231 traderet?

100 3269 259 3350 Expletum
285 3269 340 3328 boc
369 3269 498 3330 Platonis
527 3272 699 3331 vaticinium
727 3270 858 3330 nondum
886 3270 974 3352 plane
996 3283 1057 3343 est,
1078 3267 1131 3329 sed
1150 3270 1233 3349 quod
1247 3273 1324 3329 inter-

101 3388 166 3448 pres
195 3370 256 3446 ejus
286 3366 323 3425 de
343 3368 458 3426 saeculo
477 3369 691 3428 Antoninorum
713 3369 845 3443 notavit,
866 3390 927 3427 non
948 3380 1018 3447 puto
1037 3366 1258 3447 negligendum.
1298 3360 1327 3428 ll

101 3460 192 3544 llyan·
214 3458 286 3547 ὅπερ
309 3462 358 3525 ἐπὶ
378 3454 513 3542 Μάρκου
533 3464 588 3526 rori
613 3460 797 3548 φιλοσόφου,
818 3458 962 3545 βασιλέως
981 3456 1165 3543 Ῥωμαίων,
1186 3462 1289 3548 αἰιὲβη.
1302 3465 1326 3545 l)

19 3556 23 3561 ⁵
101 3567 232 3640 Quadrat
255 3583 331 3627 certe
360 3569 392 3626 in
421 3567 501 3627 illam
532 3568 707 3629 Graecorum
726 3571 977 3646 Romanorumque
996 3582 1140 3645 aetatem,
1161 3571 1243 3650 quod
1260 3564 1327 3651 quasi

102 3664 277 3724 vaticinatus
299 3665 488 3748 philosophus
511 3668 614 3728 fuerat.

103 3855 360 3865 —--.--....—.-..

138 3956 164 4021 1)
183 3960 221 4010 De
238 3961 299 4027 llep.
317 3959 358 4010 Vl.
377 3960 432 4012 48⁷.
455 3961 486 4010 Α.
507 3958 553 4012 Gff.
572 3963 650 4013 Initio
668 3981 692 4028 p.
712 3961 770 4012 219.

136 4042 162 4102 2)
180 4046 281 4095 Sohols‘o
300 4047 326 4095 in
349 4045 414 4096 rm.
441 4047 483 4095 od.
509 4046 611 4098 Ruhnlr.
631 4062 657 4113 p.
677 4047 733 4098 166.
770 4048 807 4098 De
824 4049 872 4099 hoc
885 4047 1001 4100 Platonis
1026 4049 1106 4099 elfato
1123 4049 1180 4099 vid.
1199 4049 1244 4099 De
1261 4048 1328 4100 Gerr

100 4134 174 4182 diotr-
195 4147 220 4196 p.
240 4130 298 4181 161.
335 4129 374 4180 Gl.
394 4131 542 4182 Schleierm.
561 4134 586 4182 in
605 4149 723 4198 prooem.
744 4133 775 4183 ad
795 4136 943 4184 versionem
963 4131 1048 4184 Germ.
1086 4194 1089 4199 ³

633 4299 799 4323 ...ᾁ-
