2796 5048
686 260 745 317 ³72

200 418 493 503 llupudrt'yprutu
515 424 615 498 apud
635 421 857 489 Plutonem,⁴
879 428 954 479 eive
976 423 1018 479 de
1040 424 1240 485 idoalilur.

131 624 203 683 Nam
224 620 329 680 habuit
347 619 380 679 id
398 618 480 678 Plato
497 639 563 677 cum
582 616 704 677 caeteris
716 614 870 675 Socraticis
890 636 1060 691 commune,
1082 630 1118 677 ut
1129 619 1259 701 libenter
1267 627 1324 684 scri·

92 720 190 783 hendo
219 718 311 779 veluti
342 717 475 796 pingeret
494 736 539 774 res
570 715 759 793 hominesque
796 715 924 795 perfecta
950 716 1057 797 specie.
1101 715 1239 780 Socrates
1264 724 1324 803 qnid

43 809 47 814 ⁴
93 819 248 902 pulcrum,
267 814 340 894 quid
357 813 486 888 bonum,
503 812 576 890 quid
593 815 705 890 justum
721 825 807 886 emet,
818 813 999 890 quaesiverat
1014 815 1166 873 maxime:
1179 821 1328 897 quodid

92 929 263 997 quaerentes
282 911 422 991 discipuli
452 914 531 990 ejus,
561 911 694 971 homines
713 923 741 969 et
769 910 886 969 sibimet
909 911 979 990 ipsis
999 925 1028 970 ct
1048 910 1219 975 lectoribus
1235 940 1330 1000 reprae

92 1029 204 1077 seutare
222 1012 319 1072 conati
337 1023 428 1084 sunt,
439 1010 471 1068 in
489 1009 596 1088 quihus
616 1023 644 1068 et
663 1010 791 1068 inessent
812 1008 863 1067 illa
876 1023 904 1069 et
922 1024 1114 1089 apparerent:
1139 1013 1224 1090 quod
1242 1017 1330 1099 inpri-

91 1115 231 1173 miscunt
249 1108 322 1169 utile
342 1120 403 1167 erat
429 1121 490 1166 tum
517 1105 669 1167 laudabile
699 1106 863 1167 consilium.
906 1106 987 1181 Quid
1004 1108 1087 1166 enim
1121 1109 1225 1171 nobis¹
1244 1115 1330 1175 utilius

89 1226 174 1290 atque
194 1210 232 1269 ad
252 1210 390 1266 virtutem
419 1204 659 1291 honestatemque
683 1203 828 1265 efficacius
849 1219 910 1280 est,
940 1225 1026 1284 quam
1056 1207 1203 1288 exempla
1223 1211 1329 1287 hahere,

88 1330 161 1389 quae
180 1307 346 1378 imitemur,
364 1304 519 1382 perfecta?
561 1303 635 1362 Inde
655 1301 873 1361 characterismi
891 1304 923 1361 in
952 1301 1171 1384 Xenophontis
1192 1310 1327 1387 operibus,

88 1405 230 1477 Proxeni,
249 1403 319 1481 Cyri
334 1400 477 1474 minoris,
507 1399 611 1460 divina
639 1401 794 1481 praecipue
815 1402 937 1480 perfecti
965 1402 1042 1481 regis
1068 1402 1101 1459 in
1132 1404 1266 1479 ejusdem
1281 1410 1327 1489 cy.

91 1502 229 1584 ropaedia
247 1498 373 1577 effigies:
397 1497 505 1558 deinde
527 1499 607 1579 apud
628 1499 778 1558 Platonem
799 1514 827 1558 et
847 1499 994 1559 Phaedrus
1011 1491 1109 1559 illeo‘
1136 1490 1329 1581 pddtuioget

89 1603 261 1664 Theaetetus
281 1589 300 1656 ὁ
322 1591 500 1678 φιλομαθής
520 1595 570 1658 καὶ
598 1589 684 1677 φύσει
717 1590 900 1678 φιλόσοφος,
920 1611 949 1657 et
967 1619 1036 1661 vero
1060 1600 1204 1665 Socrates
1225 1606 1257 1667 in
1281 1610 1328 1685 eju

89 1690 279 1761 Phaedoned
302 1695 421 1770 δίκαιος.
466 1701 608 1780 Imagines
628 1699 682 1758 hae
700 1713 769 1758 sunt
784 1701 930 1777 juvenum
959 1696 1061 1758 minio
1080 1722 1117 1760 τε
1141 1701 1196 1763 καὶ
1216 1700 1327 1786 dyoooir,

90 1814 118 1858 ct
137 1820 205 1859 vero
232 1800 362 1861 virorum
388 1797 596 1858 excellentium
623 1796 781 1877 perfectae:
803 1797 910 1876 quihus
930 1797 1012 1858 Plato
1042 1802 1180 1865 maxime
1201 1806 1327 1888 fingendis

88 1898 185 1977 ipsum
201 1898 337 1979 pulcrum
351 1898 536 1974 bonumque,
557 1909 618 1954 tum
634 1897 744 1972 justum
765 1897 927 1975 exprimere
943 1897 1068 1960 studuit.
1114 1902 1158 1963 Et
1179 1926 1248 1966 vero
1264 1906 1325 1967 Cice
1356 1890 1358 1895 Ι

87 2016 139 2069 ro,
161 2008 193 2053 ut
212 2008 332 2055 testatur
351 2017 403 2076 pro
421 1994 529 2054 Archia
550 1992 670 2066 dicens,
691 1991 794 2052 lubens
814 1993 870 2053 sibi
889 1994 1144 2074 praeclarissimos
1163 2001 1324 2063 homineroh

88 2094 186 2153 oculos
206 2114 313 2175 ponere
335 2094 463 2153 solebat:
488 2091 730 2170 Quammultas,
749 2091 865 2167 lnquit,
887 2093 972 2152 nobit
991 2101 1323 2177 imaginu‚nonudm

85 2193 125 2250 ud
153 2193 350 2265 intuendum,
381 2198 599 2248 rerurrectione
626 2190 666 2245 ad
691 2190 894 2263 imitandum,
917 2193 1184 2266 fortissimoruns'
1203 2210 1321 2259 riman

93 2310 249 2366 repressus
279 2297 441 2365 scriptores
461 2298 490 2346 et
514 2287 663 2344 (irasciet
677 2285 787 2344 Latini
807 2289 1025 2365 reliquerunt!
1049 2315 1153 2371 quae
1174 2320 1236 2379 ego
1251 2298 1322 2357 mill

89 2393 287 2464 comperiri
315 2386 624 2445 administranda
649 2387 843 2461 republica
863 2408 1093 2466 proponam,
1116 2403 1320 2456 animumn

87 2493 243 2542 mantem
261 2506 371 2544 meum
390 2493 473 2561 ipsa
498 2492 722 2565 cogitatione
739 2476 927 2543 'dominum
947 2488 1231 2553 excellentium
1257 2515 1319 2553 cor·

77 2584 326 2658 formabam.
342 2580 372 2663 l)
402 2585 477 2643 Tum
487 2604 555 2644 vero
577 2583 619 2642 M.
639 2583 776 2643 Catonem
795 2603 973 2658 memorans,
995 2608 1053 2663 quo
1072 2611 1203 2669 omnes,
1223 2593 1317 2671 inquit,

87 2689 141 2759 qui
169 2683 278 2740 iisdem
297 2684 385 2740 rebus
405 2684 579 2756 studemus,
600 2689 688 2759 quusi
706 2683 933 2757 erarnpluri,
952 2683 991 2741 ud
1010 2687 1216 2750 industrium
1241 2700 1317 2750 virtr-

84 2789 201 2857 tamqua
221 2781 374 2840 ducimur.
386 2777 417 2859 2)
438 2780 520 2840 Idem
538 2800 607 2840 vero
627 2778 911 2855 CiceroISocraticos
930 2779 997 2838 illos
1018 2785 1182 2868 principes
1201 2789 1315 2860 imitatus

84 2878 193 2957 quippe
203 2879 253 2955 qui
264 2898 322 2937 esse
332 2878 491 2957 haberique
502 2878 664 2937 Socraticus
675 2892 703 2936 et
713 2878 879 2936 Platonicus
891 2879 999 2955 voluit,
1018 2885 1136 2961 pariter
1146 2889 1267 2968 perfecti
1275 2907 1314 2945 no-

86 2974 133 3033 bis
141 2977 261 3034 oratoris
272 2974 396 3056 effigiem
405 2977 632 3057 repraesentavit
643 2976 808 3036 scribendo.
835 2978 930 3056 Atque
940 2979 1048 3059 optime
1059 2985 1202 3061 profecto
1210 2984 1266 3045 illi:
1275 3003 1312 3043 net

86 3072 344 3151 reprehendendus
352 3075 384 3134 in
396 3095 428 3133 eo
438 3076 520 3135 Plato
531 3089 586 3148 est,
597 3066 690 3154 qhod,
702 3089 734 3133 ut
743 3095 837 3155 regem
847 3076 1007 3156 perfectum
1017 3076 1210 3163 Xenophon,
1219 3085 1312 3164 itaptt·

90 3171 179 3228 fectos
197 3171 258 3250 ipse
286 3172 467 3252 reipublicae
493 3172 699 3252 gubernatores
727 3171 896 3254 descripsit:
934 3173 1120 3237 laudandum
1151 3194 1253 3241 contra
1267 3181 1310 3258 eju

86 3267 266 3347 propositum
284 3281 325 3327 est
344 3268 584 3349 vehementerque
603 3270 806 3351 probandum,
827 3292 917 3350 quum
935 3273 967 3332 iu
987 3274 1198 3357 descriptione
1214 3280 1310 3357 illaqr

85 3366 171 3424 timae
190 3365 275 3425 nobis
300 3367 494 3427 institutionis
522 3389 670 3444 normam,
697 3391 754 3446 qua
775 3370 877 3450 optimi
895 3371 928 3430 in
946 3372 1067 3435 civitate
1091 3377 1233 3438 custodes
1247 3390 1309 3455 ttqtt

83 3464 279 3542 magistratus,
299 3466 356 3524 imo
375 3465 438 3526 reri
459 3465 686 3526 informarentur
706 3466 891 3549 philosophi,
910 3469 1054 3548 traderet,
1066 3472 1154 3533 unde
1169 3477 1261 3536 omnis
1273 3492 1308 3531 ac·

84 3575 125 3619 tas
145 3562 269 3641 profecit
287 3561 470 3624 mirabiliter.
514 3564 572 3625 Sed
594 3587 654 3625 non
676 3564 805 3625 substitit
823 3565 872 3643 hle
890 3567 990 3627 Plato:
1022 3591 1085 3629 non
1106 3573 1262 3632 hominen
1275 3591 1308 3630 so·

86 3657 149 3716 lum
170 3661 302 3741 exempla
322 3663 469 3742 perlecta,
490 3663 540 3723 sed
568 3685 676 3722 rerum
701 3665 770 3722 item
790 3662 926 3724 effinxit:
948 3666 1027 3745 quod
1046 3669 1109 3728 Deo
1124 3655 1256 3745 tribuit,
1269 3669 1307 3728 hr-

84 3756 181 3814 buisse
202 3754 287 3816 illum
298 3805 307 3833 ,
329 3781 395 3819 cum
416 3761 559 3821 mundum
580 3761 718 3821 conderet
738 3776 823 3840 atque
844 3762 1010 3839 ordinaret,
1038 3769 1211 3846 perfectum
1227 3765 1306 3828 mundi

77 3847 267 3934 παράδειγμα
285 3858 381 3918 animo
398 3880 554 3939 praesens,
574 3859 626 3934 id,
645 3861 725 3938 quasi
747 3859 826 3919 idem
846 3860 902 3919 sibi
932 3863 1119 3943 contigisset,
1143 3882 1180 3929 ut
1197 3866 1306 3928 similiter

82 3957 225 4036 perfectae
242 3958 370 4017 civitatis
390 3956 537 4036 exemplar
557 3971 653 4016 mente
680 3959 843 4017 intueretur
862 3960 1039 4039 perfectum,
1059 3963 1098 4023 ad
1117 3967 1185 4044 ejus
1207 3965 1304 4048 speeiem

81 4054 206 4114 condere
227 4055 435 4136 rempublicam
456 4055 587 4114 sustinet.
631 4057 692 4114 Hoc
713 4071 808 4120 autem
827 4057 949 4117 humani
970 4059 1089 4121 excedit
1103 4062 1221 4145 ingenii
1231 4057 1303 4122 lacul-

82 4165 181 4210 tatem.

84 4288 338 4302 U--n--m———n--fl

117 4357 139 4421 l)
160 4361 210 4411 Pro
222 4363 319 4412 Archia
333 4378 354 4412 c.
371 4361 395 4411 6.
414 4362 449 4411 Cf.
471 4364 499 4410 dc
511 4363 579 4412 Orat.
602 4360 620 4411 l.
639 4361 667 4419 2,
687 4361 710 4411 6.

114 4441 140 4506 2)
161 4445 195 4494 De
215 4448 274 4514 ldep.
289 4449 307 4494 l.
330 4447 352 4495 l.
