2774 5048
87 400 132 460 illos
148 400 236 462 locum
252 414 341 462 tenet.
372 399 435 473 Quo
455 412 605 479 conspecto
630 399 754 477 «atqui,
775 398 871 476 inquit
890 397 1031 472 Socrates,
1053 403 1175 480 cognovi
1191 389 1276 478 juve·

86 521 145 576 nen,
163 498 292 580 quamvis
312 518 415 557 nomen
437 496 563 556 excidit:
581 496 775 577 Euphorionis
789 509 830 554 est
847 494 942 570 filius,
964 496 1040 570 viri,
1055 519 1072 556 o
1091 501 1198 576 amice,
1217 499 1277 582 pla·

84 619 110 656 ne
123 598 199 673 talis,
219 596 334 676 qualem
361 608 393 654 tu
422 594 501 653 hunc
528 593 714 675 descripsisti.
756 592 813 652 Sed
840 613 908 673 age,
928 593 1007 654 hunc
1027 595 1098 672 jube
1118 597 1202 657 nobis
1228 598 1276 658 hic

83 695 207 755 assidere.»
241 693 326 769 Quod
346 707 377 752 nt
395 692 501 750 fecerat
528 691 694 751 Theodorus
715 691 832 750 nomine
860 692 1051 772 pronunciata
1068 697 1168 774 pueri:
1194 696 1276 756 «huc

82 793 193 869 annino,
215 791 385 864 Theaeteto,
406 789 508 867 adjicit
526 788 672 864 Socrates,
694 789 750 847 hue
770 788 808 848 ad
828 810 879 848 nos
897 789 1000 849 aceede
1011 835 1019 863 ‚
1041 804 1072 849 ut
1093 812 1143 871 ego
1162 807 1276 853 memet·

81 891 152 970 ipsum
174 888 365 971 conspiciam.
412 889 485 946 Nam
512 886 591 946 dixit
618 886 804 960 Theodorus,
837 885 920 946 vultu
949 908 992 945 me
1021 888 1075 947 tibi
1096 889 1276 951 simillimum

79 1009 130 1047 esse.
165 988 362 1046 Veruntamen
383 999 414 1044 ut
430 999 558 1060 constet,
579 1006 646 1044 vere
660 985 714 1044 hoc
733 985 840 1045 dixisse
855 983 1055 1059 Theodorum,
1077 1008 1175 1047 nonne
1193 1011 1275 1068 quac·

79 1085 177 1144 rendum
194 1085 279 1144 nobis
298 1098 358 1158 est,
379 1104 448 1142 num
467 1083 608 1164 pingendi
629 1083 653 1141 is
672 1097 758 1142 artem
779 1095 893 1156 teneat,
923 1085 1038 1143 necne?
1060 1087 1130 1144 Nam
1155 1088 1275 1167 pictoris

80 1197 123 1257 est,
139 1183 171 1243 de
198 1183 298 1243 formis
327 1184 537 1259 formarumque
561 1181 753 1241 similitudine
776 1180 926 1258 judicare,
948 1193 980 1239 ut
1000 1183 1101 1241 musici
1122 1183 1158 1243 de
1177 1186 1277 1245 simili·

79 1281 159 1341 tudine
175 1302 317 1341 sonorum.
358 1281 490 1339 Pictorne
510 1278 596 1359 igitur
619 1292 660 1338 est
683 1278 874 1338 Theodorus?
897 1309 928 1317 -
950 1279 1014 1338 Non
1042 1294 1102 1354 est,
1123 1283 1277 1364 respondet

57 1378 239 1453 Theaetetus,
269 1377 347 1456 quod
360 1379 471 1436 *sciam
503 1377 658 1435 —Nonne
687 1377 871 1457 geometricus
900 1377 1009 1436 etiam?
1024 1386 1068 1424 '—
1089 1379 1127 1438 Et
1153 1382 1275 1440 maxime

79 1477 187 1552 quidem,
208 1499 224 1536 o
242 1475 378 1541 Socrates.
401 1506 433 1515 -
454 1476 556 1534 Nonne
585 1475 653 1532 item
675 1475 880 1549 astronomiae,
901 1475 1114 1553 arithmeticae,
1133 1481 1275 1554 musicae,

80 1576 172 1633 omnino
187 1575 293 1634 artirrm
311 1574 437 1654 peritus,
458 1587 596 1652 quotquot
620 1573 810 1632 institutionis
833 1586 900 1632 sunt
918 1574 1075 1654 propriae?
1097 1603 1128 1614 -
1151 1576 1275 1637 Videtur

33 1696 35 1735 ς
80 1671 132 1730 nihi
149 1673 271 1752 quidem.
282 1708 314 1718 —
325 1671 448 1744 Quando
467 1671 555 1750 igitur
573 1671 697 1751 corporis
715 1684 795 1751 parte
814 1670 910 1750 aliqua
928 1692 981 1730 nos
997 1672 1104 1731 similes
1123 1670 1197 1733 dicit
1214 1677 1275 1735 sive

33 1734 44 1795 l
82 1766 177 1829 laudans
196 1772 257 1830 sive
275 1769 508 1851 reprehendcnS,
529 1791 588 1828 non
608 1789 777 1850 magnopere
797 1769 823 1827 ei
842 1768 914 1827 fides
934 1768 1067 1828 habenda
1087 1784 1145 1847 est3
1172 1773 1274 1850 quodsi

82 1865 202 1944 ingenium
226 1868 391 1929 alterutrius
410 1889 426 1926 a
446 1868 553 1928 virtute
578 1881 606 1925 et
629 1868 768 1948 sapientia
794 1865 973 1941 laudaverit,
995 1888 1093 1926 nonne
1119 1889 1203 1945 eum,
1223 1873 1273 1949 qui

62 2028 64 2033 ,
80 1960 119 2020 hoc
132 1967 252 2041 audivit,
264 1966 410 2026 laudatum
429 1965 514 2025 illum
530 1964 679 2047 explorare
697 1979 821 2046 oportet,
831 1964 952 2024 alterum
970 1979 1064 2024 autem
1079 1966 1161 2026 decet
1178 1983 1274 2028 semet·

33 2102 37 2143 .,
83 2058 150 2137 ipsum
176 2065 325 2124 ostendere
348 2062 616 2144 explorandumque
641 2062 799 2143 praebere?
826 2098 857 2107 -
878 2064 1023 2137 Omnino,
1044 2084 1061 2121 o
1083 2063 1221 2125 Socrates.
1242 2107 1273 2116 -

33 2156 38 2231 l
85 2156 154 2220 Tuum
170 2163 259 2241 igitur
277 2174 337 2234 est,
369 2163 408 2221 mi
428 2161 579 2221 Theaeteto
590 2207 598 2235 ,
620 2160 691 2219 mihi
709 2173 795 2219 temet
812 2160 979 2244 ostendere,
1016 2182 1109 2220 meum
1129 2176 1223 2221 autem
1246 2175 1273 2221 te

81 2260 243 2320 considerare.
285 2261 357 2320 Nam
377 2262 447 2319 scito
458 2306 467 2333 ,
487 2281 553 2319 oum
573 2260 677 2319 multos
696 2281 740 2318 me
759 2281 853 2319 coram
871 2259 1039 2319 Theodorus
1057 2273 1085 2318 et
1102 2258 1227 2340 hospites
1247 2273 1292 2319 et·

40 2346 43 2351 *
81 2353 136 2417 cives
151 2358 330 2432 laudaverit,
358 2360 501 2417 neminem
520 2379 584 2418 eum
603 2371 715 2417 tantum
732 2357 881 2432 laudasse,
902 2372 1042 2436 quantum
1061 2379 1139 2418 nunc
1158 2358 1274 2437 quidem

80 2462 105 2510 lt·
120 2486 147 2497 -
164 2457 267 2517 Pulcre
287 2479 315 2516 se
334 2479 379 2517 res
396 2457 531 2532 haberet,
551 2478 568 2516 o
586 2456 732 2531 Socrates,
754 2459 793 2516 ita
810 2458 834 2515 si
854 2470 941 2533 esset3
964 2457 1014 2516 sed
1034 2457 1117 2532 vide,
1132 2455 1274 2536 numquid

80 2566 114 2624 ptr
125 2556 216 2632 jocum
233 2554 267 2614 id
285 2555 401 2616 dixerit.
424 2600 456 2608 -
477 2556 541 2615 Non
556 2554 605 2613 hic
625 2576 693 2614 sanc
715 2576 774 2614 mos
793 2569 835 2614 est
854 2554 1000 2614 Theodori
1011 2564 1031 2631 5⁴
1042 2554 1093 2613 sed
1111 2575 1184 2633 quac
1202 2576 1274 2614 con-

79 2651 178 2727 cestui,
198 2667 231 2712 tu
252 2674 288 2711 ne
306 2653 515 2734 subterfugias,
536 2667 707 2734 praetexens
723 2673 775 2733 per
793 2653 893 2730 jocum
912 2652 997 2711 illum
1015 2652 1069 2711 hoc
1082 2651 1215 2726 dixisse,
1236 2674 1273 2711 ne

79 2750 151 2807 testari
166 2764 301 2831 cogatur:
317 2774 384 2811 narn
402 2753 452 2832 qui
472 2751 539 2811 falsi
559 2771 623 2809 eum
641 2750 798 2810 testimonii
816 2764 942 2831 accuset,
963 2751 1018 2810 erit
1036 2744 1154 2809 omnino
1173 2771 1270 2825 nemo,

78 2841 112 2902 §td
126 2869 171 2928 age
182 2895 190 2924 ,
202 2851 234 2908 in
253 2852 394 2910 concessis
403 2852 532 2932 persiste.
544 2877 575 2886 -
586 2849 622 2908 ld
638 2869 705 2910 vero
725 2847 885 2928 agendum,
905 2849 929 2907 si
948 2850 987 2908 ita
1006 2848 1061 2908 tibi
1082 2849 1225 2908 videtur.»
1241 2847 1273 2927 l)

77 2936 164 3011 Quibus
188 2946 294 3023 dictis,
313 2970 370 3028 quo
392 2950 480 3029 magis
499 2970 527 3008 se
546 2948 641 3029 palam
668 2947 800 3007 ostendat
819 2947 1003 3022 adolescens,
1024 2962 1103 3027 rogat
1130 2968 1195 3006 eum
1221 2946 1269 3005 So·

77 3052 158 3117 crates,
180 3045 323 3124 numquid
349 3041 386 3105 de
413 3048 583 3128 geometria,
614 3046 650 3105 de
677 3046 866 3119 astronomia,
894 3044 931 3104 de
957 3045 1122 3120 harmonia,
1148 3045 1184 3104 de
1212 3058 1271 3103 arte

77 3143 248 3217 supputanda
275 3165 292 3202 a
319 3143 470 3204 Theodoro
498 3145 643 3205 didicerit.
684 3143 739 3202 Ille
759 3164 826 3203 vcro
853 3157 910 3220 tam
928 3143 1013 3202 simul
1043 3145 1167 3225 ingenue
1188 3164 1271 3204 vere-

77 3235 203 3317 crudeque
222 3254 249 3299 et
267 3241 382 3322 placide
401 3242 568 3323 respondet,
590 3255 635 3316 ut,
656 3262 727 3319 quae
744 3241 780 3300 de
800 3262 832 3301 eo
850 3255 916 3301 ante
934 3241 1051 3300 fuerant
1067 3241 1145 3300 dicta
1155 3286 1164 3315 ,
1183 3239 1271 3322 plane

33 3360 35 3421 ÷
79 3323 120 3405 lpse
135 3333 277 3415 loquendo
297 3340 402 3398 referat
420 3340 627 3421 exprimatque.
649 3342 723 3400 Tum
741 3360 757 3397 a
777 3338 941 3421 disciplinis
956 3360 1084 3398 sermone
1102 3337 1138 3397 ad
1158 3340 1268 3419 sapien·

79 3423 126 3487 tiam
149 3446 177 3492 et
204 3436 352 3496 scientiam
370 3437 519 3513 traducto,
540 3440 652 3519 quaerit
679 3438 715 3498 de
744 3439 864 3497 scientia
890 3437 1035 3512 Socrates,
1056 3436 1127 3516 quid
1153 3437 1269 3496 tandem

33 3548 36 3621 p
80 3519 111 3626 lll-
127 3528 176 3590 ch
192 3533 363 3595 Theaetetus
378 3536 560 3615 geometriam
587 3556 741 3597 memorare
758 3533 882 3615 aliasque
903 3535 1067 3609 doctrinas,
1088 3556 1159 3614 quae
1178 3537 1267 3594 scien·

33 3626 40 3743 ἑκ
80 3627 118 3678 ῑῑᾶθ
133 3643 285 3707 vocantur,
298 3631 424 3693 Socrates
435 3654 502 3706 vero
510 3655 665 3715 reponere:
691 3653 850 3714 «generose
866 3646 898 3692 tu
917 3631 1034 3711 quidem
1049 3646 1077 3692 et
1093 3632 1268 3709 liberaliter,

33 3754 35 3769 ι
80 3710 223 3802 Theaetete,
245 3750 333 3788 unam
349 3747 463 3812 rogatus
479 3733 644 3805 scientiam,
665 3732 769 3790 multas
792 3729 875 3790 nobis
903 3744 930 3789 ct
956 3730 1049 3790 varias
1067 3730 1197 3810 largiris,
1218 3753 1268 3811 ego

80 3828 127 3874 tero
150 3845 226 3900 non,
254 3841 324 3906 quot
352 3829 411 3888 sint
436 3843 466 3888 et
490 3830 591 3910 quales
618 3831 777 3904 scientiae,
806 3829 926 3908 rogavi,
954 3830 1035 3908 quasi
1060 3829 1268 3890 enumerandae
1306 3852 1327 3876 τ

79 3922 147 3978 e⁵⁵011t
172 3924 255 3984 nohis
264 3970 274 4000 ,
294 3925 345 3985 sed
364 3928 425 4008 ipsa
443 3928 563 3987 scientia
580 3927 651 4007 quid
670 3929 733 3988 sit.»
888 4000 889 4004 ἵ

103 4007 202 4083 Quibus
227 4023 368 4084 excitatus
386 4026 579 4102 Theaetetus,
600 4028 695 4086 statim
714 4047 742 4085 se
770 4041 859 4086 totum
887 4040 914 4084 ct
934 4025 1060 4106 explicat
1087 4040 1114 4084 et
1133 4023 1265 4085 ostendit.

78 4101 220 4205 “Quaerere
231 4120 320 4197 mihi,
336 4124 445 4203 inquit,
466 4123 591 4200 videris,
611 4125 756 4199 Socrates,
777 4124 834 4183 tale
852 4123 924 4202 quid
934 4170 942 4200 ,
963 4124 1047 4204 quale
1057 4147 1121 4184 cum
1131 4124 1184 4183 hoc
1194 4144 1266 4181 com-

71 4196 181 4275 militone
204 4239 281 4301 mep,
296 4234 390 4280 tecum
408 4225 589 4304 cognomine,
603 4221 640 4284 de
654 4208 842 4306 potestatibus
860 4224 892 4282 in
912 4223 1089 4283 arithmetica
1104 4223 1268 4301 quaerenti,

69 4323 303 4368 χ,-

87 4401 109 4468 ¹)
135 4425 224 4480 rum.
245 4429 294 4482 rus
314 4432 344 4484 r.
362 4431 392 4483 o.
411 4429 440 4485 c.
