2796 5048
631 220 686 278 189

58 386 116 463 uid
135 381 351 466 appetendum,
381 381 454 461 quid
479 380 668 468 fugiendum,
693 381 830 439 sciamus:
852 400 905 439 nec
925 381 1011 461 friget
1034 381 1211 464 disputatio,
1234 397 1265 443 ut

58 504 77 541 n
93 482 213 543 coeteris
230 479 374 561 plerisque
393 479 496 552 libris,
516 477 567 538 sed
590 479 640 557 qui
659 476 839 537 inducuntur
858 477 1052 558 colloquentes
1070 479 1109 541 de
1129 483 1265 560 gravissi-

58 580 97 641 tis
111 578 160 639 his
176 577 281 653 rebus,
304 579 335 637 ut
354 578 410 637 t‘ert
428 576 578 636 familiaris
596 577 669 636 ratio
686 575 841 648 sermonis,
862 595 926 635 cum
940 578 1030 638 animi
1049 598 1133 638 sensu
1152 581 1264 639 affectu·

58 698 96 739 ne
117 679 280 758 exquirunt
305 676 437 758 singula,
459 689 487 735 et
514 676 593 735 inter
620 673 793 753 loquendum
822 675 951 735 veritatis
977 677 1149 755 virtutisque
1169 698 1264 737 amore

58 776 224 837 notescunt
241 775 411 835 identidem.
455 774 517 833 Hoc
537 787 595 849 est,
617 773 694 853 quod
715 773 902 851 φιλοσοφεῖν,
918 776 1146 851 philosophari,
1167 776 1265 858 appel·

58 872 120 934 tbat
137 874 238 949 Plato,
259 873 391 953 idemque
416 870 528 931 efficere
548 873 582 931 in
606 872 759 932 lectoribus
780 872 933 932 scribendo
958 870 1078 932 studuit.
1120 875 1158 934 Et
1177 896 1244 934 sane
1255 920 1264 950 ,

58 984 73 1032 t
89 970 148 1033 boc
164 985 228 1031 utar
237 1017 246 1048 ,
261 972 325 1050 quis
342 971 439 1051 legens
454 969 653 1051 symposium,
674 985 702 1031 ct
719 973 780 1053 ipse
799 972 878 1050 quasi
896 990 1029 1052 praesens
1043 972 1175 1033 convivis
1189 972 1265 1048 illis,

58 1090 102 1139 un
127 1069 248 1144 eodem,
277 1090 334 1148 quo
362 1068 426 1143 illi,
457 1067 557 1127 ardore
587 1069 761 1144 effervescit,
782 1091 870 1148 quum
898 1089 944 1128 eos
972 1089 1096 1128 amorem
1124 1067 1207 1130 audit
1237 1084 1265 1130 et

58 1186 102 1227 tut
119 1189 188 1228 cum
214 1189 308 1228 amore
331 1165 549 1240 fortitudinem,
575 1166 768 1242 honestatem,
790 1170 911 1229 virtutes
937 1187 1034 1225 omncs
1061 1166 1263 1229 celebrantes?

58 1264 122 1341 trid
139 1266 250 1348 plura?
272 1265 302 1325 si
329 1265 393 1344 quis
419 1285 544 1342 unquam
568 1264 708 1346 scriptor,
728 1266 809 1340 Plato
834 1279 928 1338 certe,
948 1265 1113 1344 quicunque
1136 1264 1266 1329 latebant

58 1384 81 1427 tt
93 1364 232 1426 lectorum
251 1365 356 1425 animis
376 1364 492 1424 virtutis
511 1362 649 1442 igniculi,
669 1363 721 1423 hos
736 1365 849 1445 scriptis
868 1365 926 1423 suis
945 1363 1086 1422 excitavit
1105 1361 1245 1444 aluitque.

82 1460 122 1523 -llt
139 1465 181 1524 sic
200 1464 336 1543 quidem,
355 1461 510 1542 diligenter
529 1461 575 1521 his
594 1462 729 1521 omnibus
748 1460 783 1521 de
803 1462 922 1522 Platone
945 1461 1067 1538 aliisque
1085 1461 1263 1544 dialogorum

58 1561 208 1621 mortuus
227 1561 450 1634 animadversis,
472 1545 594 1620 interius
613 1559 696 1620 nohis
718 1562 878 1652 perspicere
906 1558 992 1632 licet,
1012 1580 1098 1638 quam
1124 1558 1175 1618 ille
1198 1561 1263 1620 Mu-

61 1678 108 1717 stu
129 1661 317 1741 spectaverit,
347 1680 411 1719 cum
435 1679 538 1719 novem
556 1657 694 1718 inducere
714 1660 814 1741 poesin
834 1671 995 1718 conaretur.
1042 1657 1201 1739 Explorarc
1231 1660 1263 1720 id

65 1774 130 1837 apra
145 1759 203 1835 jam
223 1758 387 1838 coepimus,
408 1776 497 1836 quum
523 1755 559 1815 de
580 1758 687 1833 pulcro
715 1757 884 1838 agebamus,
911 1753 940 1834 l)
961 1754 1011 1815 sed
1031 1777 1127 1830 nunc,
1149 1758 1180 1817 ni
1205 1758 1264 1817 fal-

58 1850 112 1929 lor,
127 1876 143 1915 e
158 1855 358 1938 philosophiae
377 1874 449 1935 quae
469 1875 573 1912 ormam
601 1869 708 1936 spectat
733 1857 904 1937 principiis,
925 1853 1041 1935 plenius
1060 1855 1262 1936 intelligimus.

68 1950 115 2013 llou
135 1969 192 2014 erat
221 1956 274 2014 illa
294 1954 421 2014 Platonis
448 1952 532 2011 Musa
561 1952 608 2011 vel
638 1955 744 2014 comica
765 1954 821 2015 'vel
845 1953 969 2032 tragica:
1000 1945 1130 2032 δημώδη
1161 1954 1263 2016 harum

67 2052 178 2112 urucam
198 2053 320 2115 vocabat
331 2077 339 2128 ;
362 2052 412 2112 sed
438 2044 493 2131 τήν
512 2047 652 2131 μεγίστην
676 2053 847 2135 respiciebat
866 2044 1027 2133 μουσικήν,
1048 2057 1114 2140 ¹⁶2⁶·
1137 2053 1262 2136 philoso-

67 2144 144 2227 phlun
167 2151 268 2226 illam,
288 2173 360 2232 quae
388 2174 441 2212 nec
470 2153 584 2234 placere
612 2152 798 2226 hominibus,
828 2175 881 2212 nec
906 2154 1079 2234 gratificari,
1108 2174 1161 2213 nec
1190 2173 1258 2213 vero

66 2242 158 2308 adulari
175 2248 302 2309 studeret
321 2288 353 2296 -
374 2250 422 2310 hic
441 2257 588 2333 poetarum
609 2252 696 2332 vulgo
719 2273 749 2310 ac
770 2250 960 2332 sophistarum
978 2268 1175 2330 oratorumque
1199 2272 1260 2311 mos
1349 2298 1353 2307 .

66 2340 112 2404 fuit
126 2382 154 2393 -
174 2347 224 2408 sed
251 2347 305 2408 hoc
334 2349 391 2409 sihi
417 2349 534 2409 haberet
562 2352 647 2410 unice
670 2352 864 2433 propositum,
892 2365 940 2424 ut,
971 2351 1084 2429 rejectis
1107 2348 1262 2438 inanibus,

65 2460 122 2519 qtae
143 2446 177 2505 ab
205 2447 251 2506 his
278 2448 565 2524 commendarentur,
585 2471 679 2509 rerum
708 2448 886 2522 simulacris,
907 2451 982 2530 ipsas
1000 2469 1044 2508 res
1061 2449 1081 2508 i.
1104 2470 1127 2508 c.
1150 2457 1262 2506 verito-

66 2549 112 2599 ἱππ
126 2545 155 2604 in
172 2545 267 2604 lucem
285 2544 456 2627 produceret
474 2549 591 2628 ejusque
610 2568 703 2608 amore
723 2544 891 2607 incenderet
907 2547 1048 2606 mortales.
1081 2547 1167 2607 Hanc'
1182 2547 1262 2607 Plato

66 2634 193 2704 tramam
214 2644 326 2703 Musam
349 2666 451 2705 vocare
471 2645 599 2719 solebat,
619 2665 703 2723 quam
732 2646 782 2723 qui
812 2643 957 2717 colerent,
978 2646 1039 2704 sive
1069 2644 1262 2718 carminibus,

67 2732 316 2818 decorationibus,
336 2745 397 2804 sive
416 2744 578 2823 cuicunque
603 2742 720 2803 tandem
739 2741 887 2802 scribendi
915 2743 1013 2821 generi
1040 2763 1153 2824 operam
1177 2764 1262 2802 nava·

68 2847 135 2911 rest,
160 2839 211 2899 hos
240 2842 324 2900 unice
353 2841 476 2900 scribere
506 2842 538 2901 in
565 2843 677 2922 generis
704 2841 824 2901 humani
850 2840 1073 2900 emolumentum
1101 2840 1262 2901 contendit.

68 2926 170 3016 Cumque
188 2958 271 2998 nemo
288 2937 382 2998 adhuc
407 2945 556 3021 poetarum
580 2939 824 3020 scriptorumque,
846 2939 882 2999 de
902 2941 963 3017 ejus
986 2939 1147 3013 sententia,
1174 2937 1264 3019 digna

68 3023 106 3087 lte
125 3034 203 3096 Musa
229 3057 314 3118 opera
341 3036 494 3112 edidisset,
515 3037 665 3098 Socraticis
692 3039 753 3119 ipsc
782 3037 960 3098 sermonibus
987 3037 1148 3097 scribendis
1175 3051 1263 3097 artem

67 3129 190 3220 ethndt
213 3135 359 3209 excoluit,
385 3157 457 3214 quae
483 3150 594 3196 tantum
622 3135 790 3216 vulgaribus
816 3136 945 3211 artibus,
972 3149 1114 3215 quantum
1132 3135 1260 3196 Uranius

66 3240 125 3289 mter
141 3234 251 3315 vulgari
269 3235 358 3295 amori
368 3280 376 3309 ,
398 3247 561 3315 praestaret.
592 3233 725 3312 iniquius
743 3234 859 3293 sortasse
877 3233 928 3293 ille
948 3233 985 3293 de
1005 3233 1119 3315 scriptis
1139 3234 1261 3295 aliorum

65 3319 182 3393 ¹ltlt'casse
201 3331 353 3410 videatnr3
370 3332 420 3393 sed
439 3355 508 3408 nos,
525 3354 562 3392 ne
581 3333 614 3392 in
629 3332 690 3413 ipso
701 3330 863 3410 judicando
878 3332 972 3412 iniqui
989 3332 1095 3406 simus,
1116 3330 1149 3391 id
1168 3346 1262 3392 atten-

61 3412 143 3490 lffltus
159 3431 333 3512 diligenter,
353 3431 500 3513 praeclaro
520 3430 644 3491 eundem
663 3431 808 3512 proposito
828 3428 897 3489 haec
915 3439 991 3490 nova
1010 3431 1098 3489 fuisse
1116 3430 1263 3507 molitum,

58 3532 98 3574 ¹⁶⁰
116 3547 182 3590 vero
205 3529 303 3589 fructu
329 3532 391 3610 ejus
417 3529 514 3591 studia
541 3530 672 3590 caruisse.
713 3528 847 3587 Diximus
873 3526 910 3586 de
935 3528 1056 3586 Luciani
1084 3528 1261 3610 aliorumque
1302 3599 1308 3609 ¹

58 3607 232 3704 lfflecorum,
253 3642 315 3688 tum
333 3628 419 3689 etiam
436 3626 473 3688 de
492 3628 639 3688 Ciceronis
657 3627 796 3706 dialogis,
818 3640 867 3701 ut,
888 3625 1020 3686 innituit
1035 3631 1262 3708 comparatione,
1340 3648 1350 3663 ·

58 3721 126 3781 ⁰les
143 3728 318 3806 virtutesque
335 3725 463 3786 Platonis
483 3738 720 3806 cognoscerentur
735 3725 903 3811 accuratius.
934 3725 971 3783 In
988 3745 1045 3803 qua
1062 3723 1262 3804 disquisitione

58 3801 160 3909 l⁰rum
185 3827 253 3887 item
280 3824 360 3885 dotes
385 3825 561 3904 virtutesque
582 3823 804 3906 exploravimus.
846 3819 956 3898 Quodsi
980 3843 1051 3897 nos,
1072 3823 1112 3882 sic
1134 3814 1261 3905 exposita

58 3905 149 4003 *flogi
167 3923 310 3984 Platonici
327 3923 430 3983 nature
440 3969 448 3997 ,
468 3943 552 4003 porro
572 3922 694 3983 velimus
712 3942 863 4002 quaerere,
883 3919 954 4001 quid
973 3918 1021 3979 illi
1037 3918 1076 3980 ad
1095 3922 1262 3982 scribendos

58 4003 170 4102 *logos
188 4020 302 4082 Platoni
321 4020 494 4096 debuerint,
515 4020 595 4081 haud
613 4022 718 4080 frustra
738 4040 804 4079 sane
831 4019 912 4079 hicce
938 4040 1013 4079 nova
1034 4018 1086 4080 illa
1106 4019 1259 4080 scribendo

58 4097 157 4179 ’litus
184 4119 343 4183 videbitur.
388 4118 561 4182 «Credibile
590 4132 649 4192 cst,
672 4121 712 4180 ait
729 4116 990 4199 Wyttenhachius,
1007 4119 1068 4194 jam
1091 4117 1180 4197 ipsius
1197 4116 1259 4177 Pla·

58 4201 118 4271 ¹i⁸
144 4233 234 4279 aetate
262 4220 415 4280 lectionem
439 4220 579 4279 librorum
597 4219 659 4296 ejus
687 4218 895 4298 frequentatam
922 4215 1045 4275 multum
1072 4213 1195 4276 valuisse
1223 4214 1261 4276 ad

58 4336 282 4370 κ...-

68 4406 85 4474 )
122 4434 203 4486 rara,
221 4432 260 4484 vr.
278 4452 302 4504 ρ,
322 4432 370 4492 os,
388 4431 432 4486 es.
