2774 5048
336 1276 409 1341 on
453 1276 684 1344 uuuuo
728 1257 994 1344 rouro·

614 1535 671 1570 stru

210 1753 255 1799 or
285 1754 395 1816 vuar,
436 1731 574 1800 αὐτοῦ
604 1737 682 1799 τοῦ
712 1729 847 1810 ὄντος,
879 1754 1071 1805 sciturus.

501 2116 670 2203 ἡγουμένης
692 2116 733 2202 oq*
755 2116 902 2203 ἀληθείας
922 2118 975 2184 oria
995 2115 1032 2183 dv
1052 2144 1139 2199 ποτε,
1161 2117 1257 2202 οἶμαι,

502 2226 613 2303 φαῖμεν
640 2218 720 2309 αὐτῇ
744 2217 839 2304 χορὸν
869 2223 966 2285 acardo
990 2218 1202 2313 ἀρλουθῆσαι.
1222 2267 1257 2279 -

498 2325 578 2398 Πῶς
597 2318 671 2405 γᾶρς
686 2363 721 2376 -

72 2718 245 2805 Philosophia
267 2737 299 2783 ut
320 2723 376 2783 sihi
395 2736 524 2798 corruet,
546 2722 713 2802 fructusque
733 2722 862 2804 proferat
887 2722 978 2802 ipsius
996 2722 1127 2782 ubertate
1147 2734 1178 2781 et
1195 2742 1253 2781 am·

37 2811 166 2888 Plitudine
194 2820 319 2901 dignos,
350 2821 439 2881 linem
468 2814 573 2879 habeat
599 2839 665 2878 cum
691 2832 804 2878 certum
825 2838 939 2878 neccsse
960 2831 1021 2893 est,
1042 2831 1104 2879 tum
1124 2819 1252 2879 faculta-

37 2907 101 2973 tito
128 2929 248 2976 naturae
284 2918 428 2977 humanae
458 2917 618 2996 studiisque
649 2929 886 2999 consequueum.
938 2914 1025 2989 Quod
1056 2915 1129 2975 licet
1165 2936 1251 2976 nemo

36 3019 145 3089 linquam
166 3016 330 3075 mortalium
349 3017 382 3076 in
402 3015 526 3075 dubium
545 3015 712 3090 vocaverit,
740 3013 861 3073 suerunt
878 3027 976 3072 tamur
995 3012 1076 3072 omni
1096 3034 1168 3074 aevo
1186 3013 1251 3095 phi·

36 3093 149 3188 ¹lltoqthi,
171 3113 222 3191 qui
239 3111 307 3188 vel,
334 3112 407 3192 quid
435 3112 493 3192 ipsi
514 3111 749 3192 philosophando
778 3123 961 3190 spectarent,
982 3132 1043 3171 non
1071 3111 1140 3170 satis
1166 3110 1254 3173 vide-

36 3210 120 3264 ‘ntur
145 3223 310 3290 reputasse,
340 3209 389 3272 vel
413 3210 467 3268 illa
495 3222 675 3289 spectarent,
695 3228 769 3287 quae
796 3209 902 3267 mentis
930 3207 1074 3267 humanae
1102 3207 1255 3268 facultates

36 3308 196 3378 ‘rpemronc
246 3305 447 3387 Philosophari
475 3307 606 3381 scilicet,
626 3307 723 3388 ipsum
748 3326 800 3386 per
820 3325 869 3380 se,
888 3298 978 3366 dulce
1007 3319 1050 3366 cst
1070 3304 1257 3386 philosophis

36 3401 182 3477 ¹itgotium,
221 3393 388 3482 tantamque
422 3404 580 3464 multorum
611 3404 716 3462 animis
748 3402 973 3464 oblectationem
1010 3401 1254 3483 voluptatemque

36 3486 117 3588 fsto,
136 3512 170 3557 ut
188 3500 267 3559 nihil
287 3503 438 3581 requirant
467 3516 624 3583 praeterea.
671 3500 760 3560 Unde
787 3501 988 3576 theoreticae,
1008 3518 1082 3578 quae
1112 3511 1254 3574 vocatur,

36 3596 62 3641 [Π
76 3595 170 3672 primis
189 3606 336 3676 mysticae
354 3598 556 3681 philosophiae
575 3595 803 3671 commendatio,
830 3617 921 3674 quae,
932 3610 1056 3677 praeter
1073 3594 1150 3654 hauc
1172 3615 1257 3655 men-

36 3677 68 3738 fil
86 3693 229 3774 animique
260 3695 497 3770 oblectationem,
528 3697 582 3757 vix
613 3694 709 3754 ullum
739 3693 829 3753 hahet
854 3693 1043 3774 propositum.
1094 3694 1138 3753 De
1166 3692 1256 3752 rebus

36 3788 91 3845 '³¹⁰
106 3793 281 3869 gravissimis
300 3813 454 3873 earumque
472 3793 580 3853 caussis
598 3813 659 3852 non
678 3792 828 3870 inquirere
846 3804 1027 3867 constanter,
1047 3791 1099 3852 sed
1113 3804 1253 3865 statuere,

36 3876 75 3938 *ld
96 3906 132 3948 ex
160 3887 276 3970 tripode
302 3892 515 3972 pronunciare,
545 3890 579 3949 id
608 3890 695 3950 unice
712 3888 851 3949 audaciae
871 3889 1080 3971 superbiaeque
1100 3888 1251 3949 homiuum

36 3980 164 4046 errent.
201 3988 266 4062 Quo
277 3988 410 4065 accidit,
432 4000 464 4047 ut
482 3987 624 4047 derebus
642 3987 756 4049 divinis
774 3985 960 4067 philosophi,
980 3986 1059 4069 apud
1078 3984 1253 4045 recentiores

36 4073 153 4158 huldeni,
184 4085 315 4145 crebrius
348 4088 408 4146 fere
439 4105 472 4143 ac
508 4084 647 4145 subtilius
681 4085 900 4164 copiosiusque,
931 4105 1017 4163 qnam
1047 4082 1084 4142 de
1113 4081 1250 4140 humanis

36 4157 208 4241 domm
236 4203 270 4241 ac
299 4185 472 4243 seutentiam
501 4181 643 4243 dixerint.
684 4181 762 4258 Sed,
791 4197 824 4244 ut
849 4181 1040 4242 facultatibus
1059 4193 1179 4239 naturae
1199 4198 1251 4238 no·

36 4275 106 4350 thro,
135 4279 177 4338 ita
203 4282 308 4340 nostris
339 4281 424 4340 etiam
455 4280 637 4341 naturalibus
657 4280 763 4340 studiis
781 4300 939 4360 congruere
961 4275 1162 4358 philosophiae
1181 4275 1250 4334 finis

36 4357 110 4432 dehet,
152 4376 277 4437 Veritati
305 4378 452 4438 studemus
479 4379 599 4453 naturh,
627 4377 758 4437 sednon
778 4379 875 4436 minus
894 4375 998 4437 virtuti
1008 4418 1030 4449 ,.
1040 4373 1159 4454 fierique
1179 4373 1250 4456 phi-
