2796 5048
656 325 715 383 483

58 478 165 568 ὥσπερ
196 481 225 544 oi
253 481 286 543 iu
312 481 376 544 τοῖν
404 480 536 564 εἱργμῶν
564 483 605 559 εἰς
630 481 669 546 rei
697 479 762 566 λεριὶ
788 479 1076 569 ιίποδιδριίσκοντες,
1107 481 1226 567 ἄσμενοι
1259 488 1309 550 καὶ

59 578 144 649 οὗτοι
171 584 205 647 ἐκ
230 584 292 647 τῶν
321 584 436 665 τεχνοῖν
464 583 632 668 ἐκπηδῶσιν
659 585 700 661 είς
719 581 775 668 την
796 584 992 669 φιλοσοφίαν,
1015 586 1045 649 oi
1065 582 1101 649 iio
1120 585 1308 669 κομψότατοι

60 683 146 764 ὄντες
177 680 350 768 τιηιχάνωσι
380 684 449 770 περί
477 682 516 749 ad
545 681 644 750 αὐτῶν
672 684 803 769 τέχνιον·
835 699 1001 769 conspicati
1028 700 1108 750 onim
1135 693 1309 750 homunculi

60 794 161 853 Mem
191 792 271 848 hauc
300 810 427 848 vacuom
448 793 592 866 fectum,
618 794 795 870 praeclaris
824 812 892 849 vero
910 790 1081 847 nominihus
1098 790 1309 869 dignitateque

60 892 241 962 illustr-M,
272 895 377 946 instet·
403 909 525 964 eorum,
556 897 610 967 qui
639 913 675 948 ee
703 910 836 966 ecoorcere¹
854 889 895 947 ud
911 888 1021 965 templo
1040 888 1245 966 confugiunt,
1267 890 1309 945 li-

61 992 171 1049 unior
196 1009 233 1045 ου
261 987 382 1044 oratus
409 988 449 1045 ud
463 988 683 1064 philosophiam
696 989 887 1067 prosiliunt,
908 994 1050 1065 quotquot
1066 987 1186 1063 quidem
1206 1008 1309 1045 eorum

59 1094 95 1145 in
126 1086 313 1143 uruuuoolo
340 1106 396 1142 suu
424 1086 584 1146 excellunt.
646 1088 719 1145 Nam
744 1085 949 1167 philosophia,
979 1103 1152 1162 quamquam
1180 1084 1221 1143 ita
1250 1105 1311 1143 sese

60 1182 154 1245 habet
165 1230 174 1257 ‚
203 1182 316 1241 artibus
344 1195 441 1242 tamen
466 1184 586 1243 caeteris
606 1182 750 1264 dignitate
769 1204 803 1242 ac
822 1181 1039 1263 magnificentia
1058 1194 1202 1261 praestat3
1224 1202 1311 1260 quam

61 1282 203 1343 affectant
233 1278 384 1361 plerique,
416 1282 519 1340 flaturi
547 1281 666 1360 quidem
695 1281 789 1357 viles,
821 1295 849 1340 et
877 1279 990 1339 artibus
1017 1278 1197 1359 opificiisque
1226 1278 1311 1338 sicuti

61 1377 238 1461 eorporssius
257 1375 346 1453 laesi,
367 1380 408 1438 ita
428 1379 533 1438 animis
547 1400 604 1460 per
622 1380 791 1439 mechanica
815 1379 978 1438 ministeria
999 1376 1084 1436 fracti
1105 1397 1137 1436 ac
1155 1391 1312 1461 torpentes⁸

61 1478 174 1550 Δοκεῗς
204 1467 258 1537 οὖν
287 1496 316 1535 τι
347 1470 499 1557 διαφέρειν
529 1471 637 1551 αὐτους
672 1477 746 1539 ἰδεῖν
783 1471 925 1560 α’ργδριον
955 1468 1143 1558 κτησαμένου
1178 1468 1314 1556 χαλκίοις

61 1576 226 1665 φαλακροῦ
249 1574 299 1637 καί
326 1578 465 1661 σμικροῦ,
493 1576 597 1641 νεωστί
621 1577 679 1659 μὲν
707 1578 740 1643 ἐκ
765 1578 886 1659 δεσμῶν
912 1570 1087 1658 λελυμένου,
1116 1575 1149 1638 ἓν
1167 1575 1313 1663 βαλανείῳ

61 1678 100 1747 δὲ
122 1674 321 1758 λελουμένου,
342 1676 483 1764 νεουργδν
504 1674 622 1760 ίμιίτιον
643 1675 778 1763 ἔχοντος,
810 1674 852 1757 αἱς
872 1679 1004 1762 νυμφίου
1024 1675 1314 1762 παρεσκευασμένου,

57 1778 118 1847 ’διαὶ
144 1779 248 1844 πενίαν
272 1780 322 1843 iot
353 1777 482 1865 ἐρημίαν
508 1783 564 1845 τοῦ
589 1778 736 1847 δεσπότου
762 1776 819 1868 την
839 1777 976 1866 &cyneio
1016 1778 1175 1861 μέλλοντος
1193 1784 1313 1863 γαμεΐν;

61 1909 105 1947 απ
134 1910 253 1957 censer,
278 1909 324 1945 eoo
351 1886 493 1964 adspectu
520 1888 686 1967 quidquam
713 1888 843 1965 differre
871 1909 890 1945 ο
906 1887 1003 1962 fabro
1022 1890 1162 1959 αενανίο,
1187 1886 1315 1942 divitiae

62 1986 193 2065 adepto,
214 1986 298 2043 σσίοο
325 2006 497 2064 paruoque,
519 1994 572 2065 qui
598 1997 635 2043 ut
661 2008 765 2045 recem
794 2009 809 2043 e
837 1986 972 2043 vinculis
998 1989 1076 2040 exiit
1094 1982 1267 2059 balneisque
1285 2003 1315 2040 se

64 2084 150 2145 lonii
180 2092 209 2141 et
238 2105 314 2142 πονο
345 2105 375 2143 se
405 2093 484 2142 nesto
510 2094 658 2163 tunquam
676 2106 817 2161 sponsum
834 2090 975 2155 ornauit,
997 2101 1064 2139 moa
1074 2080 1182 2157 filiam
1201 2064 1316 2138 domini

64 2190 119 2244 eui
131 2227 141 2257 ,
173 2188 281 2261 quippe
308 2187 413 2261 inopia
439 2191 541 2260 pressi
568 2205 622 2241 nac
648 2186 748 2242 ulium
776 2189 827 2240 eui
853 2183 943 2239 duret
969 2180 1125 2254 dedentio,
1164 2183 1316 2236 ducturus

58 2280 141 2342 ait?
162 2306 198 2317 -
217 2276 306 2337 Haud
334 2278 458 2339 multum
487 2280 602 2341 differre
630 2282 774 2341 existimo.
795 2279 974 2354 -Qualem
994 2297 1063 2338 vero
1082 2276 1193 2359 prolem
1212 2296 1249 2334 ex
1270 2276 1316 2334 his

65 2378 154 2439 nasci
179 2375 344 2459 putandum
373 2379 440 2436 estl
470 2400 569 2439 nonne
597 2378 717 2438 notham
747 2392 776 2437 et
804 2377 971 2457 abjectam?
991 2418 1027 2429 -
1047 2376 1167 2435 Necesse
1197 2385 1239 2432 est
1258 2393 1316 2432 om·

65 2475 156 2537 nino.
176 2499 212 2510 -
232 2474 374 2534 Homines
390 2489 487 2535 autem
515 2475 674 2556 disciplina
694 2475 851 2556 indignos,
878 2475 990 2553 quoties
1011 2472 1213 2555 philosophiae
1231 2491 1317 2552 prae-

64 2588 114 2635 ter
153 2571 329 2654 dignitatem
363 2572 593 2649 adhaerescunt,
634 2573 733 2653 quales
762 2572 949 2652 cogitationes
978 2571 1187 2651 opinionesque
1215 2588 1317 2649 parere

66 2666 223 2731 dicimus?
253 2690 353 2729 noune
380 2691 454 2748 quae
483 2673 630 2731 verissime
659 2670 720 2732 diei
751 2669 878 2731 debeant
915 2667 1109 2748 sophismata,
1141 2664 1219 2724 nihil
1247 2686 1317 2725 vero

67 2770 150 2851 quod
172 2791 340 2850 germanum
359 2791 483 2848 veraque
503 2772 647 2852 sapientia
667 2771 789 2851 dignum
810 2769 892 2828 sitlu
921 2764 950 2844 l)

109 2866 162 2927 Sic
189 2868 263 2927 fecit
290 2866 437 2929 Socratem
455 2870 537 2931 Plato
556 2870 593 2930 de
612 2883 762 2951 praesente
782 2869 827 2927 sui
846 2863 984 2944 temporis
1004 2876 1032 2922 et
1051 2860 1188 2942 politicae
1206 2874 1235 2921 et
1251 2861 1316 2942 phi·

69 2966 223 3047 losophiae
250 2965 420 3025 conditione
450 2967 647 3029 disserentem.
689 2969 725 3026 In
745 2988 802 3045 qua
831 2961 1028 3043 disputatione
1054 2960 1145 3039 ipsius
1171 2960 1317 3017 cemimus

69 3064 201 3124 auctoris
229 3062 479 3142 indignationem,
501 3079 562 3124 tum
591 3066 784 3145 intelligimus
803 3061 874 3123 inde
895 3062 1001 3134 etiam,
1021 3055 1095 3137 quid
1115 3078 1231 3116 caussae
1251 3058 1312 3116 fue·

69 3163 112 3223 rit
123 3207 132 3237 ,
154 3174 189 3220 ut
217 3160 279 3240 ipse
295 3160 356 3218 fere
376 3159 581 3223 detrectaverit
600 3163 818 3245 rempublicam.
865 3152 981 3221 «Πάνυ
1001 3144 1129 3237 σμικρδν
1149 3150 1190 3238 δή
1210 3179 1255 3229 τι,
1275 3159 1316 3214 sic

70 3260 171 3343 pergit
198 3258 277 3341 apud
301 3279 366 3318 eum
385 3260 525 3342 deinceps
544 3261 692 3338 Socrates,
713 3258 840 3323 λείπεται
861 3261 922 3323 τῶν
942 3255 1006 3322 κατ’
1027 3254 1112 3332 α’ξίαν
1134 3246 1318 3337 ὁμιλούντων

71 3354 258 3441 φιλοσοφίᾳ,
286 3351 365 3440 η’που
396 3353 460 3419 aiud
488 3362 585 3442 φυγῆς
611 3360 813 3446 καταλειφθὲν
841 3363 887 3445 2),
910 3366 1040 3444 γενναῖον
1060 3359 1110 3422 καί
1131 3353 1165 3418 εδ
1178 3362 1317 3435 τεθραμ-

70 3456 166 3541 μένον
187 3450 282 3542 ἦθος,
305 3456 416 3545 α’πορίηι
443 3461 503 3522 τῶν
525 3460 774 3544 διαφθερούντων
781 3514 790 3540 ,
816 3460 893 3526 κατα
921 3456 1011 3546 φύσιν
1038 3465 1141 3541 μεῖναν
1163 3454 1208 3518 ἐπ’
1224 3455 1316 3542 αὐτῇ·

70 3558 92 3645 ἢ
116 3560 152 3625 ἕν
173 3561 285 3648 σμικρᾷ
304 3554 388 3624 πόλει
416 3556 488 3624 ὅταν
510 3559 623 3647 μεγάλη
644 3561 733 3649 ψυχή
754 3568 833 3653 φυῇ,
858 3565 907 3627 καὶ
929 3559 1100 3643 α’τιμοὶσασα
1121 3556 1160 3623 td
1181 3561 1236 3643 τῆς
1257 3552 1317 3620 πό-

71 3670 150 3741 λεως
172 3658 319 3751 δπερίδηηῖ
337 3656 440 3746 (tongi
462 3661 499 3726 δέ
516 3660 575 3727 πού
594 3691 623 3728 τι
647 3669 697 3729 καί
717 3660 769 3729 εἶπ’
788 3664 879 3750 ἄλλης
898 3662 1010 3748 τέχνης
1030 3662 1150 3739 δικαίους
1170 3656 1319 3742 α’τιμάσαν

72 3764 186 3851 εδφυὲς
207 3762 253 3827 ἔπ’
271 3760 365 3849 αὐτην
385 3761 423 3827 dv
437 3762 540 3830 ἔλθοι·
557 3781 747 3855 perexiguus
765 3782 868 3855 igitur
888 3773 1081 3851 relinquitur
1098 3791 1244 3826 nuuoerur
1271 3754 1319 3825 eoss

72 3896 168 3946 rum,
199 3879 253 3950 qui
280 3872 371 3952 digne
398 3882 534 3931 utuntur
561 3872 769 3952 philosophia,
791 3881 852 3930 sive
872 3873 1014 3929 relictum
1034 3877 1068 3927 in
1089 3870 1220 3926 aliorum
1232 3867 1318 3945 fugo

109 4073 143 4139 1)
163 4072 203 4125 De
215 4072 277 4141 uoq.
296 4073 337 4124 Vl.
356 4072 415 4125 495.
436 4072 465 4124 G.
485 4105 517 4115 -
536 4073 595 4125 496.
613 4075 645 4126 Α.

109 4156 138 4223 2)
159 4158 203 4210 Sic
219 4156 359 4228 legendum
381 4159 545 4224 conjeceram
558 4166 619 4212 ante
635 4161 684 4211 hos
702 4162 808 4230 triginta
821 4158 878 4211 lere
894 4174 991 4222 anctos,
1009 4173 1065 4208 cum
1080 4157 1155 4206 unice
1164 4154 1317 4221 legeretur:

73 4236 139 4310 dud
168 4244 267 4325 φυγῆς
292 4241 490 4324 καταληφθὲν
512 4283 551 4290 -
576 4253 657 4313 Quam
681 4254 856 4317 conjecturam
878 4260 971 4320 postea
993 4249 1062 4300 haud
1087 4249 1144 4299 siue
1166 4247 1243 4297 animi
1266 4261 1318 4296 vo-

74 4337 182 4404 luptate
203 4350 299 4387 novem
330 4334 395 4387 Cdd.
418 4339 574 4390 auctoritate
589 4336 765 4389 confirmatam
783 4333 846 4386 vidi.
866 4333 906 4386 Ol.
925 4332 1040 4384 licerii
1055 4331 1132 4383 atur.
1151 4346 1177 4396 p.
1195 4325 1238 4377 68.
1276 4325 1319 4389 [ln

74 4429 207 4501 proximis
229 4427 281 4496 leg.
298 4426 417 4477 videtur:
444 4413 483 4476 ati
505 4407 638 4497 ευφυὲς
658 4409 701 4477 ἂν
722 4410 829 4473 ἕλκοι.
877 4419 918 4471 ct
947 4419 1017 4486 Diop.
1043 4419 1073 4469 ao
1092 4417 1147 4468 cio.
1173 4403 1319 4486 φιλυπλ,

75 4546 102 4597 ρ.
124 4526 235 4577 ιον»-
253 4521 312 4585 aa.)

1070 4595 1126 4653 31*
1148 4568 1151 4572 ’
