2796 5048
701 256 764 318 tto

114 423 227 505 phandi
255 421 394 482 facultate
422 419 526 479 Graeci
551 432 591 487 et.
608 421 707 499 rigore
735 419 789 479 illo
817 441 869 478 suo
897 417 1015 477 destitui
1045 432 1218 500 coeperant.
1259 420 1341 499 ltaque

113 503 220 582 novitii
241 518 406 580 Academici
429 516 460 577 id
480 516 640 598 crepabant
660 519 761 591 unice,
781 517 860 595 quod
881 513 960 596 apud
975 516 1132 575 Platonem
1154 517 1344 597 reperiebant,

114 618 247 678 sensibus
275 617 364 676 fidem
394 637 454 675 non
482 635 543 674 esse
561 614 745 691 habendam,
778 614 868 674 Stoici
888 615 1067 674 contrarium
1085 613 1259 694 ponebant,
1283 616 1347 694 quod

115 717 184 775 item
212 713 380 774 continebat
398 711 583 793 philosophia
601 713 743 786 Platonis,
774 734 833 772 esse
853 710 965 771 homini
988 712 1145 771 scientiam
1168 725 1200 770 et
1215 712 1349 774 veritatem

116 811 327 872 vindicandam
346 811 461 873 naviter
471 834 480 886 3
501 811 599 869 neutri
617 831 686 870 veru
704 818 717 868 i
726 813 747 869 d
756 832 858 870 earu
869 833 898 867 m
918 808 1104 883 docuinam,
1125 828 1207 888 quac
1227 811 1350 892 princeps

116 923 159 968 est
183 910 215 968 in
238 908 421 990 philosophia
437 908 583 982 Platonis,
605 891 849 988 assequebantur,
867 905 1127 987 disquisitionibus
1149 920 1232 966 certe
1250 908 1288 969 de
1303 909 1351 990 opi·
1388 902 1390 907 ¹

117 1007 206 1066 nione
235 1019 264 1065 et
289 1006 411 1066 scientia
439 1028 501 1065 non
520 1004 702 1066 adhibebant
724 1028 783 1066 eam
811 1007 888 1066 satis.
930 1003 1017 1079 Quod
1036 1004 1109 1063 item
1132 1003 1170 1062 in
1192 1006 1353 1086 optimorum

118 1124 295 1182 quorumque
303 1102 452 1182 sequioris
470 1103 534 1162 aevi
553 1104 810 1178 Academicorum,
839 1105 872 1162 in
891 1103 983 1184 ipsius
1001 1100 1074 1161 adeo
1094 1102 1257 1162 Ciceronis
1273 1103 1355 1184 placi·

118 1205 156 1263 tis
183 1201 397 1265 desideramus:
426 1220 598 1280 quamquam
621 1201 670 1261 hic
695 1201 783 1261 insito
811 1201 942 1260 Platonis
968 1220 1064 1260 amore
1089 1199 1225 1281 propius
1244 1199 1284 1261 ad
1303 1221 1355 1280 eutr

119 1302 248 1363 accessit.
292 1302 328 1362 Id
347 1320 416 1361 vero
432 1308 546 1357 veteres
562 1298 730 1357 Academici
750 1299 900 1374 fecerunt,
929 1297 1058 1379 germani
1080 1297 1132 1356 illi
1155 1297 1293 1358 Platonis
1309 1298 1355 1357 dis

118 1400 230 1481 cipuli,
249 1401 375 1478 itemque
394 1397 597 1477 Peripatetici:
630 1408 658 1454 et
679 1396 764 1456 nobis
782 1395 900 1476 quidem
910 1439 919 1470 ,
943 1409 976 1455 ut
993 1395 1149 1476 propriam
1171 1397 1355 1478 percipiamus

119 1496 288 1578 philosophi
316 1496 353 1555 de
381 1495 435 1553 hoc
464 1506 634 1574 argumento
654 1508 683 1553 et
702 1493 932 1575 philosophandi
951 1494 1095 1553 rationem
1115 1505 1150 1551 et
1172 1495 1355 1568 mutantium,

119 1595 223 1653 horum
240 1594 388 1674 inprimis
404 1591 493 1667 ratio,
515 1604 573 1650 uta
586 1592 724 1653 Cicerone
743 1593 852 1653 tradita
871 1604 927 1666 est,
946 1588 1130 1650 attendenda
1141 1590 1280 1651 ridetur.
1304 1592 1355 1650 Pla·

119 1692 198 1750 tonis
223 1691 271 1750 illi
299 1691 460 1763 rationem,
485 1690 545 1764 ait,
573 1689 769 1768 sequebantur
788 1690 858 1749 lere.
900 1688 1105 1767 Definitionss
1122 1708 1243 1748 rerum
1259 1692 1356 1768 prela·

119 1790 193 1847 bant
209 1801 239 1848 et
256 1791 312 1849 bas
329 1791 369 1847 ad
387 1795 505 1863 omnia,
524 1789 560 1846 da
579 1789 687 1866 quibus
704 1789 945 1866 disceptabatur,
966 1787 1165 1846 adhibebant.
1202 1785 1355 1847 Verberant

120 1895 213 1946 etiam
232 1889 392 1966 replicatio
407 1889 593 1963 probabatur
603 1931 612 1960 ,
641 1888 676 1944 id
694 1896 752 1961 est,
774 1884 835 1965 qua
853 1888 889 1945 de
908 1906 1016 1945 caussa
1036 1904 1182 1962 quaeque
1201 1897 1301 1945 esunt
1317 1895 1354 1942 ita

118 1994 294 2044 nominata:
323 2008 414 2064 quam
435 1979 630 2064 ἓτυμολογίαν
658 1987 870 2064 appellabant:
894 1994 964 2062 poat
990 1991 1218 2064 argumentis,
1242 1995 1274 2043 et
1290 2004 1354 2063 qua·
1388 2044 1390 2049 ,

119 2091 148 2142 si
174 2105 281 2142 rerum
309 2093 405 2159 notis,
434 2088 560 2146 ducibus
588 2088 755 2145 utebantur
778 2085 818 2141 ad
842 2084 1033 2161 probandum
1051 2091 1084 2140 st
1112 2082 1160 2140 act
1187 2084 1355 2142 carchedon·

118 2184 192 2239 dum
221 2185 271 2256 id,
300 2187 377 2262 quod
399 2187 562 2264 explanari
586 2186 741 2242 volebant:
769 2189 805 2240 in
837 2204 892 2260 quo
920 2183 1103 2240 tradebatur
1130 2189 1239 2241 omnis
1256 2183 1355 2240 diales·

117 2288 199 2337 ticae
223 2281 405 2358 disciplina,
435 2283 469 2339 id
495 2292 558 2356 eat,
588 2289 736 2341 orationis
753 2289 873 2339 ratione
889 2282 1064 2338 conclusae:
1087 2279 1185 2354 leuia,
1216 2286 1304 2357 quasi
1327 2298 1354 2334 n

119 2377 223 2433 altera
247 2389 337 2454 parte
356 2376 385 2459 l)
403 2388 539 2438 oratoria
564 2387 611 2438 ais
628 2380 748 2437 &cendi
766 2380 979 2452 adhibebatur,
1004 2377 1204 2454 explicatris
1222 2382 1354 2436 oraticrtis

116 2485 282 2551 perpetuae
310 2478 351 2536 ad
363 2481 611 2555 persuadendum
631 2479 876 2536 accommodatae.
918 2476 1000 2536 Haec
1020 2486 1113 2534 erant
1133 2476 1209 2535 illis
1229 2482 1354 2553 primae

120 2570 251 2631 Platone
269 2578 388 2635 tradita
400 2575 441 2656 2).
472 2577 529 2636 Sed
541 2579 572 2635 in
593 2575 641 2634 his
660 2575 761 2656 primis
780 2575 838 2632 alia
859 2576 945 2633 etiam
964 2576 1065 2635 Cicero
1084 2574 1238 2655 longeque
1253 2572 1354 2654 gravio-

122 2691 153 2727 ra
174 2687 325 2749 memorat,
345 2674 438 2736 veluti
457 2676 640 2757 praeclaram¹
656 2672 849 2731 sententiam:
865 2694 1045 2752 quamquam
1064 2681 1215 2731 oriretur
1231 2693 1251 2729 a
1270 2674 1352 2731 msi-

119 2772 174 2828 bus
183 2768 233 2850 3),
260 2782 362 2832 tamen
382 2797 441 2833 non
463 2797 523 2832 esse
535 2775 695 2849 judicium
715 2779 858 2829 veritatis
877 2781 910 2828 in
933 2773 1087 2830 sensibus:
1117 2781 1295 2828 mentem
1319 2789 1351 2825 re

79 2907 83 2916 ·
120 2866 229 2926 lebant
249 2892 391 2928 rerum
412 2893 473 2931 esso
485 2879 507 2948 j
516 2863 695 2928 adicem:
723 2870 816 2926 solam
838 2873 997 2928 censebant
1016 2871 1177 2943 idoneam,
1198 2876 1252 2926 cui
1269 2867 1351 2926 creda·

121 2976 225 3048 retur,
245 2976 318 3046 quia
337 2972 400 3028 sola
419 2979 558 3028 cerneret
576 2971 610 3026 id
615 3014 623 3043 ,
644 2968 720 3045 quod
735 2967 980 3047 temperassetlt)
1000 2969 1129 3044 simplas
1145 2964 1352 3026 arumnensis·

122 3074 153 3120 ct
182 3067 261 3140 tale,
285 3069 373 3144 quale
392 3078 476 3128 esset.
519 3067 608 3126 Hanc
627 3070 679 3125 illi
698 3059 782 3125 ἰδέαν
798 3069 1008 3146 appellabant,
1031 3073 1103 3142 jam
1123 3087 1145 3123 a
1163 3067 1296 3124 Picum
1313 3070 1350 3119 itt

124 3172 331 3223 nominatam:
351 3189 403 3224 nos
422 3178 503 3224 reete
523 3191 537 3226 s
543 3176 698 3244 peciam
711 3189 871 3244 possumus
891 3169 1000 3224 dicere.
1043 3164 1162 3226 Sensus
1185 3175 1288 3223 autem
1305 3181 1350 3218 om·

121 3283 175 3318 nes
204 3263 317 3322 hebetes
346 3268 497 3324 attardus
517 3287 579 3323 esse
599 3266 850 3340 arbitrabantur,
877 3287 930 3323 nec
947 3273 1104 3343 percipere
1124 3265 1192 3323 ullo
1214 3263 1294 3320 modo
1313 3277 1349 3312 ret

119 3381 186 3436 aas,
214 3383 289 3440 quae
316 3365 466 3439 subrectae
486 3365 621 3421 sensibus
646 3364 847 3422 riderentur:
875 3385 952 3444 quaa
971 3372 1067 3422 essent
1087 3372 1147 3421 aut
1164 3372 1216 3420 ita
1232 3376 1348 3439 parcas,

122 3536 376 3545 ....------——--—

157 3631 394 3701 minuimento:
421 3633 497 3686 Erm:
517 3647 634 3702 praeca,
663 3628 694 3695 ἐκ
716 3616 922 3708 παραλλήλου·
961 3631 1207 3686 sed·Ariatotelem
1229 3629 1345 3698 cogiuttt

122 3721 216 3782 Cicero
231 3732 350 3797 videtur,
365 3733 408 3800 qai
422 3732 574 3784 dialecticae
591 3734 747 3787 rhetoricam
765 3717 961 3803 ἐπίστροφον
980 3731 1043 3782 dixit
1060 3730 1135 3780 utet.
1158 3727 1181 3780 1.
1199 3728 1227 3779 l.
1265 3735 1271 3748 ·

159 3819 189 3885 2)
210 3820 264 3872 Cic.
271 3821 352 3890 Acori.
375 3824 395 3874 l.
417 3823 442 3874 8.
462 3825 566 3891 (Vitium
580 3825 663 3876 latere
677 3824 748 3874 multi
763 3821 894 3872 viderunt.
920 3820 1065 3890 Madvigius
1076 3820 1131 3890 leg.
1143 3822 1235 3890 forma
1247 3834 1293 3886 pro
1303 3816 1349 3886 pri·

121 3923 170 3955 ma.
207 3907 332 3958 Fortasse
359 3912 469 3960 rectius:
506 3911 577 3961 Haec
602 3919 657 3960 erat
674 3909 724 3959 illis
747 3907 925 3975 disciplina
941 3925 959 3958 a
976 3907 1080 3958 Platone
1098 3907 1207 3957 maduo.
1244 3903 1348 3971 Sequitur

120 3995 259 4044 auctoritas
284 3996 373 4045 octaris
395 3995 603 4062 disciplinae.
626 4021 661 4030 -
685 3996 811 4060 corripere
833 4001 937 4044 conatus
953 4001 989 4042 est
1009 3991 1234 4058 disciplinam.
1269 3988 1304 4041 Cf.
1325 3984 1349 4043 h

122 4075 164 4127 li.
179 4105 215 4116 -
230 4075 290 4143 Ed.)

156 4160 188 4226 3)
211 4163 265 4215 Nec
282 4166 407 4227 judicium
425 4165 638 4233 intelligendum,
666 4173 693 4215 ut
707 4164 847 4226 hambino,
867 4179 916 4214 aec
933 4165 1026 4214 ceritas
1037 4159 1082 4210 vel
1094 4162 1224 4214 indicium
1244 4159 1348 4215 mitella

122 4257 150 4298 ut
164 4249 277 4302 Ernesto
290 4251 405 4316 placuit,
425 4250 473 4300 sed
491 4252 575 4315 ipsum
594 4265 609 4300 e
626 4251 752 4317 proximis
766 4251 892 4314 Judieium
910 4250 1030 4300 oeritous.

156 4334 186 4398 l)
204 4335 373 4387 inserendum
401 4344 462 4401 puto
486 4345 524 4399 et,
543 4344 571 4385 ut
588 4337 639 4386 vim
654 4335 748 4387 habeat
762 4353 874 4403 semper,
895 4333 965 4402 quod
984 4333 1040 4384 lere
1059 4333 1085 4382 in
1105 4332 1149 4385 hie
1169 4334 1246 4386 addit
1277 4332 1349 4383 rino:

122 4421 187 4483 quod
201 4439 294 4488 semper
312 4433 371 4472 esset
386 4431 408 4471 et
425 4421 536 4488 simplem.
