2796 5048
703 230 741 287 36

129 389 165 454 dv
195 386 286 473 αὐτήν
322 384 481 472 φιλοσσέῥία
515 383 691 470 σποδέξηται
728 379 917 468 ὑμσβᾶλσῦσα
948 381 1017 460 τούς
1043 383 1151 470 ἑαυτῆς
1176 382 1350 469 depromsit,

129 488 227 575 eloneo
262 487 299 554 ro*
335 486 498 575 κρήδεμνον
532 490 577 576 τῷ
612 486 745 553 Ὀδυσσεῖ
771 483 792 571 ἦ
823 483 989 551 Λεσκοθέ.
1020 489 1049 573 1)
1085 492 1135 551 Est
1169 491 1250 549 enim
1281 492 1352 573 phi-

130 595 278 677 losophia,
309 609 340 655 ut
372 594 527 656 vocabatur
554 594 731 673 antiquitus,
762 587 872 674 τεχνή
899 589 993 672 βίον,
1021 615 1074 651 ore
1104 597 1192 649 vitoe.
1214 587 1249 670 2)
1279 591 1350 649 llam

129 695 257 754 omnium
276 694 399 768 artium,
419 713 491 772 quae
510 691 547 751 ad
566 706 670 751 rectam
693 698 812 753 vivendi
830 697 907 755 v-iam
926 695 1090 775 pertinent,
1111 690 1183 748 ratio
1208 701 1239 746 et
1259 688 1350 747 disci-

130 793 212 875 plina
239 791 335 851 studio
362 790 536 871 sapientiae,
554 810 626 868 quae
644 790 827 873 philosophia
844 792 969 867 dicitur,
987 789 1160 849 continetur.
1182 784 1215 866 3)
1247 786 1351 846 Omnis

130 911 223 949 rerum
242 890 410 969 optimarum
439 889 565 967 cognitio
592 901 676 966 atque
705 891 736 948 in
756 891 792 950 iis
812 898 988 949 coercitute'o
1010 884 1194 970 philosophia
1211 886 1350 945 nomina·
1387 958 1390 963 ν

129 1003 185 1048 tur.
207 985 238 1066 1)
270 986 329 1044 Into
353 987 501 1045 medicina
519 993 616 1042 animi
637 985 820 1067 philosophia
840 1003 890 1048 est.
913 987 944 1068 5)
983 984 1068 1061 Quod
1089 983 1271 1044 Democritus
1291 984 1348 1059 jam

133 1084 353 1167 pronunciavit,
374 1103 544 1161 quamquam
561 1082 609 1140 hic
628 1103 681 1163 pro
703 1086 890 1163 philosophia
920 1085 1051 1146 utebatur
1072 1084 1219 1141 etiamtum
1232 1088 1348 1157 rapien-

39 1203 44 1211 ’
130 1192 186 1243 tio.
227 1173 348 1261 Ἰατρικὴ
378 1175 433 1258 μὲν
462 1173 535 1259 γάρ,
567 1174 640 1240 κατὰ
670 1177 877 1265 Δημόκριτον,
910 1178 1047 1263 σώματος
1075 1175 1196 1253 νσύσοσς
1221 1171 1347 1239 οἰκέεται·

133 1279 223 1364 σοφίη
264 1278 299 1343 δὲ
334 1276 439 1363 ψυχήν
461 1282 587 1343 Ιπαθών
624 1279 802 1366 ἁφαιρὲσται.
834 1285 865 1369 6)
914 1288 1024 1346 Discite
1053 1284 1170 1344 Cicero:
1212 1280 1291 1341 used
1322 1294 1349 1340 et

131 1385 218 1463 hujus
245 1385 348 1465 culpae
377 1398 406 1443 et
434 1397 608 1443 caeterorum
632 1387 768 1446 vitiorum
787 1400 1021 1468 peccatorumque
1041 1396 1201 1442 nostrorum
1220 1380 1348 1439 omnisa

134 1482 318 1563 philosophia
338 1482 462 1564 petenda
482 1491 625 1542 correctio
645 1498 704 1542 est:
725 1487 808 1563 cujus
826 1485 858 1543 in
877 1484 970 1542 sinum
989 1502 1055 1540 cum
1074 1478 1348 1561 aprimistempori·

132 1581 187 1640 hus
206 1580 306 1640 aetatis
327 1592 422 1638 nostra
441 1580 574 1640 voluntas
593 1580 776 1661 studiumque
795 1604 847 1641 nos
875 1579 1077 1660 compulisset,
1096 1578 1144 1637 his
1173 1576 1348 1656 gravissimis

131 1677 244 1737 casibus
262 1679 295 1736 in
312 1677 435 1737 eundem
454 1692 585 1758 portum,
606 1699 643 1737 ex
661 1701 717 1759 quo
744 1698 853 1739 eramus
880 1679 1000 1759 egressi,
1022 1697 1123 1756 magna
1148 1674 1251 1751 ¹iactati
1277 1684 1360 1732 tern-¹

132 1790 257 1856 pestate,
277 1775 482 1854 confugimus„
508 1774 539 1862 7)
573 1776 777 1859 «Philosophia
796 1777 906 1836 scilicet
926 1777 1050 1834 cultura
1070 1787 1111 1833 est
1130 1772 1231 1831 animi.
1274 1772 1348 1830 Haeo

133 1873 257 1932 extrahit
279 1873 350 1934 vitia
369 1872 507 1932 radicitus
525 1887 553 1932 et
572 1889 721 1954 praeparat
740 1876 850 1934 animos
878 1874 916 1958 ad
934 1887 1010 1932 satus
1029 1870 1231 1952 accipiendos:
1263 1888 1349 1947 eaque

133 1970 251 2031 mandat
278 1971 333 2044 iis,
363 1984 409 2044 et,
440 1985 472 2030 ut
500 1972 539 2030 ita
566 1970 680 2047 dicam,
708 1974 795 2048 serit,
825 1994 897 2051 quae
926 1971 1025 2030 adulta
1055 1970 1166 2028 fructus
1192 1967 1349 2027 uberrimos

133 2068 258 2129 ferant.»
282 2065 314 2148 8)
352 2069 524 2146 «Nunquam
544 2069 631 2148 igitur
652 2068 764 2128 laudari
784 2070 851 2129 satis
869 2069 956 2148 digne
964 2066 1146 2149 philosophia
1156 2066 1284 2146 poterit,
1304 2064 1347 2123 cui

133 2168 183 2244 qui
202 2181 298 2246 pareat
308 2211 316 2240 ,
341 2186 424 2225 omne
443 2179 554 2246 tempus
573 2167 672 2225 aetatis
691 2168 753 2226 sine
772 2166 899 2247 molestia
915 2166 1004 2247 possit
1024 2164 1155 2244 degere.»
1180 2160 1213 2243 9)
1252 2163 1350 2243 Itaque

134 2264 218 2323 nullo
237 2284 296 2321 non
321 2262 438 2322 laudum
458 2284 560 2343 genere
580 2285 641 2322 eam
658 2264 839 2325 celebrarunt
867 2265 997 2343 antiqui:
1028 2277 1059 2321 ut
1082 2263 1182 2321 Cicero
1205 2260 1349 2319 nobilissi-

200 2361 270 2419 loco.
304 2361 354 2419 «Ο
373 2361 448 2419 vitae
468 2360 650 2441 philosophia
670 2360 748 2422 dux!
770 2385 787 2421 o
806 2363 922 2423 virtutis
941 2361 1125 2442 indagatrix,
1146 2357 1350 2439 expultrixque

135 2380 287 2518 &iorum
315 2457 388 2537 quid
405 2479 463 2517 non
483 2458 567 2518 modo
584 2480 657 2536 nos,
678 2460 728 2520 sed
747 2461 864 2519 omnino
884 2460 944 2520 vita
968 2459 1118 2518 hominum
1147 2459 1210 2516 sine
1238 2470 1268 2516 te
1295 2476 1350 2516 esse

134 2557 292 2636 potuisset?
315 2591 346 2599 —
365 2556 411 2615 Ad
429 2569 456 2615 te
475 2558 672 2637 confugimus3
695 2579 710 2615 a
730 2572 757 2616 te
774 2578 856 2637 opem
874 2559 1005 2638 petimus.
1036 2580 1067 2588 -
1091 2555 1142 2614 Est
1162 2568 1258 2614 autem
1279 2575 1350 2613 unus

134 2653 213 2729 dies,
231 2653 305 2713 hene
324 2667 352 2713 et
370 2674 407 2712 ex
425 2657 584 2735 praeceptis
603 2657 659 2714 tuis
677 2669 756 2714 aetus
765 2702 774 2729 ,
795 2655 925 2736 peccanti
944 2653 1150 2713 immortalitati
1170 2665 1350 2735 anteponen-

134 2751 215 2812 dus.»
242 2750 291 2832 10)
322 2753 447 2825 Quarum
469 2752 588 2811 laudum
608 2769 705 2813 auctor
724 2755 755 2812 in
775 2755 874 2835 primis
893 2754 950 2812 fuit
976 2752 1163 2824 Posidonius,
1185 2765 1217 2810 ut
1240 2767 1319 2832 patet
1336 2772 1349 2810 e

135 2849 257 2909 Senecae
284 2849 419 2929 epistolis.
444 2847 493 2929 11)
527 2850 591 2930 Ipse
611 2865 703 2910 autem
724 2851 831 2910 Seneca
851 2849 1002 2930 magnifico
1026 2871 1091 2908 usus
1111 2847 1235 2907 dicendi
1250 2870 1349 2929 genere

138 2969 152 3000 o
164 2949 292 3021 utinam,
314 2949 372 3021 ait,
393 2948 630 3026 quemadmodum
651 2950 777 3010 universi
798 2947 899 3006 mundi
920 2948 1007 3006 facies
1027 2948 1059 3005 in
1087 2961 1272 3027 conspectum
1301 2968 1348 3007 ve-

86 3066 90 3072 ·
136 3047 197 3119 nit,
221 3046 260 3102 ita
296 3043 477 3124 philosophia
506 3059 568 3109 tota¹
601 3047 684 3106 nobis
716 3061 809 3127 posset
842 3067 1006 3118 occurrere,
1036 3044 1214 3103 simillimum
1243 3045 1350 3105 mundo

135 3142 346 3222 spectaculum!
364 3142 493 3200 Profecto
512 3145 588 3201 enim
606 3166 703 3202 omnes
721 3144 853 3204 mortales
873 3145 902 3202 in
921 3144 1137 3204 admirationem
1157 3144 1201 3202 sui
1222 3157 1350 3225 raperet,

136 3239 243 3298 relictis
253 3239 315 3313 his,
328 3259 398 3317 quae
411 3261 488 3298 nunc
500 3261 599 3319 magna
611 3287 619 3314 ,
630 3263 796 3321 magnorum
807 3243 985 3322 ignorantia,
1001 3242 1169 3301 credimus.»
1187 3240 1236 3321 12)
1265 3242 1351 3301 Periit

171 3410 196 3477 1)
214 3415 278 3464 Dies.
296 3414 370 3465 XVII.
389 3430 413 3480 p.
432 3411 490 3464 333.
509 3413 598 3465 Reislr.

170 3496 492 3562 fflffldfflffla

171 3581 197 3648 3)
220 3583 287 3635 Ture.
306 3585 334 3648 Q.
353 3585 370 3635 l.
391 3584 414 3635 1.

172 3669 198 3733 l)
217 3670 253 3720 De
270 3670 338 3722 Orat.
358 3670 397 3721 lll.
418 3669 458 3720 16.

172 3750 197 3816 5)
220 3754 289 3805 Ture.
308 3755 336 3818 Q.
355 3755 396 3806 lll.
414 3754 438 3805 3.

167 3835 198 3903 6)
217 3833 296 3891 clem.
313 3840 386 3891 Alex.
405 3840 480 3892 Poed.
500 3842 523 3892 1..
535 3839 558 3892 2.
574 3859 599 3909 p.
617 3841 672 3895 100.
689 3843 728 3896 Cl.
743 3846 818 3910 Wyo.
835 3845 896 3896 Bell.
907 3849 961 3897 crit.
978 3846 1021 3896 111.
1037 3843 1060 3896 1.
1076 3842 1110 3894 29
1124 3853 1149 3895 et
1161 3842 1204 3894 lll.
1217 3844 1242 3895 1.
1256 3845 1298 3896 75.

173 3921 198 3988 l)
220 3924 289 3976 Ture.
304 3925 332 3988 Q.
354 3926 381 3976 V.
399 3924 423 3975 2.

158 3996 196 4074 ’8)
215 4011 276 4062 noo.
295 4009 325 4062 11.
343 4011 366 4062 5.
387 4010 425 4063 cr.
444 4011 507 4064 rrae.
526 4013 607 4063 Amor.
626 4011 682 4064 134.
700 4013 729 4064 n.
749 4013 853 4065 Plato.
871 4014 929 4066 aro.
947 4014 975 4066 a.
994 4015 1022 4066 Ε.

169 4092 195 4159 9)
213 4094 267 4146 Cat.
286 4096 348 4159 Maj.
366 4112 387 4146 c.
408 4094 431 4145 1.
1099 4113 1104 4121 ·

156 4178 196 4244 10)
219 4180 288 4231 Ture.
304 4180 332 4243 Q.
353 4181 381 4232 V.
400 4179 424 4231 2.

158 4263 199 4327 11)
217 4266 245 4317 ln
263 4267 350 4333 primis
365 4267 442 4333 Epist.
458 4265 499 4316 90.
515 4266 570 4317 vid.
588 4267 682 4317 Bolon
697 4268 762 4336 disp.
780 4270 812 4320 de
827 4269 950 4322 Posidon.
966 4287 991 4335 p.
1006 4267 1047 4320 33.

158 4347 200 4413 12)
219 4351 264 4419 Ep.
282 4349 324 4402 89.
343 4350 399 4401 Vid.
418 4351 463 4419 Ep.
482 4350 541 4401 101.
567 4351 690 4404 Laudatio
714 4355 775 4406 item
796 4356 976 4423 philosophiae
1001 4365 1084 4407 exstat
1105 4357 1131 4406 in
1154 4357 1278 4406 ammoto
1301 4374 1363 4408 eea·-

139 4453 223 4501 moae,
240 4438 282 4505 qui
297 4438 324 4487 in
338 4435 518 4487 Demosthenis
535 4437 656 4504 operibus
673 4443 790 4492 occurrit.
807 4459 831 4509 p.
848 4440 921 4493 1113.
937 4441 1037 4514 steph„
