2796 5048
649 247 705 309 251

60 406 153 469 nohis
174 401 370 481 Theaetetus,
400 406 571 488 philosopha
592 407 760 470 adolescens
778 409 877 497 indole
896 364 1064 492 &editum
1094 410 1141 470 cui
1161 410 1293 493 Socrates

53 507 206 587 gentinus
232 505 448 583 quaestionem,
478 506 550 584 quid
565 509 603 567 sit
617 510 755 584 seientia,
776 511 930 592 proponit,
951 522 1003 585 ut,
1023 530 1095 588 quae
1114 496 1296 665 insuntffis

14 606 18 613 '
57 604 184 685 ingenio
201 617 338 683 tanquam
359 604 451 662 foetus
461 649 470 678 ,
492 625 557 663 cum
578 627 668 683 veras,
688 608 750 667 'tum
769 607 854 667 falsas
864 606 1241 689 praeiudicatasqueopimo
1256 600 1294 665 ¹es

53 700 164 785 eliciat
175 746 184 777 ,
205 701 272 768 illas
290 701 392 784 probet
411 701 543 782 alatque,
563 704 615 763 has
634 706 747 784 rejiciat
772 727 803 765 ac
829 706 942 783 deleat,
962 728 1019 786 quo
1043 706 1132 786 magis
1159 705 1195 764 iis
1215 702 1295 763 lihe-

57 804 159 861 ratmn
176 799 369 860 adolescentis
395 800 563 880 ingenium,
590 817 666 863 recte
695 802 803 863 deinde
832 819 859 864 et
884 805 988 885 cogitet
1016 816 1044 862 et
1063 802 1186 882 judicet.
1228 804 1293 862 Non

57 899 203 1081 wisc
219 898 288 958 data
307 898 393 978 opera
411 897 597 961 definiendae
615 901 713 960 caussa
734 922 876 962 sermones
894 902 940 962 illi
959 900 1139 985 procedunt,
1170 900 1221 961 sed
1240 900 1294 959 illo

96 1072 102 1081 ἒ
138 1064 142 1069 ,
172 997 211 1055 ἰο
238 997 424 1078 praesertim,
452 1011 484 1056 ut
504 1018 558 1057 ars
576 999 736 1079 quaerendi
764 999 1017 1081 intemugandique
1043 999 1204 1075 Socratica,
1230 1020 1293 1059 om-

10 1174 12 1179 ·
60 1096 137 1157 nino
154 1089 276 1175 ἔλεγχος
295 1098 356 1160 sive
376 1089 528 1177 μαιευτική
548 1101 580 1159 in
611 1097 675 1156 luce
700 1111 834 1178 ponatur.
876 1097 1064 1158 Simillimum
1087 1097 1245 1176 Sophistae
1266 1110 1294 1157 et

10 1206 14 1267 ξ
63 1192 192 1256 Petraei
202 1242 211 1272 ,
232 1197 270 1256 de
290 1196 397 1276 quihus
411 1200 472 1277 jam
492 1199 577 1259 nobis
594 1196 755 1277 agendum,
777 1218 843 1256 cum
864 1199 1041 1280 propositum
1060 1211 1122 1256 tum
1140 1198 1295 1277 argumeiab

10 1324 17 1379 ζ
61 1288 125 1353 tiam
145 1308 198 1355 est.
224 1294 307 1355 Idem
328 1296 417 1356 iniis
437 1298 562 1357 occurrit
577 1297 767 1356 Theaetetus:
789 1295 895 1374 adsunt
915 1297 983 1357 item
1003 1295 1132 1355 Socrates
1150 1310 1178 1355 et
1197 1295 1295 1354 Theo-

58 1392 172 1470 dorus3
203 1394 254 1454 aed
279 1394 392 1455 accedit
411 1394 514 1478 hospes
533 1395 640 1475 aliquis
670 1394 801 1469 Eleates,
830 1397 882 1474 qui
902 1396 944 1456 sic
964 1392 1169 1475 interrogando
1197 1406 1289 1453 artem

10 1548 15 1559 ,
57 1488 205 1559 cernendi
229 1493 432 1572 jungendiquc
449 1494 603 1569 declarat,
624 1506 656 1552 ut
684 1486 853 1574 μαιειιτικήν
871 1507 956 1554 antea
975 1492 1172 1555 declaraverat
1191 1490 1294 1551 socra-

10 1572 17 1625 i
58 1602 113 1651 tet.
165 1591 339 1671 Ingressus
331 1591 421 1671 igitur
441 1592 610 1652 Theodorus
634 1608 692 1653 unt
712 1595 796 1669 heri,
818 1595 932 1674 inquit,
954 1595 1031 1652 inter
1056 1614 1108 1652 nos
1135 1582 1306 1673 convenit,

26 1700 127 1775 'cupi
147 1688 206 1770 ipsi
226 1688 284 1748 hue
306 1689 452 1765 redimus,
480 1699 542 1749 tuin
562 1690 641 1751 hunc
662 1691 833 1752 adducimus
853 1693 997 1773 hospitem
1016 1691 1165 1765 Eleatem,
1198 1689 1294 1750 virum

10 1744 151 1897 {pline
173 1786 414 1868 philosophum.»
449 1787 578 1848 Socrates
605 1810 671 1848 eum
696 1791 768 1850 mira
788 1793 928 1850 continuo
948 1783 1132 1863 urbanitate,
1151 1808 1205 1847 nec
1226 1807 1294 1848 vero

61 1884 124 1945 sine
140 1884 238 1943 ironia
257 1886 377 1967 excipit.
424 1888 534 1946 «Tune
554 1908 640 1963 vero,
661 1889 772 1968 inquit,
794 1888 963 1963 Theodoro,
985 1908 1045 1946 non
1061 1886 1223 1967 hospitem,
1242 1885 1294 1945 sed

10 1838 30 2099 Ξ
57 1982 155 2043 Deum
182 1983 300 2042 fortasse
329 1985 486 2063 quendam,
506 1983 664 2044 secundum
685 1987 858 2062 Homerum,
879 1987 1007 2060 inscius,
1027 1983 1065 2044 ad
1082 2005 1135 2043 nos
1155 1983 1290 2043 duxisti?

10 2106 22 2165 3
54 2081 140 2143 llicit
161 2081 239 2139 enim
254 2080 340 2157 ille,
361 2104 426 2141 cum
447 2084 519 2143 alios
546 2086 620 2144 Deos
648 2084 829 2160 hominibus,
850 2087 901 2164 qui
927 2082 1044 2164 quidem
1068 2083 1141 2161 justi
1171 2081 1292 2163 pudoris

10 2184 25 2231 ι’
53 2180 217 2263 participes
236 2194 319 2255 sunt,
340 2195 400 2240 tum
421 2181 601 2262 Hospitalem
616 2204 676 2242 non
691 2183 810 2242 minime
826 2185 937 2257 Deum,
958 2182 1075 2243 comites
1093 2202 1122 2240 se
1140 2178 1292 2263 praehere,

54 2290 93 2337 ιιι
111 2276 263 2336 hominum
280 2299 346 2337 cum
366 2280 507 2357 injurias,
528 2294 589 2340 tum
608 2283 780 2360 aequitatem
800 2282 967 2364 inspiciant.
1013 2280 1142 2340 Fortasse
1159 2278 1248 2358 igitur
1263 2270 1291 2336 et

55 2374 119 2435 tibi
149 2374 256 2455 aliquis
276 2398 443 2457 superorum
460 2399 553 2438 comes
570 2392 628 2454 est,
650 2393 682 2438 ut
699 2401 772 2455 nos,
792 2382 842 2460 qui
863 2382 894 2439 in
920 2377 1096 2460 disputando
1122 2376 1200 2435 nihil
1227 2395 1292 2434 ma·

55 2495 188 2558 gnopere
208 2473 355 2550 valemus,
385 2488 413 2534 et
441 2473 578 2556 inspiciat
608 2490 636 2535 et
665 2477 833 2557 redarguat,
855 2479 916 2558 ipse
942 2477 1053 2537 scilicet
1079 2474 1291 2555 redargutionis

54 2573 167 2655 aliquis
194 2574 281 2633 Deus.
305 2570 335 2652 l)
360 2573 416 2632 Htc
437 2573 622 2649 Theodorus,
644 2596 704 2634 non
725 2596 784 2634 mos
800 2575 867 2650 hic,
888 2597 904 2634 o
925 2574 1072 2648 Socrates,
1092 2574 1206 2653 inquit,
1231 2572 1290 2631 hu·
1310 2600 1313 2605 ·

54 2673 107 2753 jus
126 2672 254 2753 hospitis
279 2685 320 2730 est
331 2716 339 2747 ,
361 2673 411 2732 sed
431 2672 586 2732 modestior
605 2686 647 2732 est
666 2673 742 2748 illis,
763 2675 814 2753 qui
840 2672 1080 2733 contentionibus
1104 2671 1240 2744 student,
1262 2682 1291 2728 et

58 2770 179 2833 videtur
191 2770 271 2840 ,mihi
291 2771 337 2829 vir
357 2772 434 2830 Deus
453 2769 571 2849 quidem
589 2771 727 2846 minime,
745 2786 934 2832 veruntamen
954 2772 1077 2829 dioinm
1094 2790 1170 2828 esse:
1193 2788 1291 2828 omnes

62 2870 139 2929 enim
166 2889 217 2949 ego
244 2868 431 2951 philosophos
457 2870 512 2929 hoc
534 2871 651 2928 nomine
683 2891 763 2930 voco.
806 2869 852 2930 Ad
877 2869 947 2928 haec
976 2868 1122 2942 Socrates,
1152 2880 1229 2925 recte
1256 2879 1291 2925 tu

10 2967 197 3101 ,φιίἀιιιῃ
217 2968 327 3041 amice,
349 2967 519 3050 respondet,
542 2966 593 3028 sed
612 2968 715 3027 hoium
736 2989 825 3049 genus
852 2967 970 3030 videtur
995 2967 1068 3026 mihi
1089 2987 1150 3025 non
1175 2964 1292 3024 facilius

10 3046 104 3139 lad
117 3065 358 3141 discernendum,
379 3089 464 3146 quam
486 3070 629 3140 Deor,um
651 3087 719 3126 esse.
761 3068 833 3126 Nam
853 3066 910 3127 viri
937 3065 1004 3142 illi,
1024 3063 1210 3145 quiquidem
1230 3083 1291 3122 non

77 3158 130 3225 lae
145 3164 196 3226 sed
210 3185 278 3225 vere
292 3164 459 3246 philosophi
479 3180 546 3225 sunt
556 3180 703 3247 ,propter
722 3179 898 3225 caeterorum
916 3165 1080 3238 inscitiam,
1101 3164 1179 3222 omni
1200 3161 1292 3221 forma

10 3108 61 3371 i}
79 3276 104 3319 ιι
118 3265 210 3345 speeie
235 3276 423 3343 apparentes,
448 3264 532 3322 urhes
559 3264 756 3339 circumeunt,
778 3263 902 3345 desuper
928 3263 1100 3322 inferiorum
1120 3261 1211 3321 vitam
1237 3257 1292 3317 de-

10 3372 33 3389 ''
78 3360 235 3439 tpicientes:
265 3374 293 3422 et
316 3361 382 3422 aliis
403 3363 520 3442 quidem
541 3361 642 3438 nullo,
672 3363 739 3422 aliis
766 3364 845 3423 omni
866 3363 975 3422 honore
995 3359 1111 3421 colendi
1134 3358 1291 3417 videntur:

35 3458 148 3520 noto
167 3475 262 3521 autem
283 3461 468 3544 politicorum
487 3460 601 3542 specie,
631 3461 718 3520 modo
744 3460 936 3541 sophistarum
958 3472 1113 3541 apparent:
1145 3454 1292 3515 interdum

10 3516 50 3575 *ll
44 3554 151 3617 *liam
168 3560 323 3620 nonnullis
349 3560 435 3641 plane
463 3559 630 3622 videntur
621 3557 899 3639 insan1''2)Hinc
921 3559 973 3617 ille
993 3578 1073 3618 orsus
1092 3557 1165 3636 petit
1184 3554 1310 3615 deinde

10 3614 70 3763 :Ji
82 3646 250 3739 thlaspite,
273 3672 305 3718 ut
325 3673 452 3740 exponat
476 3658 552 3734 sihi,
580 3679 636 3737 quo
656 3657 774 3716 tandem
795 3657 827 3716 hi
848 3657 933 3717 modo
952 3655 1031 3736 apud
1052 3655 1164 3714 Eleates
1184 3649 1294 3712 distin-

48 3762 219 3831 2st2utur,
214 3757 371 3838 sophista,
391 3757 542 3839 politicus,
563 3755 762 3836 philosophus.
804 3755 893 3815 Nobis
920 3769 1014 3814 autem
1032 3774 1068 3812 ex
1098 3752 1151 3811 hoc
1172 3750 1295 3810 exordio

46 3834 227 3934 Lj'irtstltgere
255 3853 344 3930 licet,
373 3856 503 3915 Platonis
526 3855 614 3913 fuisse
634 3854 832 3935 propositum,
862 3876 942 3929 non,
973 3875 1044 3935 quae
1065 3853 1224 3915 communis
1251 3862 1294 3907 est

10 3970 59 4017 ιι
77 3953 224 4030 1911ῑιιιιίιι,
247 3966 278 4013 ut
292 3954 433 4034 sophistas
447 3954 636 4035 politicosque
655 3952 787 4012 homines
808 3952 962 4013 irrideret.
982 3975 1152 4035 quamquam
1174 3951 1205 4011 id
1223 3948 1295 4007 lecit

10 4034 56 4157 4,.
74 4044 160 4120 reapse
179 4072 232 4111 nec
258 4052 355 4112 miuus
376 4054 498 4127 festive,
518 4072 604 4130 quam
625 4051 659 4109 in
684 4048 828 4111 Nubibus
854 4051 976 4132 aliisque
1003 4053 1157 4113 comoediis
1185 4053 1293 4109 Aristo·

25 4130 188 4225 ,.Ρ911ιιι,
210 4149 280 4226 sed,
302 4164 334 4210 ut
354 4173 371 4212 a
390 4151 526 4234 sophistis
546 4163 573 4209 et
592 4149 723 4232 politicis
738 4152 928 4228 philosophos
944 4151 1157 4230 distinguer-,ct
1174 4148 1221 4207 vel
1242 4169 1292 4228 po

16 4272 20 4277 .
64 4262 314 4299 &—

87 4344 113 4409 ¹)
130 4358 211 4433 s0,1.
228 4366 287 4419 ιιι.
310 4368 341 4420 a
357 4368 387 4420 a.
406 4367 444 4421 of.
467 4370 539 4420 uon
559 4369 671 4438 orn·
661 4382 698 4419 ο
713 4384 752 4422 vs
767 4365 826 4417 ies.

79 4433 212 4525 ²l⁸opa
229 4462 281 4511 nu.
