2774 5048
644 237 704 298 225

174 418 202 457 te
223 416 357 477 magnum
384 409 412 454 et
440 416 580 476 parvum,
612 398 718 458 durum
736 413 765 458 et
784 401 920 461 molleln
965 404 1089 462 Miratur
1108 402 1217 465 Glauco
1236 405 1287 465 has

94 518 157 555 nnss
179 495 372 573 absurdasqne
398 514 496 553 rerum
520 495 788 575 interpretationes,
808 519 878 575 quas
904 501 1035 561 sensibus
1060 501 1146 561 debet
1164 504 1285 563 animus.

93 596 149 655 lline
162 607 255 653 antem
271 593 399 651 Socrates
418 612 485 651 cunr
503 592 589 651 initia
610 595 691 653 ducit
710 596 922 684 arithmeticae,
943 613 1004 657 turn
1023 600 1168 679 explicat,
1190 601 1286 679 qualia

92 694 215 771 tintqnae
237 690 435 763 admondum
456 684 562 770 soprdr
582 695 739 773 pertinent.
774 698 942 775 «Apparent
961 698 1034 771 ista,
1055 698 1170 776 inquit,
1191 700 1286 757 animo

91 791 203 865 molum,
224 810 279 849 nec
301 789 425 871 intelligi
444 804 539 865 recte,
560 792 617 851 nisi
635 793 864 871 distinguendo,
884 808 1012 873 possunt.
1037 795 1145 855 Iccirco
1162 797 1286 876 primurn

91 902 186 949 tonatur
205 888 319 947 animus
330 931 339 961 ,
359 887 497 948 advocata
527 889 637 948 ratione
665 888 852 969 adhibitaque
870 893 973 950 mentis
991 892 1068 967 acie,
1089 894 1287 969 considerare,

92 998 164 1089 ψη
189 1006 280 1045 unum
305 985 364 1044 sint
380 1007 419 1045 an
436 986 493 1046 duo
510 986 646 1065 singula,
666 1008 738 1065 quae
757 990 934 1047 annunciata
955 1004 1031 1050 sunt.
1072 990 1102 1051 Si
1120 988 1178 1050 duo
1196 1010 1287 1071 appa-

91 1097 151 1159 rent,
177 1084 300 1143 alterum
325 1096 353 1141 et
380 1098 531 1163 utrumque
560 1105 650 1143 unum
669 1085 829 1166 apparebit.
870 1086 900 1145 Si
919 1108 987 1147 vero
1006 1108 1095 1147 nuum
1115 1101 1286 1166 utrumque,

55 1242 67 1269 s
91 1182 152 1243 suto
178 1195 272 1241 autem
302 1179 360 1240 dno
389 1195 544 1263 apparent,
566 1195 693 1263 separata
715 1182 774 1242 duo
791 1184 931 1263 intelligit
947 1187 1068 1246 animus.
1088 1212 1091 1217 ·
1109 1186 1172 1245 Jam
1192 1186 1285 1245 visum

90 1272 193 1359 lixiutps
225 1300 359 1361 magnum
387 1294 415 1339 ct
444 1301 565 1361 parvum
597 1280 724 1353 vidisse,
754 1280 804 1339 sed
833 1303 892 1340 non
919 1282 1104 1359 distinctum,
1135 1284 1285 1343 confusum

91 1400 151 1447 tcto:
170 1379 222 1439 hae
240 1391 334 1443 autem
353 1377 550 1437 distinctionis
564 1377 712 1439 evidentia
731 1399 810 1437 niens
825 1379 933 1439 intueri
952 1382 1062 1460 cogitur
1077 1403 1134 1441 non
1150 1383 1285 1458 confusa,

90 1475 126 1535 ttd
139 1475 273 1535 discreta:
295 1489 395 1535 contra
414 1476 501 1536 visus.
512 1500 526 1531 n
1280 1540 1284 1551 Ι

117 1579 196 1656 Atque
222 1575 263 1633 ita
290 1573 406 1653 quidem
424 1572 603 1633 numerando
624 1587 652 1632 et
672 1572 877 1652 distinguimus
897 1596 959 1648 res,
992 1597 1043 1634 nec
1064 1576 1284 1654 committimus,

91 1686 114 1733 ut
126 1674 220 1733 iisdem
235 1671 334 1749 ,rebus
359 1656 501 1731 contraria
528 1670 698 1730 tribuamus,
740 1670 796 1729 Hte
817 1685 909 1730 autern
929 1695 980 1755 nos
999 1660 1122 1756 primum
1140 1675 1218 1735 subit
1236 1676 1285 1735 in-

89 1772 195 1849 quirce,
216 1770 288 1852 qnid
307 1772 400 1853 ipsum
419 1771 457 1829 sit
474 1790 609 1849 magnum
627 1783 654 1828 et
673 1789 814 1850 parvum:
836 1790 909 1847 quo,
940 1771 1032 1829 missis
1052 1772 1137 1831 rebus
1157 1774 1285 1833 visibili-
1318 1820 1321 1825 -

89 1864 143 1944 ltus,
159 1871 195 1931 ad
213 1892 244 1929 ea
261 1868 458 1942 escendimus,
479 1887 550 1947 quae
569 1866 629 1925 sola
648 1881 743 1925 mente
759 1868 961 1948 percipiuntur
981 1889 1008 1933 et
1027 1866 1122 1951 νοητὰ
1137 1873 1284 1933 dicuntur.

93 1968 172 2029 t*llaec
189 1980 274 2041 sunt,
294 1967 409 2045 inquit,
429 1986 500 2046 quae
511 1963 594 2025 modo
604 1963 749 2024 declarare
769 1985 912 2045 aggressus
932 1990 994 2028 snm
1004 2016 1013 2046 ,
1033 1993 1121 2052 quum
1141 1970 1285 2047 dicerem,

62 2088 66 2097 ·
90 2063 132 2127 elit
145 2067 254 2147 negotia
272 2057 471 2145 παρακλητικὰ
493 2082 551 2123 esse
573 2062 627 2142 τῆς
654 2059 797 2137 διανοίας,
825 2060 881 2123 alia
910 2086 970 2125 non
990 2089 1064 2129 esse:
1087 2063 1285 2149 παρακλητικᾶ

90 2159 225 2240 triciens,
255 2187 327 2244 quae
354 2165 529 2225 contrarium
560 2185 674 2223 sensum
704 2177 821 2224 movent
845 2163 950 2238 simul,
971 2187 1043 2244 quae
1062 2192 1131 2243 vero
1148 2154 1210 2231 nori
1226 2192 1284 2230 mo·

91 2277 156 2338 tent,
184 2285 245 2323 nou
264 2255 394 2345 e‘ycprrmi
416 2261 469 2342 τῆς
489 2252 618 2343 νοήσεως
645 2260 778 2322 dicens.»
823 2260 936 2336 Quibus
963 2265 1128 2347 explicitis,
1158 2269 1285 2329 Socrates

90 2354 208 2423 thcnni
228 2365 435 2423 arithmeticam
454 2377 485 2423 ut
495 2362 681 2445 disciplinam
690 2360 843 2443 proponit,
864 2381 954 2438 (puae,
974 2376 1091 2445 'propter
1101 2387 1284 2426 numerorum

91 2474 215 2537 naturam,
244 2476 369 2521 mentem
393 2462 517 2521 maxime
545 2461 578 2519 in
607 2461 748 2521 mnndum
776 2450 882 2539 νοητόν
914 2460 952 2520 ad
971 2463 1116 2549 ipsamque
1137 2467 1285 2525 veritatem
1360 2512 1365 2523 .

55 2590 61 2649 ε
90 2558 172 2621 trehit.
217 2558 318 2635 «Quid
346 2573 438 2621 autem
467 2579 604 2617 numerus
636 2572 664 2617 et
684 2579 791 2635 unum,
821 2560 952 2639 quaerit,
974 2573 1037 2619 ntro
1056 2563 1088 2621 iu
1107 2583 1208 2642 genere
1225 2583 1283 2621 esse

55 2652 68 2727 ξ·
89 2653 228 2719 utentur?
259 2661 331 2719 Rem
356 2679 371 2716 e
400 2658 486 2717 dictis
506 2654 672 2715 efficiamus.
713 2656 744 2715 Si
764 2658 857 2737 ipsum
878 2677 968 2714 unum
985 2658 1053 2717 satis
1071 2658 1162 2717 oculis
1182 2659 1283 2719 aliisve

55 2762 60 2821 i
89 2756 197 2817 eunus
214 2757 395 2837 percipitur,
426 2777 486 2816 non
505 2747 589 2813 όλκόν
610 2748 646 2813 r'iv
667 2749 710 2835 εἴη
734 2752 782 2815 a'ni
802 2749 857 2838 τήν
878 2749 994 2829 οὐσίαν,
1016 2770 1048 2815 ut
1067 2758 1104 2815 de
1125 2756 1215 2837 digito
1234 2755 1283 2814 di-

55 2836 74 2867 ’“
89 2850 170 2915 tinus.
211 2854 266 2913 Sin
294 2876 362 2914 vero
388 2855 474 2913 simul
493 2877 558 2915 cum
578 2878 610 2916 eo
629 2878 739 2939 semper
757 2858 884 2917 cernitur
901 2858 1094 2931 contrarium,
1116 2856 1155 2913 ita
1175 2867 1283 2913 utnon

87 2955 156 3031 tnagis
171 2973 274 3035 'unum
285 2996 294 3027 ,
323 2974 407 3031 quam
426 2955 601 3013 contrarium
620 2955 772 3029 videatur,
785 2953 814 3037 l)
834 2954 1031 3037 disceptatoris
1051 2975 1082 3012 ac
1097 2950 1207 3032 judicis
1223 2953 1283 3029 jam

55 3080 57 3085 ,
87 3042 213 3130 indigeat,
243 3064 413 3130 cogaturque
434 3051 465 3109 in
486 3073 518 3110 eo
535 3055 648 3113 animus
668 3052 800 3113 dubitare
817 3054 1089 3133 atqneteanirere,
1121 3063 1148 3108 et
1167 3070 1284 3110 movens

63 3138 205 3210 ‚insemet
223 3149 285 3229 ipso
304 3148 485 3207 intellectum
505 3151 663 3227 sciscitari,
683 3150 755 3229 quid
774 3150 890 3212 tandem
908 3152 1000 3230 ipsum
1015 3151 1052 3209 sit
1068 3168 1173 3207 unum:
1196 3161 1223 3206 et
1243 3147 1283 3205 sic

55 3256 57 3261 '
86 3245 183 3317 rudem
201 3271 220 3327 η
250 3244 316 3326 napi
342 3239 379 3306 rti
406 3245 436 3307 ἓν
461 3240 598 3329 μάθησις
619 3250 678 3309 τῶν
699 3243 823 3330 ἀγωγῶν
842 3243 879 3311 ἂν
899 3244 944 3331 εἴη
966 3245 1014 3309 καὶ
1034 3244 1285 3327 μεταστρεπτικῶν

86 3333 122 3401 lul
138 3342 191 3429 τήν
212 3350 266 3409 τοῦ
288 3341 371 3423 ὄντος
392 3342 478 3410 θέαν.
522 3350 672 3410 (Ιᾱεῐετιτιη
689 3352 713 3415 si
734 3373 823 3423 unum
843 3351 884 3409 sic
904 3349 1056 3425 sehabet,
1077 3350 1183 3430 pariter
1197 3346 1286 3412 seha·

85 3436 149 3507 ltehit
175 3452 267 3515 omnis
295 3472 447 3527 numerus,
470 3471 589 3529 cumque
608 3444 700 3508 omnis
719 3446 894 3533 supputandi
914 3447 1142 3524 numerandique
1161 3464 1206 3502 ars
1226 3464 1284 3501 nu-

84 3556 175 3605 merum
195 3561 320 3629 spectet,
341 3549 513 3609 concludere
533 3547 604 3605 hine
624 3546 710 3621 licet,
731 3548 835 3605 artium
854 3546 956 3604 harum
974 3543 1069 3603 studia
1078 3562 1214 3624 perquam
1224 3560 1282 3599 esse

83 3636 141 3722 toric
161 3640 305 3727 ἀλήθειαν
327 3636 461 3727 dycnydii
487 3643 518 3726 2)
1257 3726 1260 3731 .

111 3748 310 3807 Arithmeticae
337 3763 476 3827 quantum
502 3746 539 3806 ad
560 3744 753 3807 excolendum
772 3745 920 3823 ingenium
939 3741 1073 3801 tribuerit
1092 3741 1191 3814 Plato,
1212 3739 1284 3819 hinc¹

81 3832 135 3904 ntis
155 3844 288 3905 efficitur.
329 3845 506 3905 Sententiam
523 3858 616 3903 antem
634 3844 709 3903 hanc
726 3845 759 3901 in
777 3839 949 3924 Epinomide
970 3840 1029 3900 sive
1050 3841 1129 3920 ipse,
1150 3839 1209 3897 sive
1221 3838 1282 3914 ejus

79 3944 183 4003 nomine
203 3943 389 4024 exemploque
406 3944 481 4003 alins
498 3944 590 4002 fusius
610 3941 785 4001 declaravit:
809 3938 858 3998 ubi
873 3938 1048 4020 praeclarum
1066 3937 1119 3996 hoc
1136 3947 1227 3994 exstat
1243 3932 1282 3991 ef-

75 4102 319 4117 *a—

103 4175 127 4243 1)
146 4178 284 4230 Audiendo
310 4195 335 4228 v.
360 4194 382 4228 c.
406 4196 481 4228 unam
497 4194 589 4229 vocem
608 4178 741 4241 andimus,
761 4176 808 4228 sed
826 4175 899 4226 simul
917 4177 1054 4224 irrnurneros
1072 4186 1161 4223 sonos.
1197 4168 1285 4235 ltaque

74 4278 148 4315 unum
177 4280 255 4315 sensu
282 4265 436 4331 percipimus
463 4262 588 4330 simulque
613 4262 691 4315 multa
716 4272 743 4317 ot
760 4264 908 4322 innumera,
927 4275 994 4326 qnae
1012 4260 1053 4308 uni
1073 4264 1131 4306 sunt
1148 4255 1284 4304 corrtrnriu.

70 4348 220 4416 Exemplum
239 4350 289 4400 hoc
306 4366 339 4400 ox
356 4351 414 4415 ipso
434 4350 542 4399 Platone
560 4348 685 4399 duximus.
713 4348 804 4399 Ptttet.
823 4344 864 4395 17.
886 4345 914 4394 B.

103 4434 128 4498 1)
147 4437 185 4486 n
203 4438 264 4504 nn.
283 4436 334 4485 vn.
354 4435 411 4486 523.
431 4436 462 4486 s.
480 4462 514 4472 -
531 4432 588 4484 525.
609 4433 639 4482 s.
1073 4509 1104 4565 1·

1090 4528 1108 4566 l)
