2796 5048
451 218 505 322 ’λ
678 242 736 302 aea

79 407 296 486 infinitumque
317 402 507 463 intervallum
526 417 585 479 est,
607 425 664 483 quo
685 425 702 462 a
720 403 807 464 rebus
827 404 938 474 divinis
959 385 1121 485 humanae,
1151 413 1188 472 ab
1217 415 1326 475 intelli·

77 505 229 589 gibilinus
247 501 432 585 spectabiles
460 515 640 582 separantur.
683 503 875 578 Quamobrem
906 506 1021 566 Densa
1057 511 1182 587 Patone,
1213 515 1325 572 tametsi

77 618 109 667 et
132 607 196 687 ipse
215 595 322 684 νοητδς
344 613 372 661 et
391 602 425 660 in
443 599 542 684 νοητῷ
556 601 620 661 loco
639 616 788 681 versatus,
799 596 855 682 triv
875 595 963 684 ὅλην,
975 606 1162 686 spectabilem
1173 609 1326 685 mundum,

75 726 144 773 non
163 706 345 787 perfectum,
366 723 427 762 nou
447 703 604 782 optimum,
627 715 659 759 ut
680 700 757 760 nihil
777 703 888 764 adesset
907 704 997 779 mali,
1028 704 1079 764 sed
1105 720 1249 783 quatenus
1268 700 1326 793 eila,

74 802 192 879 ferret,
220 803 429 884 pulcerrimum
448 801 644 881 optimumque
666 797 791 861 effinxit.
817 799 846 881 l)
875 803 975 882 Itaque
992 803 1025 862 in
1040 823 1099 861 uno
1109 805 1170 863 Deo
1185 809 1327 887 perfectio

73 920 193 973 summa
212 914 273 962 est:
293 899 420 978 licetque
440 898 554 958 homini
575 897 613 956 ad
623 897 706 956 illam
717 899 749 957 in
768 899 920 974 infinitum
928 899 1083 982 procedere
1092 903 1325 984 ,attingerem

72 996 185 1059 lieebit
205 1019 364 1079 nunquam.
407 997 514 1075 Siqua
534 1017 662 1075 unquam
683 1017 699 1054 a
718 997 892 1079 philosopho
911 999 1072 1078 excogitata
1093 1001 1167 1059 ratio
1186 1015 1228 1061 est
1238 1049 1248 1078 ,
1268 1026 1325 1083 qua

71 1098 190 1179 optime
208 1110 237 1156 et
256 1095 421 1156 erudiretur
440 1095 526 1155 homo
547 1109 576 1154 et
596 1094 635 1154 ad
654 1096 805 1156 veritatem
833 1096 1046 1180 adduceretur,
1075 1096 1261 1179 philosophia
1282 1115 1324 1161 est

72 1188 211 1255 Platonis
237 1210 266 1255 et
293 1195 364 1259 baec
395 1194 550 1275 praecipue
581 1194 613 1251 in
644 1214 677 1252 ea
705 1193 743 1253 de
763 1194 838 1254 ideis
862 1195 1005 1255 doctrina.
1048 1194 1095 1264 Ad
1122 1198 1323 1277 sempiternam

69 1292 163 1355 illam
179 1292 406 1374 progressionem
425 1305 484 1351 tota
505 1304 628 1372 spectat,
651 1312 737 1369 quam
758 1313 793 1350 ex
813 1293 905 1373 ipsius
924 1294 1039 1374 scriptis
1059 1295 1263 1374 exposuimus,
1284 1297 1322 1357 de

69 1390 187 1451 artium
205 1390 487 1471 disciplinarumque
508 1389 612 1449 studiis
625 1389 807 1470 disquisitio.
851 1393 905 1450 Per
930 1405 1004 1450 artes
1028 1412 1081 1450 nos
1109 1391 1161 1450 ille
1191 1393 1229 1453 ad
1255 1396 1322 1476 pult

70 1506 180 1563 crum,
210 1509 263 1570 per
292 1487 467 1570 disciplinas
495 1486 534 1547 ad
553 1487 722 1563 veritatem,
743 1491 782 1550 ad
801 1488 899 1564 illud,
921 1488 999 1568 quod
1019 1490 1112 1569 ipsum
1132 1511 1185 1569 per
1205 1513 1234 1561 se
1253 1515 1322 1556 vere

70 1599 104 1647 et
122 1587 307 1668 pulcrum‘et
326 1586 436 1646 bonum
457 1599 484 1645 et
504 1588 616 1663 justum
643 1602 832 1666 sanctumque
861 1603 922 1662 est,
953 1588 1058 1664 duxit,
1090 1600 1122 1645 ut
1150 1587 1189 1647 ad
1218 1590 1321 1650 horum

69 1683 213 1766 exempla
230 1685 358 1766 perfecta
377 1684 524 1764 quidquid
542 1686 719 1764 cogitamus,
749 1685 895 1765 quidquid
924 1687 1053 1765 agimus,
1083 1684 1229 1765 quidquid
1257 1710 1322 1768 pere

70 1782 209 1857 ficimus,
230 1783 426 1843 informemus.
468 1783 504 1842 In
523 1783 577 1842 hoc
597 1783 661 1863 ipso
681 1782 722 1841 ad
744 1784 896 1844 veritatem
913 1784 1021 1842 itinere
1041 1805 1101 1843 non
1112 1781 1150 1841 ad
1159 1785 1320 1863 sapientiae

70 1903 131 1943 nos
142 1881 297 1961 fastigium
307 1927 316 1957 ,
339 1895 371 1940 ut
389 1881 577 1956 Aristoteles,
599 1881 744 1962 extemplo
765 1881 881 1943 evexit:
909 1879 1015 1959 gradus
1033 1880 1171 1943 distinxit
1191 1901 1319 1962 progres-

69 1980 187 2058 sionis,
209 1994 242 2040 ut
254 1982 297 2041 ,ab
317 1977 430 2065 εἰκασίᾳ
454 1981 492 2041 ad
513 1975 624 2052 πίστιν,
646 1983 715 2042 hinc
738 1983 775 2043 ad
796 1971 940 2052 διάνοιαν,
971 1993 1041 2045 tum,¹
1060 1977 1098 2037 ad
1127 1970 1229 2057 νόησιν
1249 2003 1319 2062 pro·

69 2077 262 2156 fideremus,
294 2096 322 2142 et
348 2084 389 2143 sic
419 2080 538 2162 quidem
568 2079 673 2141 sensim
691 2078 866 2160 placideque
883 2079 922 2139 ad
940 2080 1027 2165 veri,
1044 2069 1137 2136 adreci
1158 2078 1212 2138 τοῦ
1233 2071 1319 2152 ὄντος

68 2178 247 2253 scientiam,
267 2179 505 2255 escenderemus3
527 2178 769 2260 pervenientibus
788 2191 884 2237 autern
904 2177 989 2237 nohis
1007 2176 1045 2236 ad
1055 2199 1198 2238 summum
1209 2201 1318 2256 eorum,

68 2279 111 2341 ad
130 2270 252 2358 νόησιν,
274 2300 335 2340 non
353 2277 495 2338 mundum
512 2274 597 2337 n'obis
615 2278 801 2356 omniumque
819 2296 915 2334 rerum
941 2296 1055 2334 caussas
1078 2277 1317 2360 contemplandas
1388 2306 1391 2317 =

66 2378 349 2461 perspiciendasque
368 2375 472 2450 dedit,
493 2374 544 2434 sed
565 2374 645 2434 ideas
665 2375 835 2454 proposuit,
861 2373 969 2453 quibus
986 2374 1220 2455 contemplandis
1249 2397 1317 2438 vere

66 2475 109 2539 dc
129 2476 219 2536 rebus
235 2475 348 2557 pulcris
365 2474 507 2553 bonisque
527 2474 776 2545 existimaremus,
797 2492 906 2550 nosque
933 2472 989 2551 ipsi
1007 2471 1109 2551 pulcre
1137 2472 1268 2553 beneque
1288 2488 1317 2534 et

58 2576 148 2655 juste
166 2576 267 2636 vivere
285 2587 314 2633 et
333 2594 415 2654 agere
433 2573 618 2633 disceremus.
660 2568 812 2649 Sapienti,
838 2568 943 2630 divina
963 2569 1074 2628 fruenti
1095 2573 1316 2653 contemplandi

64 2673 236 2755 voluptate,
257 2673 349 2733 otioso
369 2693 427 2731 esse
445 2671 530 2730 licet:
554 2682 597 2729 ast
610 2668 693 2727 Plato
711 2666 917 2747 philosophum
926 2712 935 2742 ,
956 2668 1007 2746 qui
1018 2687 1079 2725 nou
1089 2682 1161 2726 esset
1180 2671 1315 2748 sapiens,

60 2769 122 2831 aad
141 2770 182 2831 ad
200 2771 372 2852 sapientiam
397 2768 550 2842 tenderet,
576 2765 691 2826 assidue
707 2765 794 2842 jussit
813 2765 851 2825 ad
871 2765 998 2846 perfecta
1025 2764 1158 2845 exempla
1179 2780 1207 2825 et
1227 2780 1316 2826 semet

59 2869 168 2951 ipsum
188 2883 217 2928 et
231 2889 277 2929 res
295 2890 360 2928 suas
378 2882 406 2927 et
436 2887 505 2928 vero
531 2865 644 2945 generis
669 2863 792 2923 humani
820 2864 934 2943 negotia
960 2861 1127 2942 gravissima
1156 2863 1313 2944 perficeret

58 2968 165 3033 Deum
183 2967 256 3027 adeo
273 2969 369 3048 ipsum
384 2965 550 3026 mortalium
572 2963 690 3042 generi,
711 2963 845 3041 quamvis
862 2962 1024 3042 perfectum
1034 3005 1043 3035 ,
1069 2962 1202 3039 quamvis
1220 2964 1318 3028 omnis,

58 3065 261 3149 perfeetionis
281 3065 430 3147 exemplar
447 3083 610 3136 summum,
640 3083 701 3120 nou
730 3062 819 3120 otiose
838 3059 1083 3140 contemplantem
1101 3060 1196 3139 ipsum
1224 3080 1318 3122 muu-

58 3164 161 3239 dum,
183 3163 234 3229 sed
251 3176 379 3244 agentem
399 3163 509 3244 pariter
528 3162 562 3219 in
581 3159 693 3219 mundo
712 3158 767 3219 hoe
788 3180 855 3219 cum
875 3156 1048 3233 formando,
1078 3171 1140 3218 tum
1161 3159 1338 3222 moderan·-.

58 3262 125 3339 tle,
147 3263 339 3343 spectandum
357 3261 590 3341 imitandumque
607 3258 753 3320 exhibuit.

58 3457 181 3539 Quid
205 3479 385 3520 caussae
411 3482 498 3519 esee
531 3461 739 3531 dieamus,
765 3458 960 3531 cursare
981 3457 1081 3513 haee
1102 3452 1311 3512 Platonis

102 3559 155 3616 de
184 3558 300 3617 ideis
329 3561 531 3618 doctrino
559 3556 793 3613 multorum
823 3561 867 3610 e'n
890 3553 1269 3629 reprehensionem

549 3649 825 3718 incurrerat?

101 3848 370 3913 Considerantibus
400 3850 486 3912 nobis
513 3849 590 3910 hanc
619 3845 770 3908 doctrinae
798 3845 881 3904 illius
900 3865 967 3905 cum
986 3846 1215 3928 sublimitatem,
1244 3865 1307 3912 tum

58 3949 103 4041 nd
121 3968 171 4009 res
191 3947 385 4029 perficiendas
403 3949 545 4009 humanas
569 3948 629 4010 vim
659 3959 744 4024 atque
763 3944 1028 4025 opportunitatem,
1059 3949 1164 4009 mirum
1192 3949 1306 4009 aecidat

58 4068 184 4110 necesse
212 4061 273 4124 est,
303 4048 434 4127 rejecisse
462 4068 524 4107 eam
553 4043 756 4119 Aristotelem,
787 4042 923 4121 omnique
950 4042 1058 4105 deinde
1087 4062 1178 4116 aetate
1204 4046 1304 4128 plures

87 4312 130 4398 q)
154 4328 213 4386 Tea.
230 4331 273 4387 30.
291 4333 323 4386 Α.
346 4323 519 4407 Βουληθεὶς
545 4317 602 4404 γάρ
625 4314 641 4381 o‘
664 4314 738 4394 θεός
764 4315 869 4401 ἁγαθοὶ
896 4319 953 4400 μὲν
974 4317 1083 4398 πάντα,
1111 4320 1245 4407 φλαῦρον
1266 4324 1303 4390 δὲ

58 4427 163 4513 Μηδὲν
187 4420 258 4492 eluet
279 4425 368 4493 turoi
390 4421 553 4506 δύναμιν.
583 4431 629 4484 ce.
643 4431 720 4484 letitia
737 4447 762 4498 p.
779 4428 839 4482 362.
