2774 5048
665 229 724 288 365

75 413 138 455 aem
158 388 286 454 accedat.
328 387 547 471 Simplicissima
575 389 645 457 haec
667 410 735 448 sane
755 404 907 471 praecepta
926 404 1013 451 sunt:
1047 390 1130 452 idem
1153 394 1231 454 enim
1261 416 1314 454 nos

72 506 175 574 sponte
194 487 292 550 nostra
311 500 340 546 et
359 487 443 547 nobis
460 501 489 547 et
508 487 575 547 aliis
593 488 804 568 praecipimus:
836 489 1019 553 conveniunt
1038 503 1133 549 autem
1155 489 1216 550 illis
1234 512 1313 572 pror-

72 610 137 664 sus,
152 607 233 667 vquae
251 585 288 645 de
307 585 411 647 divina
432 599 536 645 natura
557 585 704 645 disseruit.
746 586 813 645 Non
835 606 914 662 eam,
946 601 1083 667 tanquam
1111 609 1239 648 caussam
1269 611 1311 648 re·

71 707 136 747 rum
157 685 308 758 omnium,
329 682 515 758 describens,
537 684 600 764 ipse
620 683 766 763 perhanc
791 704 936 760 caussam,
967 687 1018 763 qui
1046 686 1311 767 metaphysicorum

71 805 131 845 mos
147 797 201 858 est,
221 794 353 863 procreat
369 795 397 840 et
407 780 573 840 moderatur
583 783 690 841 omnia.
708 781 860 840 Materiam
879 784 1016 858 assumit,
1038 805 1111 862 quae
1122 785 1201 845 unde
1221 788 1314 846 exsti·

70 883 140 942 terit
169 903 231 942 aon
259 879 389 959 quaerit3
421 878 472 938 sed
501 881 594 939 Deum
622 878 708 938 nobis
737 899 798 938 eam
818 880 859 938 sic
880 880 1109 941 formantemad
1126 883 1206 942 honi
1217 881 1315 944 ideam

69 979 231 1060 proponit,
253 990 285 1034 ut
305 976 449 1037 nobismet
468 977 539 1057 ipsis
557 977 590 1036 in
611 997 644 1035 eo
663 989 771 1051 exstet,
793 975 871 1055 quod
890 976 926 1035 ad
945 993 1021 1036 reete
1041 979 1185 1058 agendum
1216 982 1315 1041 imite-

69 1097 157 1153 mur,
176 1075 344 1156 exemplum
363 1075 533 1156 perfectum.
565 1074 651 1148 Quod
673 1087 769 1132 autem
788 1075 1007 1134 sublimitatem
1027 1077 1132 1136 attinet
1149 1076 1314 1138 Platonicae

70 1175 244 1248 doctrinae,
274 1173 313 1233 ad
339 1173 416 1232 hano
445 1172 665 1254 percipiendam
690 1171 796 1252 plene,
828 1173 943 1232 effatum
966 1174 1097 1232 Platonis
1123 1173 1315 1251 demando,

69 1273 152 1352 quod
179 1259 252 1331 inde
276 1272 398 1332 ductum
425 1285 486 1346 est,
515 1270 731 1331 consideremus
759 1271 944 1350 praesertim:
977 1294 1037 1330 esse
1067 1274 1147 1330 bunc
1168 1277 1314 1333 mundum

70 1371 304 1448 aspectabilem
322 1370 531 1449 intelligibilia
548 1366 610 1425 Dei
627 1375 803 1449 imaginem.
846 1370 918 1427 Nam
938 1368 1054 1449 elegans
1081 1391 1150 1430 sane
1170 1384 1212 1429 est
1241 1372 1315 1431 cele·

71 1467 255 1528 beatissimus
286 1466 338 1526 ille
367 1465 492 1527 Socratis
517 1466 597 1547 apud
623 1465 915 1547 Xenophontemde
941 1468 1005 1527 Diis
1025 1488 1135 1545 sermo,
1166 1490 1223 1549 quo
1241 1471 1316 1528 Deos

72 1584 133 1627 csse
154 1578 182 1624 et
198 1563 414 1647 providentiam
434 1565 588 1639 divinam,
619 1586 655 1622 ex
676 1566 730 1640 iis,
757 1566 880 1643 quaein
901 1586 996 1624 rerum
1020 1572 1130 1627 'natura
1150 1568 1315 1642 cernimus,

72 1682 125 1745 per
144 1662 347 1723 inductionem
366 1661 475 1723 efficit:
501 1661 530 1744 1)
560 1662 638 1722 unde
655 1664 778 1743 profecit
795 1663 963 1723 Aristoteles
978 1665 1128 1745 praeclaro
1138 1665 1211 1741 loco,
1230 1687 1316 1745 quem

71 1760 160 1821 nobis
187 1782 203 1820 e
231 1760 383 1842 deperdito
411 1783 497 1843 opere
533 1762 660 1823 servarit
689 1761 798 1821 Cicero.
847 1761 1015 1820 Praeclare
1044 1762 1243 1839 Aristoteles,
1287 1773 1315 1822 ei

73 1869 193 1934 essent,
213 1866 334 1936 inquit,
357 1867 411 1938 qui
429 1864 481 1918 sub
501 1870 589 1917 terra
610 1880 726 1937 semper
746 1861 967 1918 habitavissent
984 1862 1067 1919 bonis
1088 1871 1118 1918 et
1137 1863 1315 1922 illustribus

72 1958 256 2031 dorniciliis,
277 1979 353 2036 quae
370 1968 468 2016 essent
487 1968 598 2017 ornata
617 1965 715 2038 signis
733 1967 822 2036 atque
836 1965 993 2035 picturis,
1024 1941 1237 2038 instructaque
1268 1982 1314 2018 re·

74 2058 127 2115 bus
144 2063 187 2114 iis
205 2057 358 2131 omnibus,
380 2060 487 2134 quibus
506 2059 663 2115 abundant
682 2063 726 2131 ii,
747 2042 804 2134 qui
821 2058 900 2113 beati
925 2067 1102 2134 putantur,
1131 2080 1185 2115 nec
1213 2068 1314 2116 tamen

75 2162 209 2214 exissent
227 2175 362 2232 unquam
381 2176 477 2232 supra
494 2165 631 2229 terram,
652 2162 837 2232 accepissent
852 2164 954 2213 autem
965 2158 1060 2231 famil
1080 2164 1110 2213 et
1136 2157 1313 2231 auditione,

76 2274 135 2312 esse
155 2254 302 2330 quoddam
323 2275 434 2311 numen
453 2265 483 2312 et
503 2262 565 2312 aim
583 2256 725 2312 deorum:
746 2254 853 2311 deinde
873 2255 975 2331 aliquo
994 2264 1143 2331 tempore,
1168 2256 1313 2332 patrefac-

76 2357 116 2410 ts's
135 2360 241 2408 terrae
251 2353 420 2427 faucibus,
442 2374 477 2409 aa
494 2354 561 2411 illis
580 2353 693 2410 abditis
711 2352 828 2410 sedibus
847 2355 972 2410 euadere
989 2360 1024 2410 in
1044 2354 1212 2430 baseleca,
1235 2373 1313 2431 quae

75 2470 126 2519 nos
153 2450 315 2508 incolimus
341 2460 432 2529 atque
457 2458 540 2508 eaire
565 2457 752 2527 potuissent:
782 2473 851 2508 cum
881 2460 1003 2527 repente
1023 2461 1141 2510 terram
1160 2461 1190 2510 et
1207 2457 1311 2510 merie

74 2549 245 2627 coelumque
262 2549 427 2623 vidissent,
459 2551 584 2607 nubium
606 2549 848 2628 magnitudinem
876 2558 1091 2626 ventorumque
1122 2557 1183 2608 cim
1212 2571 1316 2629 cogne-

73 2654 209 2723 vissent,
237 2648 501 2726 adspeaissentpue
529 2649 636 2721 solem,
658 2654 788 2724 ‘ejusque
809 2657 875 2711 tum
893 2648 1137 2727 magnitudinem
1159 2649 1314 2723 pulcritu-

72 2740 234 2823 dinemque
244 2790 254 2821 ,
275 2754 452 2807 tumetium
472 2747 668 2826 respicientium
689 2753 911 2827 cognovissent,
933 2747 1010 2825 qued
1029 2753 1058 2804 is
1075 2747 1155 2803 diem
1172 2745 1314 2824 respiceret,

71 2853 134 2905 nto
151 2845 229 2902 coelo
246 2846 312 2903 luce
331 2846 469 2922 diffusa:
491 2868 559 2904 cum
579 2856 681 2903 autern
701 2854 805 2904 terras
824 2867 883 2903 nea·
902 2853 1073 2921 opacasset,
1105 2853 1172 2901 tum
1200 2845 1314 2902 coelum

69 2953 172 3004 totum
189 2956 349 3003 cernerent
366 2953 462 3004 astris
480 2947 660 3004 distinctum
679 2953 890 3017 stornatum,
912 2944 1060 3020 lunaeque
1079 2943 1232 3000 luminum
1264 2962 1315 2999 aa·

70 3051 218 3101 rietatem
236 3043 303 3101 tum
321 3051 504 3119 crescentis,
532 3053 599 3100 tum
619 3050 818 3119 senescentis,
850 3063 1010 3119 eorumque
1029 3047 1163 3100 emnium
1180 3050 1266 3099 artus
1285 3050 1317 3099 et

66 3161 198 3201 wcassss
213 3151 304 3220 atque
323 3149 357 3198 in
377 3149 458 3201 omni
476 3149 660 3200 aeternitate
678 3152 762 3201 ratae
782 3143 1043 3218 immutabilesque
1062 3161 1192 3197 cursus:
1214 3161 1316 3216 quae

66 3241 421 3316 cumatilerent,
446 3244 647 3317 prosecta
682 3250 830 3299 etesse
859 3242 951 3298 deae
973 3249 1013 3297 et
1050 3241 1154 3297 baec
1185 3247 1315 3295 tanta

66 3339 400 3415 eperu'deerum
429 3361 512 3398 esse
542 3341 895 3399 arbitrarentur.
929 3335 961 3417 2)
1001 3336 1150 3397 Praeclare
1182 3335 1312 3415 profecto

66 3435 262 3516 Aristotcles,
283 3458 337 3495 nec
357 3457 530 3515 quemquam
551 3438 636 3496 facile
654 3436 724 3496 haec
755 3436 897 3516 legentem
919 3437 1031 3515 fugiat,
1063 3434 1182 3492 ductum
1212 3432 1244 3489 in
1270 3433 1318 3489 his

67 3523 202 3594 colorem
223 3554 282 3593 esse
301 3556 317 3593 a
339 3537 497 3612 speluncae
518 3536 662 3615 imagine,
683 3555 740 3612 qua
759 3534 902 3594 mundum
920 3529 1147 3612 adspectabilem
1173 3543 1201 3588 et
1229 3528 1316 3587 intel·

67 3630 222 3713 ligibilem
241 3635 382 3712 expressit
401 3633 491 3693 Plato.
534 3632 610 3691 Solis
629 3632 739 3712 pariter
762 3645 790 3713 et
810 3630 979 3711 pulcritudo
998 3644 1025 3688 et
1044 3649 1113 3692 vero
1132 3627 1297 3707 efficientia
1307 3662 1317 3692 ‚

67 3731 153 3810 quod
182 3736 211 3789 is
238 3731 317 3789 diem
347 3732 480 3811 (efficiat,
511 3741 571 3790 teto
590 3731 665 3788 coelo
685 3730 750 3790 luce
770 3730 907 3806 diffusi,
938 3727 1110 3788 celebratur.
1133 3724 1165 3806 3)
1193 3725 1240 3786 Ex
1270 3725 1318 3784 his

68 3842 173 3889 autem
192 3826 387 3907 comparando
403 3826 517 3889 efficere
535 3828 702 3889 Platonicae
721 3827 872 3887 doctrinae
893 3825 1098 3887 sublimitatem
1120 3824 1198 3884 licet.
1239 3821 1316 3881 Aris·

55 3925 194 3991 ,toteles
208 3939 294 4005 atque
319 3941 386 4011 ante
415 3948 480 3986 eum
505 3927 633 3987 Socrates
653 3940 681 3986 et
701 3926 840 3987 socratici
862 3947 877 3987 e
898 3923 1099 4007 pulcritudine
1118 3919 1223 3981 mundi
1242 3920 1317 3977 Deos

63 4277 74 4298 .
110 4247 142 4312 1)
162 4247 424 4301 aisiamenta.

110 4332 143 4397 2]
164 4330 220 4385 Cic.
235 4336 266 4385 ele
281 4336 338 4386 Not.
357 4335 431 4385 Deor.
451 4332 482 4383 ll.
499 4332 540 4384 37.
558 4333 601 4384 uhi
619 4333 673 4385 vid:
690 4335 778 4387 Davie.

111 4417 143 4482 3)
165 4417 203 4471 cf.
219 4419 294 4471 Plato
311 4422 341 4471 ds
360 4421 421 4488 llep.
442 4417 496 4470 vll.
513 4417 571 4470 516.
588 4418 619 4470 B.
634 4418 682 4473 cit.
695 4420 773 4472 luiba
792 4436 817 4486 p.
831 4417 889 4470 321.
942 4473 945 4479 ,
