2796 5048
659 285 721 345 533

55 449 245 528 philosophis
272 451 477 531 praemissum,
509 449 559 509 ubi
589 452 630 510 sic
649 450 822 530 alloquitur
842 451 1022 514 Nicandrum
1042 477 1143 516 suum:
1169 452 1239 519 «Συ
1268 455 1304 520 δὲ

59 548 202 629 πολλάκις
221 548 372 637 ἀκηκοώς,
394 547 441 616 ὅτι
462 547 573 615 ταυτόν
593 552 658 616 ἐστι
678 549 719 616 sd
742 551 904 621 ἕπεσθαι
925 557 1002 643 θεῷ
1022 557 1072 620 καὶ
1092 553 1134 620 ro*
1156 564 1304 624 πείθεσ-

59 660 129 719 θαι
150 649 261 742 λόγῳ,
282 650 387 736 νόμιζε
408 650 465 738 trio
485 654 526 731 ιίς
546 649 659 737 ἄνδρας
677 654 709 717 ἒνι
729 653 848 717 παίδων
867 648 1007 740 oiyoryriv,
1035 655 1088 722 ουίι
1108 655 1208 744 α’ρχῆς
1231 657 1303 725 elom

58 760 125 832 τοῖς
149 750 184 820 eil
209 757 369 840 φρονοῦσιν
392 752 559 840 ἀποβολήν,
580 752 655 820 ἄλλα
675 748 846 840 pecudalis
865 753 1025 842 ἄρχοντος,
1052 757 1118 824 cirri
1139 766 1303 842 μισθωτοῦ

58 882 140 934 τινος
156 853 180 942 ἢ
199 853 430 944 ἀργυρωνήτου,Ι
448 863 534 923 θεῖον
555 854 691 944 ἡγεμόνα
712 861 767 922 τοῦ
783 857 850 941 βίου
865 855 1065 942 λαμβάνουσι,
1086 859 1154 927 τᾶν
1174 860 1304 948 λόγον·

59 985 87 1048 ῳ
113 956 184 1036 τους
210 955 372 1040 ἑπομένους
395 953 476 1033 ι’ίξιόν
500 959 563 1024 ἔνην
589 957 699 1044 μόνους
728 957 906 1045 ε’λιυθὲρους
934 962 1071 1044 νομίζειν.
1115 956 1219 1029 Mo'oor
1246 964 1304 1052 γάρ

59 1059 156 1125 «luet
171 1057 336 1144 βούλεσθαι
358 1058 527 1143 μαθόντες,
550 1059 591 1141 ὠς
611 1060 767 1147 βούλονται
789 1063 873 1140 ζῶσι.
913 1067 988 1141 Ταῖς
1002 1063 1039 1129 δὲ
1055 1063 1242 1145 ἀπαιδεύτοις
1257 1072 1307 1133 καὶ

59 1160 245 1248 παραλόγοις
263 1159 373 1248 ὁρμαῖς
394 1165 443 1228 καὶ
470 1154 609 1250 πρίξισιν
635 1164 751 1250 ἀγεννὲς
773 1163 865 1229 ἔνεστι
886 1167 936 1229 καὶ
956 1164 1064 1252 μικρόν
1093 1167 1126 1230 ἐν
1142 1172 1244 1258 πολλῷ
1260 1158 1307 1258 τῷ

60 1269 254 1349 μετανοοῦντι
283 1263 319 1330 sd
350 1263 494 1331 ἑκούσιον·
524 1287 560 1334 to
588 1294 675 1350 vero,
707 1279 760 1350 qui
788 1291 999 1347 saepenumero
1028 1272 1197 1348 audivisti,
1226 1276 1306 1334 idem

60 1392 126 1431 cose
156 1369 285 1431 Deum
311 1380 430 1450 sequi
457 1384 487 1432 ct
512 1392 665 1450 parere
691 1380 878 1446 rationi,
908 1381 1086 1434 existimare
1118 1356 1219 1452 deber,
1240 1398 1306 1451 eoo,

59 1477 119 1550 qui
148 1476 225 1530 tund
255 1479 328 1530 cont
352 1481 470 1546 mente,
501 1456 549 1529 iic
559 1470 726 1547 judicare,
746 1494 796 1547 se,
817 1492 910 1550 quum
930 1493 950 1529 ο
967 1480 1106 1548 pueritia
1125 1476 1166 1532 od
1183 1477 1306 1533 virilem

58 1568 230 1648 procedunt
254 1577 400 1643 oetatem,
423 1591 480 1628 non
507 1571 638 1645 objicere
656 1577 840 1652 imperium,
861 1569 913 1629 sed
930 1581 1051 1629 mutare
1071 1579 1306 1648 imperatorem,
1352 1571 1361 1582 ⁸

61 1687 159 1745 quum
184 1686 241 1743 pre
270 1673 417 1747 magistro
443 1668 576 1726 mercede
605 1669 747 1726 conducto
775 1676 832 1725 out
857 1688 928 1725 core
948 1677 1043 1740 sento,
1064 1670 1205 1728 divinum
1224 1679 1306 1728 vitoe

60 1766 170 1823 ducem
195 1767 370 1842 accipiunt,
392 1772 623 1823 rationem:
644 1773 696 1822 cui
723 1773 778 1842 qui
801 1774 935 1843 parent,
965 1767 1023 1825 soli
1043 1767 1131 1847 digni
1160 1778 1234 1826 runt
1253 1777 1306 1853 qui

62 1865 417 1922 transmutantem·
440 1862 505 1922 Soli
531 1870 612 1921 enim
631 1863 666 1921 Ιιι·
683 1870 792 1920 mount
812 1873 847 1919 ut
865 1864 987 1938 colunt,
1009 1872 1119 1941 quippe
1139 1873 1210 1942 qui,
1232 1868 1306 1944 quid

60 1961 139 2019 selle
173 1961 316 2036 debeam,
357 1962 541 2021 didicerunt.
601 1959 782 2018 Inconditus
818 1968 922 2018 autom
950 1969 981 2018 et
1006 1969 1139 2021 rationio
1168 1973 1305 2042 exportet

59 2065 164 2117 corinti
182 2066 396 2133 incitationes,
417 2069 508 2138 etque
531 2067 683 2134 octioneo,
704 2059 812 2116 exilem
839 2059 994 2136 quondam
1021 2071 1051 2116 e't
1079 2063 1242 2140 ignobilem
1261 2076 1305 2122 oo·

60 2159 202 2217 luntatis
220 2158 410 2231 libertatem,
429 2160 529 2216 multo
547 2179 616 2217 oum
631 2164 818 2236 poenitentia
838 2163 1054 2232 conjunctam,
1074 2157 1193 2217 hubent.
1204 2182 1218 2214 o
1237 2157 1267 2236 l)
1289 2180 1293 2187 ·

145 2367 405 2450 Imaginem,
435 2374 585 2448 quibui
614 2378 749 2429 enimi
777 2380 979 2429 naturum
1002 2378 1227 2448 cepreroit

464 2468 611 2543 Pluto,
640 2475 904 2543 conjunctio.

104 2680 194 2740 Abest
219 2700 339 2761 parum,
368 2683 441 2760 quin
469 2681 506 2741 ad
533 2681 654 2762 plenum
681 2680 864 2760 gravissimae
891 2699 1008 2738 caussae
1033 2677 1202 2756 judicium,
1234 2701 1307 2760 quae

58 2779 192 2856 justitiae
216 2778 253 2837 sit
281 2797 313 2835 ac
344 2777 493 2839 felicitatis
513 2781 586 2840 ratio
598 2824 607 2853 ,
627 2778 855 2858 pervenerimus.
898 2777 1080 2855 Quamquam
1101 2790 1207 2850 restet,
1228 2778 1307 2858 quod

61 2894 134 2934 sene
160 2893 298 2954 perquam
321 2891 366 2936 est
392 2898 499 2957 grave,
532 2890 563 2937 ut
582 2877 620 2937 de
640 2877 738 2935 futura
759 2876 832 2952 justi
854 2875 912 2935 viri
938 2886 1023 2952 atque
1043 2876 1225 2950 injustissimi
1244 2889 1307 2956 post

62 2985 185 3032 mortem
213 2973 382 3035 conditione
410 2973 607 3057 dispiciamus.
650 2974 729 3048 Sed,
758 2994 818 3053 quo
846 2973 951 3032 rectius
979 2985 1008 3031 et
1040 2971 1077 3032 de
1105 2973 1225 3032 caeteris
1245 2995 1308 3034 om-

62 3070 155 3132 nibus
174 3085 203 3132 et
220 3072 275 3132 hoc
295 3075 380 3133 etism
399 3073 437 3134 de
458 3073 541 3148 loco,
561 3076 612 3155 qui
641 3087 684 3132 est
708 3072 745 3131 de
765 3072 930 3129 animorum
950 3071 1182 3145 immortalitate,
1201 3074 1309 3131 existi-

62 3190 194 3245 memus,
214 3167 328 3231 efficere
356 3192 392 3230 ex
423 3173 502 3231 omni
531 3173 585 3232 huc
617 3186 711 3231 nostra
740 3169 778 3230 de
798 3170 896 3228 animo
918 3167 1135 3249 disputatione,
1154 3190 1229 3248 quae
1247 3172 1308 3246 ejus

62 3281 169 3326 natura
191 3269 248 3343 sit,
264 3270 360 3346 juvat.
402 3270 587 3351 comparavit
610 3271 740 3328 animum
769 3266 871 3342 Plato,
894 3279 925 3325 ut
946 3266 983 3326 ab
1005 3268 1091 3328 initio
1111 3267 1256 3340 vidimus,
1276 3264 1309 3343 2)

59 3385 133 3423 cum
157 3385 294 3444 equorum
310 3369 381 3448 jugo
401 3366 438 3426 ab
459 3370 558 3449 auriga
577 3368 757 3450 gubernato:
781 3367 850 3426 fecit
870 3380 966 3425 autem
986 3368 1017 3424 in
1038 3366 1198 3456 Phaedro,
1219 3385 1305 3443 quem

59 3463 200 3541 jurenis,
221 3479 297 3524 cerre
320 3486 423 3546 parum
445 3479 582 3546 provecta
599 3479 694 3524 aetate
714 3479 742 3524 et
758 3461 888 3542 juvenili
908 3461 1030 3535 ardore,
1064 3463 1190 3542 scripsit.
1233 3463 1306 3521 Pos-

62 3574 161 3646 tarum
187 3561 220 3622 in
247 3562 366 3623 modum
396 3564 459 3623 illic
488 3562 526 3623 de
548 3565 646 3623 animo
666 3583 767 3642 agens,
789 3561 931 3620 rationem
951 3559 1087 3638 aurigae,
1108 3558 1189 3618 binis
1208 3573 1305 3619 autem

63 3659 149 3739 equis
174 3659 322 3742 duplicem
351 3682 474 3721 amorem
503 3661 690 3742 comparavit.
732 3660 843 3719 Pariter
870 3677 974 3737 nempe
994 3652 1198 3731 Parmenides,
1220 3664 1304 3738 poeta

63 3757 145 3817 idem
163 3771 191 3817 et
209 3758 401 3841 philosophus
419 3759 568 3832 sublimis,
599 3779 738 3838 equorum
758 3759 853 3815 fuerat
872 3756 905 3813 in
924 3754 1160 3836 philosophando
1182 3757 1306 3835 imagine

64 3875 144 3916 usus.
186 3856 321 3917 Nondum
349 3878 418 3918 vero
438 3860 506 3918 sutis
526 3870 617 3917 aetate
642 3855 693 3915 illa
715 3843 850 3915 Platori
871 3847 1049 3932 θυμοειδὲς,
1068 3854 1149 3934 quod
1174 3876 1234 3915 non
1253 3854 1304 3912 mi·

64 3973 123 4027 nus
147 3954 251 4029 nobis,
282 3976 368 4034 quam
397 3958 470 4017 ratio
498 3970 526 4016 et
552 3953 747 4037 cupiditates,
777 3956 873 4030 inest,
896 3969 932 4015 et
958 3956 1105 4036 paritera
1132 3951 1305 4040 philosoplis

60 4051 276 4113 attendendum
307 4068 368 4129 est,
399 4055 594 4136 exploravisse
622 4052 748 4113 videtur.
791 4054 895 4114 Deesse
925 4055 1013 4134 igitur
1030 4049 1242 4130 comparationi
1262 4051 1304 4108 vi·

101 4385 133 4449 1)
150 4382 218 4435 Plus.
249 4373 316 4454 arpi
339 4371 395 4435 coci
415 4361 532 4443 οἷκούιιν
551 4397 571 4430 α
592 4379 617 4430 l-

99 4477 128 4542 n
146 4479 226 4532 neu
241 4495 268 4547 p.
287 4476 347 4528 iso.
