2796 5048
667 242 722 301 186

78 404 255 461 reclinabat.
281 398 309 480 l)
329 401 367 460 Et
385 417 452 461 sane
478 403 594 484 placida
618 405 728 464 'horum
757 403 906 462 mimorum
933 424 966 463 ac
986 403 1113 485 dialogis
1133 407 1298 487 potissimus

77 515 143 583 apta
164 502 238 561 ratio
262 520 298 559 ex
326 499 471 560 Theocriti
500 502 675 582 intelligitur
694 502 922 561 pharmaceutria
949 516 988 561 et
1003 502 1219 581 Adonianusis,
1239 528 1297 587 quat

79 599 149 659 inde
176 600 347 659 informatae
376 613 452 659 sunt.
502 599 578 674 Sed,
608 601 815 680 qualiscunque
839 599 956 660 tandem
982 600 1091 681 dialogi
1128 603 1297 667 Platonicis

80 700 254 758 comicorum
272 713 299 757 et
319 699 440 758 Luciani
460 697 638 759 dramatihns
663 698 814 760 diversitas
833 712 894 772 est,
915 697 994 757 illud
1018 698 1054 758 dc
1073 700 1231 761 Aristotele
1246 702 1297 761 131-
1330 746 1332 759 .

80 795 291 856 madvertamus
309 799 449 871 maxime,
469 799 601 876 dialogos
616 818 680 856 eum
699 797 887 857 destinavisse
906 798 1084 876 argumentis
1104 799 1297 879 popularibus,

84 895 215 954 interiori
236 916 303 955 vero
323 895 471 955 doctrinae
490 903 768 969 commentationes,
788 917 877 974 quum
896 895 978 954 Plato
1001 895 1126 976 dialogis
1146 897 1295 978 complexus

79 992 174 1053 omnia
199 992 279 1055 esset.
319 993 406 1054 Unde
432 994 464 1052 in
483 995 584 1075 primis
610 993 822 1053 Platonicorum
842 994 1013 1074 scriptorum
1032 1015 1094 1053 non
1111 994 1168 1055 dos
1187 1008 1215 1054 et
1232 1016 1294 1055 con·

80 1092 244 1167 mendatio,
264 1092 315 1152 sed
334 1103 450 1151 reaturo
469 1089 603 1151 efficitur.
647 1094 726 1167 Quae
750 1093 828 1149 enim
854 1090 990 1151 dramatis
1018 1092 1111 1153 forma
1140 1093 1221 1174 apud
1244 1114 1292 1153 cun

81 1190 184 1250 allexit
210 1190 246 1250 ad
273 1190 426 1270 legendum
455 1188 774 1271 philosophandumque
805 1191 986 1269 elegantioris
1014 1191 1128 1270 ingenii
1158 1191 1278 1253 homines

78 1290 145 1349 talis
169 1290 238 1348 haec
263 1290 374 1348 scilicet
402 1303 476 1363 erat,
498 1302 529 1348 ut
555 1311 599 1347 res
628 1289 696 1347 item
724 1280 837 1369 caperet
864 1287 1098 1349 abstrusissimas.
1142 1290 1289 1371 Respondet

80 1387 134 1447 illa
152 1388 239 1469 plane
260 1389 316 1468 ipsi
334 1386 458 1447 Socratis
477 1387 694 1467 philosophiae,
715 1407 787 1465 quae
810 1407 869 1445 non
889 1385 980 1445 doctis
1003 1385 1080 1461 alia,
1101 1387 1162 1447 alia
1186 1386 1290 1449 indoctis

79 1487 137 1545 fuit
147 1489 160 1560 ,'
176 1487 226 1546 sed
245 1487 353 1567 pariter
375 1488 500 1564 utrisque
523 1487 724 1545 conveniebat.
765 1484 862 1543 Sermo
886 1485 938 1544 vix
962 1485 1080 1564 eogitari
1093 1486 1288 1567 ‘simpliciora

80 1586 219 1645 familiari
241 1587 316 1644 vitae
337 1585 541 1645 consuetudini
560 1583 780 1646 convenientior
806 1596 916 1663 potest,
936 1603 1020 1660 quam
1040 1603 1098 1661 quo
1118 1585 1153 1643 in
1180 1582 1288 1643 Phaedro

78 1684 117 1743 de
137 1683 254 1749 dicendi
272 1684 474 1789 scribendique
494 1697 553 1742 arte
575 1685 687 1763 agitur·
702 1683 891 1775 amplectitur
900 1695 994 1740 autem
1013 1680 1091 1741 idem
1109 1702 1202 1743 sermo
1217 1681 1286 1742 subt

63 1780 155 1843 'mem
173 1782 253 1842 illam
274 1781 310 1841 de
328 1759 429 1862 puleio
455 1797 483 1843 et
503 1803 596 1841 amore
619 1781 797 1854 doctrinam,
819 1801 890 1859 quae
912 1781 975 1859 ipsa
998 1781 1130 1839 continet
1156 1782 1285 1843 univerae

80 1880 280 1961 philosophiae
298 1882 468 1962 principia.-
466 1883 540 1940 Res
558 1880 642 1940 nulla
661 1880 817 1939 abstrusior
839 1878 1040 1955 interiorisque
1059 1877 1270 1959 indagationis
1262 1898 1285 1935 u

83 1978 266 2060 philosophia
284 1994 393 2053 exstat,
415 1978 500 2058 quain
520 2000 591 2058 quae
609 1978 723 2037 Philehi
745 1992 803 2051 est,
824 1975 1284 2057 quaequeParmenidisarguncn·

83 2091 159 2137 tum:
188 2077 286 2137 eadem
315 2093 429 2152 tamen,
451 2100 508 2156 qua
538 2076 703 2151 Phaedrus,
724 2077 815 2135 forma
839 2075 938 2154 scripti
967 2073 999 2133 hi
1029 2072 1138 2155 dialogi
1168 2089 1247 2135 suut:
1261 2092 1285 2131 ac

81 2176 150 2237 licet
168 2198 226 2235 non
247 2177 346 2236 eadem
365 2177 416 2235 hos
444 2177 587 2256 legamus,
610 2196 665 2252 qua
695 2172 854 2233 Phaedrum
883 2186 932 2230 aut
956 2171 1139 2252 symposium
1150 2218 1159 2248 ,
1180 2173 1285 2233 oblecta·

80 2276 158 2339 tione
179 2311 212 2321 -
233 2275 415 2334 delectantur
434 2273 573 2332 videlicet
592 2273 710 2331 lectores
728 2273 787 2330 fere
809 2270 910 2351 pulcro
935 2271 1024 2349 magis
1044 2285 1072 2329 et
1090 2291 1206 2346 amore,
1222 2288 1285 2350 quot

81 2372 284 2453 metaphysicis
310 2370 562 2451 disquisitionibus
585 2408 614 2417 -
635 2384 731 2429 tamen
759 2392 818 2429 non
845 2382 943 2427 carent
967 2367 1020 2427 hae
1049 2369 1127 2449 ipsae
1138 2415 1147 2443 ‚
1178 2366 1284 2450 quantit

81 2471 290 2551 metaphysicae
319 2471 517 2549 quaestiones,
551 2470 647 2529 Attica
677 2481 850 2542 venustate,
880 2487 936 2544 qua
960 2465 1085 2526 Socratis
1115 2468 1148 2529 in
1180 2464 1284 2529 Phaedre

82 2568 320 2629 commendantur
333 2588 483 2628 sermones.
506 2569 582 2627 Haec
593 2568 704 2627 scilicet
718 2589 762 2627 ars
772 2567 825 2625 illa
834 2587 943 2625 summa
953 2580 1008 2642 est,
1024 2587 1110 2644 quam
1121 2567 1174 2627 uni
1185 2566 1284 2627 maxim

83 2667 197 2727 Platoni
217 2667 305 2726 fuisse
324 2667 469 2747 propriam
487 2679 628 2747 putemus.

123 2763 208 2840 Quod
227 2779 320 2825 autem
341 2765 479 2844 suspicati
501 2786 597 2824 sumus
607 2810 616 2838 ‚
637 2764 781 2845 singulare
801 2762 946 2843 quoddam
966 2782 1104 2840 suumque
1124 2760 1284 2823 Aristotelea

83 2863 233 2923 induxisse
252 2862 430 2942 dialogorum
449 2884 538 2942 genus
548 2908 557 2936 ‚
578 2884 637 2922 non
658 2861 795 2941 ejusmodi
816 2876 876 2938 est„
897 2863 978 2941 quasi
998 2859 1115 2921 dotibus
1133 2859 1284 2940 quibusda!

82 2962 260 3042 superaverit
278 2960 435 3020 Platonem.
478 2961 508 3020 Si
528 2963 675 3041 superavit
685 3007 693 3036 ,
716 2981 788 3040 quae
806 2961 916 3021 fuerint
935 2959 1004 3020 illae
1024 2958 1104 3019 dotes
1114 3004 1123 3034 ‚
1145 2981 1199 3019 nos
1217 2959 1284 3019 lua:

84 3081 150 3119 nam
169 3060 251 3139 copia
269 3058 321 3117 illa
339 3060 477 3118 orationis
501 3072 528 3118 et
556 3060 662 3138 tragica
687 3060 776 3120 dictio
805 3081 864 3119 non
895 3057 977 3145 decep
1005 3058 1121 3138 proprie
1152 3057 1285 3138 dialogum

83 3159 143 3217 Imo
163 3178 230 3217 vero
248 3155 464 3216 desiderabatur
483 3158 516 3216 in
534 3159 595 3234 ejus
615 3156 756 3238 dialogis,
777 3178 849 3236 quae
863 3155 960 3215 deesse
978 3156 1014 3219 iis
1029 3156 1150 3215 minime
1169 3154 1285 3223 deheim

84 3256 241 3317 dramatica
259 3256 340 3315 ratio.
383 3257 471 3333 Cujus
490 3256 532 3312 rei
550 3257 629 3314 testis
648 3272 689 3317 est
708 3256 847 3317 Basilius:
869 3253 929 3315 των
952 3248 1066 3326 ἔξωθεν
1083 3240 1287 3335 φιλοσόφωνά

84 3348 154 3427 roric
177 3345 329 3473 διαλόγους
352 3347 592 3434 συγγράψαντες,
622 3348 823 3436 Ἀριστοτέλης
847 3352 903 3434 μὲν
924 3354 972 3416 καὶ
999 3349 1193 3437 Θεόφραστος
1216 3344 1287 3441 “llll

86 3450 183 3517 αὐτῶν
207 3447 325 3537 ἥψαντο
347 3454 408 3516 ταῖν
433 3449 630 3536 πραγμάτων,
656 3451 705 3518 διά
730 3481 764 3519 το
759 3453 976 3519 συνειδέναιι
963 3460 1078 3531 sauceia
1098 3459 1160 3519 τῶν
1178 3460 1287 3520 chtu'

85 3559 170 3620 νικῶν
187 3557 320 3640 χαρίτων
335 3552 391 3640 τήν
410 3552 529 3619 ἔνδειαν.
572 3553 702 3622 Πλάτων
725 3557 820 3621 δὲ
781 3584 820 3647 cp
839 3553 1235 3683 εξ3331ρ133”1άγ33ὀμ33
1250 3576 1288 3638 μῦ

86 3663 149 3734 τοῖς
168 3655 354 3740 ὃόγμασι’
311 3685 451 3742 μάχεται,
476 3655 551 3741 ὁμου
538 3659 607 3722 δὲ
628 3686 677 3724 και
670 3644 969 3749 παρακωμωδεῖ
928 3686 964 3727 τα
979 3657 1134 3746 πρόσωπα.
1156 3661 1188 3744 2)
1224 3657 1288 3723 Undt
1300 3726 1319 3769 r·

86 3764 222 3845 princeps
237 3763 288 3822 illa
306 3763 432 3823 Platonis
451 3764 502 3824 dos
520 3766 712 3847 intelligitur
742 3766 896 3826 dramatica
917 3766 1056 3840 facultas,
1077 3787 1134 3845 qua
1159 3736 1308 3870 ingenio!

87 3883 232 3941 moresque
256 3884 440 3943 personarum
464 3867 611 3946 expressit.
653 3866 710 3926 Sed
729 3866 903 3947 peculiarem
923 3863 1084 3923 Aristotelis
1104 3863 1243 3923 rationem
1259 3859 1288 3917 13

87 3962 245 4041 telligimns
262 3960 389 4037 hancce,
410 3976 442 4020 ut
460 3963 660 4044 philosophiae
680 3964 839 4046 dialogum,
860 3980 996 4043 tanquam
1013 3964 1132 4022 formam
1148 3960 1288 4042 quandam

87 4059 252 4134 adhiberet,
272 4081 328 4138 qua
347 4058 458 4119 scilicet
475 4061 686 4120 commendaret
700 4061 861 4141 legentibus
877 4064 984 4144 placita
1000 4082 1058 4122 sua.
1080 4061 1116 4121 Id
1131 4075 1207 4120 certe
1215 4105 1224 4136 ,
1242 4061 1289 4139 putl

88 4179 154 4218 eum
168 4159 219 4237 qui
234 4157 361 4238 dialogos
375 4159 566 4240 seripserunt,
582 4174 748 4240 spectarunt
762 4162 835 4237 fere,
849 4161 1033 4237 Plutarchus,
1049 4148 1226 4259 hqhenaeus,
1242 4157 1287 4235 ipse

121 4367 149 4433 1)
166 4371 254 4445 Vqlch.
272 4374 306 4422 ad
327 4372 425 4421 Tlteocr.
445 4370 564 4420 Adortus.
583 4387 608 4436 p.
628 4369 684 4421 194.

124 4454 148 4518 2)
168 4458 244 4527 apat.
263 4456 319 4508 331.
339 4456 415 4524 (opp.
434 4457 479 4504 111.
499 4454 548 4506 ast
569 4454 606 4518 c.)
626 4457 664 4508 cr.
683 4459 759 4522 wyu.
778 4457 855 4524 spur.
875 4459 907 4506 ω
927 4475 970 4507 ue.
991 4474 1015 4522 ρ.
1034 4457 1086 4520 arr.
