<?xml version="1.0" encoding="UTF-8"?>
<!DOCTYPE html PUBLIC "-//W3C//DTD XHTML 1.0 Transitional//EN"
    "http://www.w3.org/TR/xhtml1/DTD/xhtml1-transitional.dtd">
<html xmlns="http://www.w3.org/1999/xhtml" xml:lang="en" lang="en">
 <head>
  <title>
</title>
<meta http-equiv="Content-Type" content="text/html;charset=utf-8" />
  <meta name='ocr-system' content='tesseract 3.04.00' />
  <meta name='ocr-capabilities' content='ocr_page ocr_carea ocr_par ocr_line ocrx_word'/>
</head>
<body>
  <div class='ocr_page' id='page_1' title='image "./initiaphilosoph00heusgoog_0339.png"; bbox 0 0 2774 5048; ppageno 0'>
   <div class='ocr_carea' id='block_1_1' title="bbox 672 206 730 266">
    <p class='ocr_par' dir='ltr' id='par_1_1' title="bbox 672 206 730 266">
     <span class='ocr_line' id='line_1_1' title="bbox 672 206 730 266; baseline 0.034 -2"><span class='ocrx_word' id='word_1_1' title='bbox 672 206 730 266; x_wconf 83' lang='grc'><strong>296</strong></span> 
     </span>
    </p>
   </div>
   <div class='ocr_carea' id='block_1_2' title="bbox 18 365 1337 4095">
    <p class='ocr_par' dir='ltr' id='par_1_2' title="bbox 18 365 1337 4095">
     <span class='ocr_line' id='line_1_2' title="bbox 92 365 1291 452; baseline 0.003 -25"><span class='ocrx_word' id='word_1_2' title='bbox 92 367 287 448; x_wconf 87' lang='lat' dir='ltr'><strong>disputatum,</strong></span> <span class='ocrx_word' id='word_1_3' title='bbox 308 365 395 425; x_wconf 90' lang='lat' dir='ltr'><strong>etsie</strong></span> <span class='ocrx_word' id='word_1_4' title='bbox 416 384 481 424; x_wconf 91' lang='lat' dir='ltr'><strong>eum</strong></span> <span class='ocrx_word' id='word_1_5' title='bbox 499 386 557 427; x_wconf 88' lang='lat' dir='ltr'><strong>esse</strong></span> <span class='ocrx_word' id='word_1_6' title='bbox 575 366 685 426; x_wconf 89' lang='lat' dir='ltr'><strong>talibus</strong></span> <span class='ocrx_word' id='word_1_7' title='bbox 703 368 880 429; x_wconf 85' lang='lat' dir='ltr'><strong>sermonibus</strong></span> <span class='ocrx_word' id='word_1_8' title='bbox 898 368 936 428; x_wconf 86' lang='lat' dir='ltr'><strong>ad</strong></span> <span class='ocrx_word' id='word_1_9' title='bbox 955 369 1025 429; x_wconf 86' lang='lat' dir='ltr'><strong>talia</strong></span> <span class='ocrx_word' id='word_1_10' title='bbox 1054 370 1291 452; x_wconf 77' lang='lat' dir='ltr'><strong>compellandam</strong></span> 
     </span>
     <span class='ocr_line' id='line_1_3' title="bbox 90 463 1292 548; baseline 0.003 -21"><span class='ocrx_word' id='word_1_11' title='bbox 90 468 119 527; x_wconf 85' lang='lat' dir='ltr'><strong>is</strong></span> <span class='ocrx_word' id='word_1_12' title='bbox 141 466 181 525; x_wconf 85' lang='lat' dir='ltr'><strong>ita</strong></span> <span class='ocrx_word' id='word_1_13' title='bbox 196 465 352 524; x_wconf 86' lang='lat' dir='ltr'><strong>instructus</strong></span> <span class='ocrx_word' id='word_1_14' title='bbox 362 507 371 537; x_wconf 93' lang='lat'><strong>,</strong></span> <span class='ocrx_word' id='word_1_15' title='bbox 391 483 457 522; x_wconf 90' lang='lat' dir='ltr'><strong>cum</strong></span> <span class='ocrx_word' id='word_1_16' title='bbox 483 463 521 525; x_wconf 91' lang='lat' dir='ltr'><strong>ad</strong></span> <span class='ocrx_word' id='word_1_17' title='bbox 541 465 688 547; x_wconf 71' lang='lat' dir='ltr'>superiora</span> <span class='ocrx_word' id='word_1_18' title='bbox 708 465 878 545; x_wconf 82' lang='lat' dir='ltr'><strong>adjunxerit</strong></span> <span class='ocrx_word' id='word_1_19' title='bbox 894 466 983 543; x_wconf 89' lang='lat' dir='ltr'><strong>haec,</strong></span> <span class='ocrx_word' id='word_1_20' title='bbox 1006 481 1038 527; x_wconf 90' lang='lat' dir='ltr'><strong>ut</strong></span> <span class='ocrx_word' id='word_1_21' title='bbox 1056 468 1198 548; x_wconf 84' lang='lat' dir='ltr'><strong>loquendi</strong></span> <span class='ocrx_word' id='word_1_22' title='bbox 1214 484 1292 531; x_wconf 81' lang='lat' dir='ltr'><strong>ucen-</strong></span> 
     </span>
     <span class='ocr_line' id='line_1_4' title="bbox 91 558 1292 650; baseline 0.007 -31"><span class='ocrx_word' id='word_1_23' title='bbox 91 563 200 643; x_wconf 77' lang='lat' dir='ltr'><strong>dique,</strong></span> <span class='ocrx_word' id='word_1_24' title='bbox 219 574 248 620; x_wconf 90' lang='lat' dir='ltr'><strong>et</strong></span> <span class='ocrx_word' id='word_1_25' title='bbox 265 559 480 642; x_wconf 54' lang='lat' dir='ltr'><strong>direptui-eylsi,</strong></span> <span class='ocrx_word' id='word_1_26' title='bbox 503 558 718 644; x_wconf 60' lang='grc' dir='ltr'><strong>Βεσοιὶιγὼς,</strong></span> <span class='ocrx_word' id='word_1_27' title='bbox 740 558 914 640; x_wconf 65' lang='lat' dir='ltr'><strong>deteriorata,</strong></span> <span class='ocrx_word' id='word_1_28' title='bbox 941 565 1176 648; x_wconf 87' lang='lat' dir='ltr'><strong>singularumque</strong></span> <span class='ocrx_word' id='word_1_29' title='bbox 1203 571 1292 650; x_wconf 85' lang='lat' dir='ltr'><strong>specie·</strong></span> 
     </span>
     <span class='ocr_line' id='line_1_5' title="bbox 92 663 1291 750; baseline 0.004 -29"><span class='ocrx_word' id='word_1_30' title='bbox 92 681 157 721; x_wconf 89' lang='lat' dir='ltr'><strong>rum</strong></span> <span class='ocrx_word' id='word_1_31' title='bbox 185 663 321 723; x_wconf 88' lang='lat' dir='ltr'><strong>orationis</strong></span> <span class='ocrx_word' id='word_1_32' title='bbox 348 677 378 723; x_wconf 91' lang='lat' dir='ltr'><strong>et</strong></span> <span class='ocrx_word' id='word_1_33' title='bbox 404 664 646 744; x_wconf 70' lang='lat' dir='ltr'><strong>opportunitatem</strong></span> <span class='ocrx_word' id='word_1_34' title='bbox 671 679 699 725; x_wconf 90' lang='lat' dir='ltr'><strong>et</strong></span> <span class='ocrx_word' id='word_1_35' title='bbox 729 667 972 750; x_wconf 82' lang='lat' dir='ltr'><strong>importunitatem</strong></span> <span class='ocrx_word' id='word_1_36' title='bbox 1005 665 1154 727; x_wconf 86' lang='lat' dir='ltr'><strong>discernat</strong></span> <span class='ocrx_word' id='word_1_37' title='bbox 1180 681 1291 747; x_wconf 77' lang='lat' dir='ltr'><strong>recteque</strong></span> 
     </span>
     <span class='ocr_line' id='line_1_6' title="bbox 91 761 1293 846; baseline 0.006 -27"><span class='ocrx_word' id='word_1_38' title='bbox 91 774 255 841; x_wconf 80' lang='lat' dir='ltr'><strong>cognoscat3</strong></span> <span class='ocrx_word' id='word_1_39' title='bbox 273 761 312 836; x_wconf 89' lang='lat' dir='ltr'><strong>is,</strong></span> <span class='ocrx_word' id='word_1_40' title='bbox 330 761 462 840; x_wconf 89' lang='lat' dir='ltr'><strong>iuquam,</strong></span> <span class='ocrx_word' id='word_1_41' title='bbox 481 775 542 820; x_wconf 92' lang='lat' dir='ltr'><strong>tum</strong></span> <span class='ocrx_word' id='word_1_42' title='bbox 560 762 676 822; x_wconf 90' lang='lat' dir='ltr'><strong>demum</strong></span> <span class='ocrx_word' id='word_1_43' title='bbox 692 763 766 824; x_wconf 91' lang='lat' dir='ltr'><strong>bene</strong></span> <span class='ocrx_word' id='word_1_44' title='bbox 785 767 966 846; x_wconf 77' lang='lat' dir='ltr'><strong>perfecteque</strong></span> <span class='ocrx_word' id='word_1_45' title='bbox 980 775 1080 823; x_wconf 81' lang='lat' dir='ltr'><strong>artem</strong></span> <span class='ocrx_word' id='word_1_46' title='bbox 1091 764 1225 839; x_wconf 83' lang='lat' dir='ltr'><strong>tenebit,</strong></span> <span class='ocrx_word' id='word_1_47' title='bbox 1242 780 1293 826; x_wconf 83' lang='lat' dir='ltr'><strong>anu</strong></span> 
     </span>
     <span class='ocr_line' id='line_1_7' title="bbox 61 858 1293 942; baseline 0.005 -24"><span class='ocrx_word' id='word_1_48' title='bbox 61 882 66 891; x_wconf 94' lang='lat'><strong>·</strong></span> <span class='ocrx_word' id='word_1_49' title='bbox 94 879 154 919; x_wconf 89' lang='lat' dir='ltr'><strong>nou</strong></span> <span class='ocrx_word' id='word_1_50' title='bbox 180 858 306 918; x_wconf 84' lang='lat' dir='ltr'><strong>tenebit:</strong></span> <span class='ocrx_word' id='word_1_51' title='bbox 337 872 366 918; x_wconf 84' lang='lat' dir='ltr'><strong>et</strong></span> <span class='ocrx_word' id='word_1_52' title='bbox 395 859 559 938; x_wconf 89' lang='lat' dir='ltr'><strong>quicunque</strong></span> <span class='ocrx_word' id='word_1_53' title='bbox 584 859 687 921; x_wconf 88' lang='lat' dir='ltr'><strong>horum</strong></span> <span class='ocrx_word' id='word_1_54' title='bbox 708 862 837 942; x_wconf 87' lang='lat' dir='ltr'><strong>quolibet</strong></span> <span class='ocrx_word' id='word_1_55' title='bbox 856 864 917 924; x_wconf 78' lang='lat' dir='ltr'><strong>sive</strong></span> <span class='ocrx_word' id='word_1_56' title='bbox 944 862 1070 922; x_wconf 62' lang='lat' dir='ltr'><strong>&amp;cando</strong></span> <span class='ocrx_word' id='word_1_57' title='bbox 1096 863 1160 925; x_wconf 84' lang='lat' dir='ltr'><strong>sive</strong></span> <span class='ocrx_word' id='word_1_58' title='bbox 1180 861 1293 924; x_wconf 81' lang='lat' dir='ltr'><strong>docendo</strong></span> 
     </span>
     <span class='ocr_line' id='line_1_8' title="bbox 94 955 1337 1040; baseline 0.005 -27"><span class='ocrx_word' id='word_1_59' title='bbox 94 955 156 1016; x_wconf 85' lang='lat' dir='ltr'><strong>sive</strong></span> <span class='ocrx_word' id='word_1_60' title='bbox 174 955 325 1018; x_wconf 87' lang='lat' dir='ltr'><strong>scribendo</strong></span> <span class='ocrx_word' id='word_1_61' title='bbox 342 959 480 1033; x_wconf 84' lang='lat' dir='ltr'><strong>caruerit,</strong></span> <span class='ocrx_word' id='word_1_62' title='bbox 501 957 609 1019; x_wconf 79' lang='lat' dir='ltr'><strong>dixerit</strong></span> <span class='ocrx_word' id='word_1_63' title='bbox 627 981 695 1021; x_wconf 82' lang='lat' dir='ltr'><strong>vero</strong></span> <span class='ocrx_word' id='word_1_64' title='bbox 715 982 744 1020; x_wconf 91' lang='lat' dir='ltr'><strong>se</strong></span> <span class='ocrx_word' id='word_1_65' title='bbox 764 972 832 1020; x_wconf 85' lang='lat' dir='ltr'><strong>arte</strong></span> <span class='ocrx_word' id='word_1_66' title='bbox 852 962 963 1038; x_wconf 85' lang='lat' dir='ltr'><strong>dicere,</strong></span> <span class='ocrx_word' id='word_1_67' title='bbox 982 962 1033 1040; x_wconf 89' lang='lat' dir='ltr'><strong>qui</strong></span> <span class='ocrx_word' id='word_1_68' title='bbox 1053 960 1167 1021; x_wconf 87' lang='lat' dir='ltr'><strong>nullam</strong></span> <span class='ocrx_word' id='word_1_69' title='bbox 1182 961 1210 1020; x_wconf 87' lang='lat' dir='ltr'><strong>ei</strong></span> <span class='ocrx_word' id='word_1_70' title='bbox 1225 960 1293 1022; x_wconf 80' lang='lat' dir='ltr'><strong>iidem</strong></span> <span class='ocrx_word' id='word_1_71' title='bbox 1334 998 1337 1019; x_wconf 81' lang='grc'>.</span> 
     </span>
     <span class='ocr_line' id='line_1_9' title="bbox 96 1036 1337 1149; baseline 0.002 -37"><span class='ocrx_word' id='word_1_72' title='bbox 96 1051 198 1128; x_wconf 70' lang='lat' dir='ltr'><strong>roes,</strong></span> <span class='ocrx_word' id='word_1_73' title='bbox 213 1055 341 1116; x_wconf 65' lang='lat' dir='ltr'><strong>anses.»</strong></span> <span class='ocrx_word' id='word_1_74' title='bbox 363 1053 392 1135; x_wconf 84' lang='lat'><strong>1)</strong></span> <span class='ocrx_word' id='word_1_75' title='bbox 1331 1036 1337 1149; x_wconf 73' lang='grc' dir='ltr'>Ι</span> 
     </span>
     <span class='ocr_line' id='line_1_10' title="bbox 136 1150 1337 1237; baseline 0.006 -26"><span class='ocrx_word' id='word_1_76' title='bbox 136 1152 214 1212; x_wconf 85' lang='lat' dir='ltr'><strong>Haec</strong></span> <span class='ocrx_word' id='word_1_77' title='bbox 242 1152 299 1214; x_wconf 90' lang='lat' dir='ltr'><strong>alia</strong></span> <span class='ocrx_word' id='word_1_78' title='bbox 328 1175 396 1213; x_wconf 86' lang='lat' dir='ltr'><strong>sanc</strong></span> <span class='ocrx_word' id='word_1_79' title='bbox 420 1154 561 1214; x_wconf 89' lang='lat' dir='ltr'><strong>rhetorica</strong></span> <span class='ocrx_word' id='word_1_80' title='bbox 590 1169 650 1231; x_wconf 91' lang='lat' dir='ltr'><strong>est,</strong></span> <span class='ocrx_word' id='word_1_81' title='bbox 677 1158 735 1217; x_wconf 87' lang='lat' dir='ltr'><strong>alia</strong></span> <span class='ocrx_word' id='word_1_82' title='bbox 763 1157 815 1217; x_wconf 88' lang='lat' dir='ltr'><strong>illa</strong></span> <span class='ocrx_word' id='word_1_83' title='bbox 841 1158 917 1235; x_wconf 87' lang='lat' dir='ltr'><strong>fuit,</strong></span> <span class='ocrx_word' id='word_1_84' title='bbox 935 1178 1008 1237; x_wconf 83' lang='lat' dir='ltr'><strong>quae</strong></span> <span class='ocrx_word' id='word_1_85' title='bbox 1027 1159 1060 1218; x_wconf 93' lang='lat' dir='ltr'><strong>in</strong></span> <span class='ocrx_word' id='word_1_86' title='bbox 1078 1157 1188 1217; x_wconf 89' lang='lat' dir='ltr'><strong>scholis</strong></span> <span class='ocrx_word' id='word_1_87' title='bbox 1207 1150 1292 1218; x_wconf 76' lang='lat' dir='ltr'><strong>asilu</strong></span> <span class='ocrx_word' id='word_1_88' title='bbox 1334 1154 1337 1227; x_wconf 60' lang='lat' dir='ltr'><strong>l</strong></span> 
     </span>
     <span class='ocr_line' id='line_1_11' title="bbox 95 1251 1293 1337; baseline 0.003 -27"><span class='ocrx_word' id='word_1_89' title='bbox 95 1251 252 1311; x_wconf 87' lang='lat' dir='ltr'><strong>recentiore</strong></span> <span class='ocrx_word' id='word_1_90' title='bbox 272 1264 362 1313; x_wconf 87' lang='lat' dir='ltr'><strong>aetate</strong></span> <span class='ocrx_word' id='word_1_91' title='bbox 384 1265 434 1313; x_wconf 87' lang='lat' dir='ltr'><strong>est.</strong></span> <span class='ocrx_word' id='word_1_92' title='bbox 476 1254 649 1315; x_wconf 80' lang='lat' dir='ltr'><strong>continebat</strong></span> <span class='ocrx_word' id='word_1_93' title='bbox 668 1276 700 1315; x_wconf 86' lang='lat' dir='ltr'><strong>ca</strong></span> <span class='ocrx_word' id='word_1_94' title='bbox 719 1256 796 1331; x_wconf 82' lang='lat' dir='ltr'><strong>iere,</strong></span> <span class='ocrx_word' id='word_1_95' title='bbox 825 1277 897 1335; x_wconf 90' lang='lat' dir='ltr'><strong>quae</strong></span> <span class='ocrx_word' id='word_1_96' title='bbox 923 1269 1038 1337; x_wconf 87' lang='lat' dir='ltr'><strong>tropos,</strong></span> <span class='ocrx_word' id='word_1_97' title='bbox 1066 1255 1192 1337; x_wconf 83' lang='lat' dir='ltr'><strong>figuras,</strong></span> <span class='ocrx_word' id='word_1_98' title='bbox 1211 1255 1293 1316; x_wconf 74' lang='lat' dir='ltr'><strong>erade</strong></span> 
     </span>
     <span class='ocr_line' id='line_1_12' title="bbox 96 1348 1293 1434; baseline 0.003 -25"><span class='ocrx_word' id='word_1_99' title='bbox 96 1348 144 1409; x_wconf 83' lang='lat' dir='ltr'><strong>nis</strong></span> <span class='ocrx_word' id='word_1_100' title='bbox 162 1348 313 1430; x_wconf 82' lang='lat' dir='ltr'><strong>periodos,</strong></span> <span class='ocrx_word' id='word_1_101' title='bbox 333 1350 438 1410; x_wconf 85' lang='lat' dir='ltr'><strong>similia</strong></span> <span class='ocrx_word' id='word_1_102' title='bbox 467 1364 644 1432; x_wconf 81' lang='lat' dir='ltr'><strong>spectarent,</strong></span> <span class='ocrx_word' id='word_1_103' title='bbox 664 1374 793 1433; x_wconf 87' lang='lat' dir='ltr'><strong>quaeque</strong></span> <span class='ocrx_word' id='word_1_104' title='bbox 812 1376 871 1414; x_wconf 91' lang='lat' dir='ltr'><strong>non</strong></span> <span class='ocrx_word' id='word_1_105' title='bbox 899 1354 1030 1434; x_wconf 87' lang='lat' dir='ltr'><strong>ignorare</strong></span> <span class='ocrx_word' id='word_1_106' title='bbox 1050 1368 1190 1415; x_wconf 90' lang='lat' dir='ltr'><strong>oratorem</strong></span> <span class='ocrx_word' id='word_1_107' title='bbox 1210 1353 1293 1427; x_wconf 67' lang='lat' dir='ltr'><strong>dect,</strong></span> 
     </span>
     <span class='ocr_line' id='line_1_13' title="bbox 95 1440 1293 1534; baseline 0.004 -28"><span class='ocrx_word' id='word_1_108' title='bbox 95 1440 142 1506; x_wconf 77' lang='lat' dir='ltr'><strong>soi</strong></span> <span class='ocrx_word' id='word_1_109' title='bbox 167 1441 238 1530; x_wconf 68' lang='grc' dir='ltr'><strong>προ]</strong></span> <span class='ocrx_word' id='word_1_110' title='bbox 265 1447 328 1530; x_wconf 82' lang='grc' dir='ltr'><strong>τῆς</strong></span> <span class='ocrx_word' id='word_1_111' title='bbox 354 1445 563 1532; x_wconf 77' lang='grc' dir='ltr'><strong><em>ῥητορικῆς,</em></strong></span> <span class='ocrx_word' id='word_1_112' title='bbox 591 1464 624 1509; x_wconf 91' lang='lat' dir='ltr'><strong>ut</strong></span> <span class='ocrx_word' id='word_1_113' title='bbox 647 1472 664 1510; x_wconf 92' lang='lat' dir='ltr'><strong>a</strong></span> <span class='ocrx_word' id='word_1_114' title='bbox 691 1452 808 1513; x_wconf 89' lang='lat' dir='ltr'><strong>Platone</strong></span> <span class='ocrx_word' id='word_1_115' title='bbox 828 1466 988 1529; x_wconf 80' lang='lat' dir='ltr'><strong>vocantur3</strong></span> <span class='ocrx_word' id='word_1_116' title='bbox 1010 1453 1102 1534; x_wconf 87' lang='lat' dir='ltr'><strong>ipsam</strong></span> <span class='ocrx_word' id='word_1_117' title='bbox 1124 1451 1293 1523; x_wconf 82' lang='lat' dir='ltr'><strong>rhetoricen,</strong></span> 
     </span>
     <span class='ocr_line' id='line_1_14' title="bbox 96 1534 1292 1633; baseline 0.003 -25"><span class='ocrx_word' id='word_1_118' title='bbox 96 1568 170 1627; x_wconf 83' lang='lat' dir='ltr'><strong>quae</strong></span> <span class='ocrx_word' id='word_1_119' title='bbox 195 1551 325 1631; x_wconf 85' lang='lat' dir='ltr'><strong>proxime</strong></span> <span class='ocrx_word' id='word_1_120' title='bbox 352 1565 393 1612; x_wconf 89' lang='lat' dir='ltr'><strong>est</strong></span> <span class='ocrx_word' id='word_1_121' title='bbox 421 1573 487 1612; x_wconf 92' lang='lat' dir='ltr'><strong>cum</strong></span> <span class='ocrx_word' id='word_1_122' title='bbox 514 1534 697 1633; x_wconf 84' lang='lat' dir='ltr'><strong>philosophia</strong></span> <span class='ocrx_word' id='word_1_123' title='bbox 726 1553 899 1630; x_wconf 89' lang='lat' dir='ltr'><strong>conjuncta,</strong></span> <span class='ocrx_word' id='word_1_124' title='bbox 919 1572 979 1611; x_wconf 89' lang='lat' dir='ltr'><strong>non</strong></span> <span class='ocrx_word' id='word_1_125' title='bbox 1006 1550 1194 1611; x_wconf 87' lang='lat' dir='ltr'><strong>continebat:</strong></span> <span class='ocrx_word' id='word_1_126' title='bbox 1220 1563 1249 1609; x_wconf 86' lang='lat' dir='ltr'><strong>ut</strong></span> <span class='ocrx_word' id='word_1_127' title='bbox 1262 1570 1292 1611; x_wconf 76' lang='lat' dir='ltr'><strong>re</strong></span> 
     </span>
     <span class='ocr_line' id='line_1_15' title="bbox 98 1646 1293 1730; baseline 0.003 -24"><span class='ocrx_word' id='word_1_128' title='bbox 98 1647 187 1708; x_wconf 87' lang='lat' dir='ltr'><strong>ferret</strong></span> <span class='ocrx_word' id='word_1_129' title='bbox 211 1647 297 1729; x_wconf 88' lang='lat' dir='ltr'><strong>plane</strong></span> <span class='ocrx_word' id='word_1_130' title='bbox 324 1665 452 1710; x_wconf 83' lang='lat' dir='ltr'><strong>veterum</strong></span> <span class='ocrx_word' id='word_1_131' title='bbox 470 1651 589 1710; x_wconf 91' lang='lat' dir='ltr'><strong>istorum</strong></span> <span class='ocrx_word' id='word_1_132' title='bbox 617 1650 762 1711; x_wconf 88' lang='lat' dir='ltr'><strong>rhetorum</strong></span> <span class='ocrx_word' id='word_1_133' title='bbox 786 1662 815 1708; x_wconf 91' lang='lat' dir='ltr'><strong>et</strong></span> <span class='ocrx_word' id='word_1_134' title='bbox 833 1649 1023 1730; x_wconf 79' lang='lat' dir='ltr'><strong>sophistarum</strong></span> <span class='ocrx_word' id='word_1_135' title='bbox 1049 1663 1133 1709; x_wconf 87' lang='lat' dir='ltr'><strong>artes.</strong></span> <span class='ocrx_word' id='word_1_136' title='bbox 1184 1646 1293 1709; x_wconf 83' lang='lat' dir='ltr'><strong>Platori·</strong></span> 
     </span>
     <span class='ocr_line' id='line_1_16' title="bbox 98 1746 1292 1829; baseline 0.002 -25"><span class='ocrx_word' id='word_1_137' title='bbox 98 1765 161 1804; x_wconf 89' lang='lat' dir='ltr'><strong>cam</strong></span> <span class='ocrx_word' id='word_1_138' title='bbox 188 1767 256 1807; x_wconf 78' lang='lat' dir='ltr'><strong>vero</strong></span> <span class='ocrx_word' id='word_1_139' title='bbox 283 1746 444 1808; x_wconf 88' lang='lat' dir='ltr'><strong>doctrinam</strong></span> <span class='ocrx_word' id='word_1_140' title='bbox 470 1749 548 1808; x_wconf 90' lang='lat' dir='ltr'><strong>omui</strong></span> <span class='ocrx_word' id='word_1_141' title='bbox 577 1769 648 1810; x_wconf 83' lang='lat' dir='ltr'><strong>aevo</strong></span> <span class='ocrx_word' id='word_1_142' title='bbox 678 1747 840 1808; x_wconf 89' lang='lat' dir='ltr'><strong>retulerunt</strong></span> <span class='ocrx_word' id='word_1_143' title='bbox 864 1748 1037 1828; x_wconf 90' lang='lat' dir='ltr'><strong>optimorum</strong></span> <span class='ocrx_word' id='word_1_144' title='bbox 1063 1747 1292 1829; x_wconf 70' lang='lat' dir='ltr'><strong>philosophorum,</strong></span> 
     </span>
     <span class='ocr_line' id='line_1_17' title="bbox 99 1844 1293 1928; baseline 0.001 -24"><span class='ocrx_word' id='word_1_145' title='bbox 99 1844 206 1923; x_wconf 89' lang='lat' dir='ltr'><strong>quide</strong></span> <span class='ocrx_word' id='word_1_146' title='bbox 225 1844 279 1905; x_wconf 89' lang='lat' dir='ltr'><strong>hac</strong></span> <span class='ocrx_word' id='word_1_147' title='bbox 299 1860 360 1906; x_wconf 84' lang='lat' dir='ltr'><strong>arte</strong></span> <span class='ocrx_word' id='word_1_148' title='bbox 379 1861 516 1928; x_wconf 85' lang='lat' dir='ltr'><strong>egerunt,</strong></span> <span class='ocrx_word' id='word_1_149' title='bbox 536 1847 651 1927; x_wconf 87' lang='lat' dir='ltr'><strong>scripta.</strong></span> <span class='ocrx_word' id='word_1_150' title='bbox 691 1847 763 1906; x_wconf 90' lang='lat' dir='ltr'><strong>Nam</strong></span> <span class='ocrx_word' id='word_1_151' title='bbox 792 1859 824 1904; x_wconf 93' lang='lat' dir='ltr'><strong>ut</strong></span> <span class='ocrx_word' id='word_1_152' title='bbox 845 1845 996 1907; x_wconf 88' lang='lat' dir='ltr'><strong>dialectica</strong></span> <span class='ocrx_word' id='word_1_153' title='bbox 1013 1846 1160 1922; x_wconf 84' lang='lat' dir='ltr'><strong>Platonis,</strong></span> <span class='ocrx_word' id='word_1_154' title='bbox 1181 1847 1219 1905; x_wconf 87' lang='lat' dir='ltr'><strong>ita</strong></span> <span class='ocrx_word' id='word_1_155' title='bbox 1241 1844 1293 1905; x_wconf 81' lang='lat' dir='ltr'><strong>haer</strong></span> 
     </span>
     <span class='ocr_line' id='line_1_18' title="bbox 99 1941 1295 2022; baseline 0.002 -21"><span class='ocrx_word' id='word_1_156' title='bbox 99 1941 227 2022; x_wconf 85' lang='lat' dir='ltr'><strong>ejusdem</strong></span> <span class='ocrx_word' id='word_1_157' title='bbox 250 1943 409 2020; x_wconf 89' lang='lat' dir='ltr'><strong>rhetorica,</strong></span> <span class='ocrx_word' id='word_1_158' title='bbox 429 1946 508 2005; x_wconf 77' lang='lat' dir='ltr'><strong>uiam</strong></span> <span class='ocrx_word' id='word_1_159' title='bbox 526 1959 555 2005; x_wconf 91' lang='lat' dir='ltr'><strong>et</strong></span> <span class='ocrx_word' id='word_1_160' title='bbox 572 1944 720 2005; x_wconf 74' lang='lat' dir='ltr'><strong>Aristoteli</strong></span> <span class='ocrx_word' id='word_1_161' title='bbox 744 1958 772 2003; x_wconf 90' lang='lat' dir='ltr'><strong>et</strong></span> <span class='ocrx_word' id='word_1_162' title='bbox 799 1965 867 2005; x_wconf 83' lang='lat' dir='ltr'><strong>vero</strong></span> <span class='ocrx_word' id='word_1_163' title='bbox 886 1945 1017 2005; x_wconf 88' lang='lat' dir='ltr'><strong>Ciceroni</strong></span> <span class='ocrx_word' id='word_1_164' title='bbox 1038 1944 1159 2020; x_wconf 80' lang='lat' dir='ltr'><strong>stravit,</strong></span> <span class='ocrx_word' id='word_1_165' title='bbox 1181 1957 1212 2004; x_wconf 90' lang='lat' dir='ltr'><strong>ut</strong></span> <span class='ocrx_word' id='word_1_166' title='bbox 1234 1956 1295 2003; x_wconf 76' lang='lat' dir='ltr'><strong>unu</strong></span> 
     </span>
     <span class='ocr_line' id='line_1_19' title="bbox 100 2040 1297 2127; baseline 0.002 -26"><span class='ocrx_word' id='word_1_167' title='bbox 100 2040 258 2121; x_wconf 86' lang='lat' dir='ltr'><strong>aliquando</strong></span> <span class='ocrx_word' id='word_1_168' title='bbox 283 2063 349 2102; x_wconf 90' lang='lat' dir='ltr'><strong>cum</strong></span> <span class='ocrx_word' id='word_1_169' title='bbox 375 2042 548 2124; x_wconf 79' lang='lat' dir='ltr'><strong>diligentia,</strong></span> <span class='ocrx_word' id='word_1_170' title='bbox 578 2042 738 2127; x_wconf 80' lang='lat' dir='ltr'><strong>elegantip,</strong></span> <span class='ocrx_word' id='word_1_171' title='bbox 767 2042 849 2122; x_wconf 87' lang='lat' dir='ltr'><strong>copia</strong></span> <span class='ocrx_word' id='word_1_172' title='bbox 870 2042 907 2102; x_wconf 90' lang='lat' dir='ltr'><strong>de</strong></span> <span class='ocrx_word' id='word_1_173' title='bbox 926 2044 1093 2122; x_wconf 78' lang='lat' dir='ltr'><strong>gravissima</strong></span> <span class='ocrx_word' id='word_1_174' title='bbox 1120 2057 1180 2102; x_wconf 91' lang='lat' dir='ltr'><strong>arte</strong></span> <span class='ocrx_word' id='word_1_175' title='bbox 1199 2042 1297 2103; x_wconf 63' lang='grc' dir='ltr'>ὤιιιια</span> 
     </span>
     <span class='ocr_line' id='line_1_20' title="bbox 100 2138 1299 2222; baseline 0 -23"><span class='ocrx_word' id='word_1_176' title='bbox 100 2153 175 2200; x_wconf 88' lang='lat' dir='ltr'><strong>rent.</strong></span> <span class='ocrx_word' id='word_1_177' title='bbox 204 2141 413 2222; x_wconf 84' lang='lat' dir='ltr'><strong>Disputationis</strong></span> <span class='ocrx_word' id='word_1_178' title='bbox 433 2155 598 2215; x_wconf 88' lang='lat' dir='ltr'><strong>accuratae,</strong></span> <span class='ocrx_word' id='word_1_179' title='bbox 616 2161 743 2220; x_wconf 89' lang='lat' dir='ltr'><strong>quaeque</strong></span> <span class='ocrx_word' id='word_1_180' title='bbox 767 2140 936 2201; x_wconf 89' lang='lat' dir='ltr'><strong>definiendo</strong></span> <span class='ocrx_word' id='word_1_181' title='bbox 945 2186 955 2216; x_wconf 89' lang='lat'><strong>,</strong></span> <span class='ocrx_word' id='word_1_182' title='bbox 975 2139 1197 2216; x_wconf 87' lang='lat' dir='ltr'><strong>distribuendo,</strong></span> <span class='ocrx_word' id='word_1_183' title='bbox 1215 2138 1299 2200; x_wconf 79' lang='lat' dir='ltr'><strong>ordint</strong></span> 
     </span>
     <span class='ocr_line' id='line_1_21' title="bbox 100 2236 1300 2319; baseline 0 -24"><span class='ocrx_word' id='word_1_184' title='bbox 100 2237 219 2297; x_wconf 90' lang='lat' dir='ltr'><strong>omnino</strong></span> <span class='ocrx_word' id='word_1_185' title='bbox 238 2237 422 2318; x_wconf 88' lang='lat' dir='ltr'><strong>procederet,</strong></span> <span class='ocrx_word' id='word_1_186' title='bbox 442 2239 605 2318; x_wconf 85' lang='lat' dir='ltr'><strong>exemplum</strong></span> <span class='ocrx_word' id='word_1_187' title='bbox 625 2240 738 2319; x_wconf 92' lang='lat' dir='ltr'><strong>utrique</strong></span> <span class='ocrx_word' id='word_1_188' title='bbox 756 2240 852 2313; x_wconf 89' lang='lat' dir='ltr'><strong>Plato,</strong></span> <span class='ocrx_word' id='word_1_189' title='bbox 874 2253 907 2298; x_wconf 91' lang='lat' dir='ltr'><strong>ut</strong></span> <span class='ocrx_word' id='word_1_190' title='bbox 930 2253 997 2299; x_wconf 89' lang='lat' dir='ltr'><strong>ante</strong></span> <span class='ocrx_word' id='word_1_191' title='bbox 1021 2238 1253 2315; x_wconf 79' lang='lat' dir='ltr'><strong>observavimus,</strong></span> <span class='ocrx_word' id='word_1_192' title='bbox 1275 2236 1300 2295; x_wconf 78' lang='lat' dir='ltr'><strong>is</strong></span> 
     </span>
     <span class='ocr_line' id='line_1_22' title="bbox 101 2330 1299 2418; baseline 0.002 -24"><span class='ocrx_word' id='word_1_193' title='bbox 101 2331 230 2394; x_wconf 87' lang='lat' dir='ltr'><strong>Phaedro</strong></span> <span class='ocrx_word' id='word_1_194' title='bbox 256 2334 355 2411; x_wconf 77' lang='lat' dir='ltr'><strong>dedit,</strong></span> <span class='ocrx_word' id='word_1_195' title='bbox 377 2336 428 2394; x_wconf 87' lang='lat' dir='ltr'><strong>ubi</strong></span> <span class='ocrx_word' id='word_1_196' title='bbox 448 2356 527 2396; x_wconf 88' lang='lat' dir='ltr'><strong>suam</strong></span> <span class='ocrx_word' id='word_1_197' title='bbox 544 2335 673 2396; x_wconf 86' lang='lat' dir='ltr'><strong>Socrates</strong></span> <span class='ocrx_word' id='word_1_198' title='bbox 689 2338 721 2396; x_wconf 93' lang='lat' dir='ltr'><strong>in</strong></span> <span class='ocrx_word' id='word_1_199' title='bbox 742 2358 863 2398; x_wconf 90' lang='lat' dir='ltr'><strong>amorem</strong></span> <span class='ocrx_word' id='word_1_200' title='bbox 883 2338 1040 2398; x_wconf 91' lang='lat' dir='ltr'><strong>orationem</strong></span> <span class='ocrx_word' id='word_1_201' title='bbox 1067 2337 1170 2418; x_wconf 77' lang='lat' dir='ltr'><strong>Lysiae</strong></span> <span class='ocrx_word' id='word_1_202' title='bbox 1196 2330 1299 2396; x_wconf 65' lang='lat' dir='ltr'><strong>sermtfl‘</strong></span> 
     </span>
     <span class='ocr_line' id='line_1_23' title="bbox 103 2431 1337 2519; baseline 0.001 -27"><span class='ocrx_word' id='word_1_203' title='bbox 103 2432 233 2514; x_wconf 90' lang='lat' dir='ltr'><strong>opponit.</strong></span> <span class='ocrx_word' id='word_1_204' title='bbox 273 2431 330 2492; x_wconf 89' lang='lat' dir='ltr'><strong>Sed</strong></span> <span class='ocrx_word' id='word_1_205' title='bbox 359 2434 449 2516; x_wconf 91' lang='lat' dir='ltr'><strong>ipsius</strong></span> <span class='ocrx_word' id='word_1_206' title='bbox 478 2433 642 2494; x_wconf 89' lang='lat' dir='ltr'><strong>Platonicae</strong></span> <span class='ocrx_word' id='word_1_207' title='bbox 669 2434 846 2512; x_wconf 86' lang='lat' dir='ltr'><strong>rhetoricae,</strong></span> <span class='ocrx_word' id='word_1_208' title='bbox 866 2438 900 2495; x_wconf 88' lang='lat' dir='ltr'><strong>in</strong></span> <span class='ocrx_word' id='word_1_209' title='bbox 920 2435 1082 2496; x_wconf 80' lang='lat' dir='ltr'><strong>Aristotelis</strong></span> <span class='ocrx_word' id='word_1_210' title='bbox 1111 2434 1149 2495; x_wconf 91' lang='lat' dir='ltr'><strong>de</strong></span> <span class='ocrx_word' id='word_1_211' title='bbox 1176 2433 1229 2493; x_wconf 88' lang='lat' dir='ltr'><strong>hac</strong></span> <span class='ocrx_word' id='word_1_212' title='bbox 1252 2442 1298 2493; x_wconf 78' lang='lat' dir='ltr'><strong>ne</strong></span> <span class='ocrx_word' id='word_1_213' title='bbox 1334 2506 1337 2519; x_wconf 37' lang='grc' dir='ltr'>Ι</span> 
     </span>
     <span class='ocr_line' id='line_1_24' title="bbox 103 2522 1337 2637; baseline -0.002 -41"><span class='ocrx_word' id='word_1_214' title='bbox 103 2559 187 2618; x_wconf 87' lang='lat' dir='ltr'><strong>opere</strong></span> <span class='ocrx_word' id='word_1_215' title='bbox 198 2585 206 2612; x_wconf 94' lang='lat'><strong>,</strong></span> <span class='ocrx_word' id='word_1_216' title='bbox 226 2537 381 2622; x_wconf 84' lang='lat' dir='ltr'><strong>descriptio</strong></span> <span class='ocrx_word' id='word_1_217' title='bbox 400 2555 429 2601; x_wconf 89' lang='lat' dir='ltr'><strong>et</strong></span> <span class='ocrx_word' id='word_1_218' title='bbox 448 2541 528 2621; x_wconf 87' lang='lat' dir='ltr'><strong>quasi</strong></span> <span class='ocrx_word' id='word_1_219' title='bbox 549 2562 681 2622; x_wconf 86' lang='lat' dir='ltr'><strong>expressa</strong></span> <span class='ocrx_word' id='word_1_220' title='bbox 705 2541 797 2617; x_wconf 84' lang='lat' dir='ltr'><strong>imago</strong></span> <span class='ocrx_word' id='word_1_221' title='bbox 823 2549 924 2596; x_wconf 85' lang='lat' dir='ltr'><strong>exstat.</strong></span> <span class='ocrx_word' id='word_1_222' title='bbox 965 2533 1051 2610; x_wconf 89' lang='lat' dir='ltr'><strong>Quod</strong></span> <span class='ocrx_word' id='word_1_223' title='bbox 1076 2548 1179 2616; x_wconf 85' lang='lat' dir='ltr'><strong>sponte</strong></span> <span class='ocrx_word' id='word_1_224' title='bbox 1199 2532 1303 2637; x_wconf 59' lang='lat' dir='ltr'><strong>udat,</strong></span> <span class='ocrx_word' id='word_1_225' title='bbox 1334 2522 1337 2557; x_wconf 65' lang='lat'><strong>⁴</strong></span> 
     </span>
     <span class='ocr_line' id='line_1_25' title="bbox 103 2633 1301 2717; baseline -0.005 -20"><span class='ocrx_word' id='word_1_226' title='bbox 103 2636 153 2717; x_wconf 86' lang='lat' dir='ltr'><strong>qui</strong></span> <span class='ocrx_word' id='word_1_227' title='bbox 172 2636 348 2698; x_wconf 86' lang='lat' dir='ltr'><strong>Platonicam</strong></span> <span class='ocrx_word' id='word_1_228' title='bbox 365 2639 439 2699; x_wconf 84' lang='lat' dir='ltr'><strong>hanc</strong></span> <span class='ocrx_word' id='word_1_229' title='bbox 460 2639 498 2699; x_wconf 92' lang='lat' dir='ltr'><strong>de</strong></span> <span class='ocrx_word' id='word_1_230' title='bbox 517 2638 677 2700; x_wconf 86' lang='lat' dir='ltr'><strong>disserendi</strong></span> <span class='ocrx_word' id='word_1_231' title='bbox 694 2636 846 2716; x_wconf 86' lang='lat' dir='ltr'><strong>diligentia</strong></span> <span class='ocrx_word' id='word_1_232' title='bbox 866 2635 1089 2716; x_wconf 86' lang='lat' dir='ltr'><strong>disputationem</strong></span> <span class='ocrx_word' id='word_1_233' title='bbox 1108 2654 1175 2692; x_wconf 92' lang='lat' dir='ltr'><strong>cum</strong></span> <span class='ocrx_word' id='word_1_234' title='bbox 1193 2633 1228 2692; x_wconf 85' lang='lat' dir='ltr'><strong>iis</strong></span> <span class='ocrx_word' id='word_1_235' title='bbox 1243 2648 1301 2690; x_wconf 82' lang='lat' dir='ltr'><strong>cott-</strong></span> 
     </span>
     <span class='ocr_line' id='line_1_26' title="bbox 103 2731 1301 2818; baseline -0.004 -24"><span class='ocrx_word' id='word_1_236' title='bbox 103 2748 226 2816; x_wconf 87' lang='lat' dir='ltr'><strong>parant,</strong></span> <span class='ocrx_word' id='word_1_237' title='bbox 254 2757 326 2816; x_wconf 86' lang='lat' dir='ltr'><strong>quae</strong></span> <span class='ocrx_word' id='word_1_238' title='bbox 355 2758 392 2797; x_wconf 79' lang='lat' dir='ltr'><strong>ex</strong></span> <span class='ocrx_word' id='word_1_239' title='bbox 417 2737 578 2801; x_wconf 79' lang='lat' dir='ltr'><strong>Aristotelis</strong></span> <span class='ocrx_word' id='word_1_240' title='bbox 606 2737 682 2798; x_wconf 85' lang='lat' dir='ltr'><strong>libro</strong></span> <span class='ocrx_word' id='word_1_241' title='bbox 703 2756 787 2818; x_wconf 90' lang='lat' dir='ltr'><strong>supra</strong></span> <span class='ocrx_word' id='word_1_242' title='bbox 810 2733 1001 2793; x_wconf 81' lang='lat' dir='ltr'><strong>laudavimus.</strong></span> <span class='ocrx_word' id='word_1_243' title='bbox 1052 2731 1163 2791; x_wconf 88' lang='lat' dir='ltr'><strong>Pariter</strong></span> <span class='ocrx_word' id='word_1_244' title='bbox 1181 2731 1229 2790; x_wconf 91' lang='lat' dir='ltr'><strong>hic</strong></span> <span class='ocrx_word' id='word_1_245' title='bbox 1252 2748 1301 2788; x_wconf 82' lang='lat' dir='ltr'><strong>cet·</strong></span> 
     </span>
     <span class='ocr_line' id='line_1_27' title="bbox 105 2827 1300 2917; baseline -0.006 -25"><span class='ocrx_word' id='word_1_246' title='bbox 105 2832 203 2893; x_wconf 88' lang='lat' dir='ltr'><strong>nendo</strong></span> <span class='ocrx_word' id='word_1_247' title='bbox 222 2833 484 2916; x_wconf 89' lang='lat' dir='ltr'><strong>distinguendoque</strong></span> <span class='ocrx_word' id='word_1_248' title='bbox 504 2835 653 2917; x_wconf 86' lang='lat' dir='ltr'><strong>procedit:</strong></span> <span class='ocrx_word' id='word_1_249' title='bbox 676 2836 783 2917; x_wconf 87' lang='lat' dir='ltr'><strong>pariter</strong></span> <span class='ocrx_word' id='word_1_250' title='bbox 803 2829 993 2892; x_wconf 87' lang='lat' dir='ltr'><strong>attendendos</strong></span> <span class='ocrx_word' id='word_1_251' title='bbox 1011 2830 1116 2890; x_wconf 88' lang='lat' dir='ltr'><strong>oratori</strong></span> <span class='ocrx_word' id='word_1_252' title='bbox 1139 2827 1300 2889; x_wconf 80' lang='lat' dir='ltr'><strong>audientiu</strong></span> 
     </span>
     <span class='ocr_line' id='line_1_28' title="bbox 105 2922 1298 3014; baseline -0.005 -23"><span class='ocrx_word' id='word_1_253' title='bbox 105 2931 215 2991; x_wconf 88' lang='lat' dir='ltr'><strong>animos</strong></span> <span class='ocrx_word' id='word_1_254' title='bbox 243 2934 401 3014; x_wconf 89' lang='lat' dir='ltr'><strong>praecipit,</strong></span> <span class='ocrx_word' id='word_1_255' title='bbox 427 2947 455 2992; x_wconf 88' lang='lat' dir='ltr'><strong>et</strong></span> <span class='ocrx_word' id='word_1_256' title='bbox 485 2954 542 3013; x_wconf 86' lang='lat' dir='ltr'><strong>qua</strong></span> <span class='ocrx_word' id='word_1_257' title='bbox 563 2934 621 2992; x_wconf 88' lang='lat' dir='ltr'><strong>sint</strong></span> <span class='ocrx_word' id='word_1_258' title='bbox 652 2932 698 2992; x_wconf 94' lang='lat' dir='ltr'><strong>illi</strong></span> <span class='ocrx_word' id='word_1_259' title='bbox 725 2944 834 3004; x_wconf 87' lang='lat' dir='ltr'><strong>aetate,</strong></span> <span class='ocrx_word' id='word_1_260' title='bbox 856 2949 912 3007; x_wconf 87' lang='lat' dir='ltr'><strong>quo</strong></span> <span class='ocrx_word' id='word_1_261' title='bbox 935 2928 1077 3008; x_wconf 86' lang='lat' dir='ltr'><strong>ingenio,</strong></span> <span class='ocrx_word' id='word_1_262' title='bbox 1097 2927 1205 3006; x_wconf 87' lang='lat' dir='ltr'><strong>quibus</strong></span> <span class='ocrx_word' id='word_1_263' title='bbox 1232 2922 1298 2985; x_wconf 84' lang='lat' dir='ltr'><strong>mori·</strong></span> 
     </span>
     <span class='ocr_line' id='line_1_29' title="bbox 18 3025 1297 3109; baseline -0.002 -23"><span class='ocrx_word' id='word_1_264' title='bbox 18 3040 30 3059; x_wconf 85' lang='grc'><em>“</em></span> <span class='ocrx_word' id='word_1_265' title='bbox 106 3027 178 3103; x_wconf 90' lang='lat' dir='ltr'><strong>bus,</strong></span> <span class='ocrx_word' id='word_1_266' title='bbox 198 3029 303 3108; x_wconf 89' lang='lat' dir='ltr'><strong>quibus</strong></span> <span class='ocrx_word' id='word_1_267' title='bbox 328 3030 451 3091; x_wconf 87' lang='lat' dir='ltr'><strong>studiis:</strong></span> <span class='ocrx_word' id='word_1_268' title='bbox 481 3031 532 3090; x_wconf 91' lang='lat' dir='ltr'><strong>ubi</strong></span> <span class='ocrx_word' id='word_1_269' title='bbox 559 3031 638 3090; x_wconf 91' lang='lat' dir='ltr'><strong>locus</strong></span> <span class='ocrx_word' id='word_1_270' title='bbox 658 3043 750 3089; x_wconf 85' lang='lat' dir='ltr'><strong>exstat</strong></span> <span class='ocrx_word' id='word_1_271' title='bbox 778 3027 941 3109; x_wconf 89' lang='lat' dir='ltr'><strong>praeclarus</strong></span> <span class='ocrx_word' id='word_1_272' title='bbox 970 3025 1007 3085; x_wconf 88' lang='lat' dir='ltr'><strong>de</strong></span> <span class='ocrx_word' id='word_1_273' title='bbox 1038 3026 1127 3085; x_wconf 86' lang='lat' dir='ltr'><strong>variis</strong></span> <span class='ocrx_word' id='word_1_274' title='bbox 1159 3025 1297 3085; x_wconf 76' lang='lat' dir='ltr'><strong>auditam</strong></span> 
     </span>
     <span class='ocr_line' id='line_1_30' title="bbox 107 3122 1294 3209; baseline -0.001 -25"><span class='ocrx_word' id='word_1_275' title='bbox 107 3125 265 3202; x_wconf 89' lang='lat' dir='ltr'><strong>aetatibus,</strong></span> <span class='ocrx_word' id='word_1_276' title='bbox 286 3127 322 3187; x_wconf 85' lang='lat' dir='ltr'><strong>de</strong></span> <span class='ocrx_word' id='word_1_277' title='bbox 341 3129 485 3209; x_wconf 91' lang='lat' dir='ltr'><strong>pueritia,</strong></span> <span class='ocrx_word' id='word_1_278' title='bbox 506 3128 543 3187; x_wconf 91' lang='lat' dir='ltr'><strong>de</strong></span> <span class='ocrx_word' id='word_1_279' title='bbox 564 3128 774 3203; x_wconf 88' lang='lat' dir='ltr'><strong>adolescentia,</strong></span> <span class='ocrx_word' id='word_1_280' title='bbox 804 3126 840 3186; x_wconf 88' lang='lat' dir='ltr'><strong>de</strong></span> <span class='ocrx_word' id='word_1_281' title='bbox 858 3138 1021 3200; x_wconf 87' lang='lat' dir='ltr'><strong>senectute,</strong></span> <span class='ocrx_word' id='word_1_282' title='bbox 1042 3122 1075 3202; x_wconf 83' lang='lat'><strong>2)</strong></span> <span class='ocrx_word' id='word_1_283' title='bbox 1103 3144 1191 3204; x_wconf 90' lang='lat' dir='ltr'><strong>quem</strong></span> <span class='ocrx_word' id='word_1_284' title='bbox 1208 3140 1294 3204; x_wconf 71' lang='lat' dir='ltr'><strong>expttr</strong></span> 
     </span>
     <span class='ocr_line' id='line_1_31' title="bbox 108 3212 1311 3304; baseline -0.002 -23"><span class='ocrx_word' id='word_1_285' title='bbox 108 3223 196 3283; x_wconf 89' lang='lat' dir='ltr'><strong>sitin</strong></span> <span class='ocrx_word' id='word_1_286' title='bbox 216 3224 353 3302; x_wconf 75' lang='lat' dir='ltr'><strong>Epistola</strong></span> <span class='ocrx_word' id='word_1_287' title='bbox 381 3229 422 3286; x_wconf 85' lang='lat' dir='ltr'><strong>ad</strong></span> <span class='ocrx_word' id='word_1_288' title='bbox 448 3227 573 3286; x_wconf 81' lang='lat' dir='ltr'><strong>Pisones</strong></span> <span class='ocrx_word' id='word_1_289' title='bbox 597 3227 750 3301; x_wconf 89' lang='lat' dir='ltr'><strong>Horatius,</strong></span> <span class='ocrx_word' id='word_1_290' title='bbox 781 3225 867 3284; x_wconf 93' lang='lat' dir='ltr'><strong>ubi</strong></span> <span class='ocrx_word' id='word_1_291' title='bbox 859 3246 883 3282; x_wconf 86' lang='lat' dir='ltr'><strong>rs</strong></span> <span class='ocrx_word' id='word_1_292' title='bbox 903 3224 995 3303; x_wconf 74' lang='grc' dir='ltr'>Ροὲῑιε</span> <span class='ocrx_word' id='word_1_293' title='bbox 1014 3223 1092 3282; x_wconf 91' lang='lat' dir='ltr'><strong>idem</strong></span> <span class='ocrx_word' id='word_1_294' title='bbox 1118 3212 1311 3304; x_wconf 70' lang='lat' dir='ltr'><strong>praecipiti).</strong></span> 
     </span>
     <span class='ocr_line' id='line_1_32' title="bbox 107 3313 1293 3433; baseline -0.001 -53"><span class='ocrx_word' id='word_1_295' title='bbox 107 3320 193 3381; x_wconf 87' lang='lat' dir='ltr'><strong>Viam</strong></span> <span class='ocrx_word' id='word_1_296' title='bbox 216 3323 392 3403; x_wconf 84' lang='lat' dir='ltr'><strong>praeiverat</strong></span> <span class='ocrx_word' id='word_1_297' title='bbox 403 3324 537 3385; x_wconf 88' lang='lat' dir='ltr'><strong>omnibus</strong></span> <span class='ocrx_word' id='word_1_298' title='bbox 561 3324 661 3399; x_wconf 90' lang='lat' dir='ltr'><strong>Plato,</strong></span> <span class='ocrx_word' id='word_1_299' title='bbox 682 3345 771 3432; x_wconf 84' lang='lat' dir='ltr'><strong>quum</strong></span> <span class='ocrx_word' id='word_1_300' title='bbox 789 3335 875 3402; x_wconf 89' lang='lat' dir='ltr'><strong>caput</strong></span> <span class='ocrx_word' id='word_1_301' title='bbox 904 3341 962 3380; x_wconf 89' lang='lat' dir='ltr'><strong>esse</strong></span> <span class='ocrx_word' id='word_1_302' title='bbox 989 3321 1057 3380; x_wconf 88' lang='lat' dir='ltr'><strong>artis</strong></span> <span class='ocrx_word' id='word_1_303' title='bbox 1085 3321 1209 3433; x_wconf 64' lang='lat' dir='ltr'><strong>dixprget</strong></span> <span class='ocrx_word' id='word_1_304' title='bbox 1230 3313 1293 3379; x_wconf 72' lang='lat' dir='ltr'><strong>anili</strong></span> 
     </span>
     <span class='ocr_line' id='line_1_33' title="bbox 107 3404 1293 3540; baseline -0.001 -59"><span class='ocrx_word' id='word_1_305' title='bbox 107 3420 226 3481; x_wconf 86' lang='lat' dir='ltr'><strong>humani</strong></span> <span class='ocrx_word' id='word_1_306' title='bbox 250 3423 461 3540; x_wconf 76' lang='lat' dir='ltr'><strong>cognitionem.</strong></span> <span class='ocrx_word' id='word_1_307' title='bbox 494 3420 579 3496; x_wconf 89' lang='lat' dir='ltr'><strong>Quod</strong></span> <span class='ocrx_word' id='word_1_308' title='bbox 608 3436 702 3481; x_wconf 89' lang='lat' dir='ltr'><strong>autem</strong></span> <span class='ocrx_word' id='word_1_309' title='bbox 731 3422 763 3481; x_wconf 88' lang='lat' dir='ltr'><strong>in</strong></span> <span class='ocrx_word' id='word_1_310' title='bbox 795 3420 856 3501; x_wconf 72' lang='lat' dir='ltr'><strong>ipso</strong></span> <span class='ocrx_word' id='word_1_311' title='bbox 881 3432 990 3478; x_wconf 89' lang='lat' dir='ltr'><strong>oratore</strong></span> <span class='ocrx_word' id='word_1_312' title='bbox 1014 3404 1145 3497; x_wconf 89' lang='lat' dir='ltr'><strong>requirit</strong></span> <span class='ocrx_word' id='word_1_313' title='bbox 1164 3420 1293 3495; x_wconf 74' lang='lat' dir='ltr'><strong>Plato,tl</strong></span> 
     </span>
     <span class='ocr_line' id='line_1_34' title="bbox 107 3512 1292 3605; baseline -0.008 -24"><span class='ocrx_word' id='word_1_314' title='bbox 107 3512 213 3599; x_wconf 72' lang='grc' dir='ltr'>φύσει</span> <span class='ocrx_word' id='word_1_315' title='bbox 232 3523 270 3582; x_wconf 89' lang='lat' dir='ltr'><strong>sit</strong></span> <span class='ocrx_word' id='word_1_316' title='bbox 288 3514 452 3605; x_wconf 76' lang='grc' dir='ltr'><strong>ῥητορικὸς,</strong></span> <span class='ocrx_word' id='word_1_317' title='bbox 473 3518 624 3598; x_wconf 90' lang='lat' dir='ltr'><strong>indolique</strong></span> <span class='ocrx_word' id='word_1_318' title='bbox 643 3520 781 3600; x_wconf 90' lang='lat' dir='ltr'><strong>adjungat</strong></span> <span class='ocrx_word' id='word_1_319' title='bbox 804 3538 870 3577; x_wconf 89' lang='lat' dir='ltr'><strong>cum</strong></span> <span class='ocrx_word' id='word_1_320' title='bbox 890 3515 1095 3598; x_wconf 79' lang='grc' dir='ltr'><strong>επιστημην</strong></span> <span class='ocrx_word' id='word_1_321' title='bbox 1114 3543 1135 3580; x_wconf 88' lang='grc' dir='ltr'>ι</span> <span class='ocrx_word' id='word_1_322' title='bbox 1157 3539 1182 3579; x_wconf 92' lang='lat' dir='ltr'><strong>e.</strong></span> <span class='ocrx_word' id='word_1_323' title='bbox 1202 3530 1232 3577; x_wconf 91' lang='lat' dir='ltr'><strong>ut</strong></span> <span class='ocrx_word' id='word_1_324' title='bbox 1253 3514 1292 3594; x_wconf 76' lang='lat' dir='ltr'><strong>iptt</strong></span> 
     </span>
     <span class='ocr_line' id='line_1_35' title="bbox 107 3612 1337 3702; baseline -0.005 -22"><span class='ocrx_word' id='word_1_325' title='bbox 107 3621 324 3702; x_wconf 86' lang='lat' dir='ltr'><strong>interpretatur,</strong></span> <span class='ocrx_word' id='word_1_326' title='bbox 344 3622 580 3700; x_wconf 83' lang='lat' dir='ltr'><strong>philosophiam,</strong></span> <span class='ocrx_word' id='word_1_327' title='bbox 601 3633 662 3678; x_wconf 91' lang='lat' dir='ltr'><strong>tum</strong></span> <span class='ocrx_word' id='word_1_328' title='bbox 681 3612 851 3698; x_wconf 74' lang='grc' dir='ltr'><strong>μελέτην,</strong></span> <span class='ocrx_word' id='word_1_329' title='bbox 872 3628 1137 3679; x_wconf 72' lang='lat' dir='ltr'><strong>exercitationem:</strong></span> <span class='ocrx_word' id='word_1_330' title='bbox 1158 3618 1210 3678; x_wconf 86' lang='lat' dir='ltr'><strong>hoe</strong></span> <span class='ocrx_word' id='word_1_331' title='bbox 1227 3616 1291 3696; x_wconf 66' lang='lat' dir='ltr'><strong>ipsu!</strong></span> <span class='ocrx_word' id='word_1_332' title='bbox 1334 3634 1337 3667; x_wconf 77' lang='lat'><strong>¹</strong></span> 
     </span>
     <span class='ocr_line' id='line_1_36' title="bbox 109 3704 1290 3801; baseline -0.003 -23"><span class='ocrx_word' id='word_1_333' title='bbox 109 3717 187 3779; x_wconf 90' lang='lat' dir='ltr'><strong>illud</strong></span> <span class='ocrx_word' id='word_1_334' title='bbox 206 3734 265 3795; x_wconf 92' lang='lat' dir='ltr'><strong>est,</strong></span> <span class='ocrx_word' id='word_1_335' title='bbox 285 3721 390 3800; x_wconf 88' lang='lat' dir='ltr'><strong>quod</strong></span> <span class='ocrx_word' id='word_1_336' title='bbox 383 3744 415 3781; x_wconf 88' lang='grc' dir='ltr'><strong>ιιι</strong></span> <span class='ocrx_word' id='word_1_337' title='bbox 437 3720 571 3781; x_wconf 89' lang='lat' dir='ltr'><strong>omnihus</strong></span> <span class='ocrx_word' id='word_1_338' title='bbox 594 3719 631 3778; x_wconf 90' lang='lat' dir='ltr'><strong>de</strong></span> <span class='ocrx_word' id='word_1_339' title='bbox 655 3719 818 3800; x_wconf 88' lang='lat' dir='ltr'><strong>eloquentia</strong></span> <span class='ocrx_word' id='word_1_340' title='bbox 845 3720 959 3801; x_wconf 88' lang='lat' dir='ltr'><strong>scriptis</strong></span> <span class='ocrx_word' id='word_1_341' title='bbox 985 3720 1083 3779; x_wconf 87' lang='lat' dir='ltr'><strong>Cicero</strong></span> <span class='ocrx_word' id='word_1_342' title='bbox 1102 3738 1211 3777; x_wconf 90' lang='lat' dir='ltr'><strong>summo</strong></span> <span class='ocrx_word' id='word_1_343' title='bbox 1225 3704 1290 3774; x_wconf 72' lang='lat' dir='ltr'><strong>studit</strong></span> 
     </span>
     <span class='ocr_line' id='line_1_37' title="bbox 108 3794 1289 3899; baseline -0.004 -24"><span class='ocrx_word' id='word_1_344' title='bbox 108 3817 228 3898; x_wconf 89' lang='lat' dir='ltr'><strong>parique</strong></span> <span class='ocrx_word' id='word_1_345' title='bbox 256 3816 408 3898; x_wconf 79' lang='lat' dir='ltr'><strong>diligentia</strong></span> <span class='ocrx_word' id='word_1_346' title='bbox 437 3817 575 3898; x_wconf 85' lang='lat' dir='ltr'><strong>exponit,</strong></span> <span class='ocrx_word' id='word_1_347' title='bbox 606 3838 718 3897; x_wconf 87' lang='lat' dir='ltr'><strong>quoque</strong></span> <span class='ocrx_word' id='word_1_348' title='bbox 747 3818 806 3898; x_wconf 88' lang='lat' dir='ltr'><strong>ipse</strong></span> <span class='ocrx_word' id='word_1_349' title='bbox 836 3830 863 3877; x_wconf 91' lang='lat' dir='ltr'><strong>et</strong></span> <span class='ocrx_word' id='word_1_350' title='bbox 889 3815 1068 3899; x_wconf 84' lang='lat' dir='ltr'><strong>explorando</strong></span> <span class='ocrx_word' id='word_1_351' title='bbox 1095 3829 1124 3875; x_wconf 92' lang='lat' dir='ltr'><strong>et</strong></span> <span class='ocrx_word' id='word_1_352' title='bbox 1153 3794 1289 3896; x_wconf 70' lang='lat' dir='ltr'><strong>expulerit</strong></span> 
     </span>
     <span class='ocr_line' id='line_1_38' title="bbox 108 3911 1337 4005; baseline -0.005 -32"><span class='ocrx_word' id='word_1_353' title='bbox 108 3914 182 3975; x_wconf 90' lang='lat' dir='ltr'><strong>illuc</strong></span> <span class='ocrx_word' id='word_1_354' title='bbox 203 3917 358 4005; x_wconf 84' lang='lat' dir='ltr'><strong>processit,</strong></span> <span class='ocrx_word' id='word_1_355' title='bbox 377 3930 410 3975; x_wconf 95' lang='lat' dir='ltr'><strong>ut</strong></span> <span class='ocrx_word' id='word_1_356' title='bbox 420 3915 547 3997; x_wconf 87' lang='lat' dir='ltr'><strong>perfecti</strong></span> <span class='ocrx_word' id='word_1_357' title='bbox 567 3915 756 3995; x_wconf 87' lang='lat' dir='ltr'><strong>omnibusque</strong></span> <span class='ocrx_word' id='word_1_358' title='bbox 779 3915 905 3974; x_wconf 88' lang='lat' dir='ltr'><strong>numeris</strong></span> <span class='ocrx_word' id='word_1_359' title='bbox 932 3914 1056 3974; x_wconf 89' lang='lat' dir='ltr'><strong>absoluti</strong></span> <span class='ocrx_word' id='word_1_360' title='bbox 1085 3913 1205 3973; x_wconf 85' lang='lat' dir='ltr'><strong>oratorie</strong></span> <span class='ocrx_word' id='word_1_361' title='bbox 1225 3918 1286 3967; x_wconf 75' lang='lat' dir='ltr'><strong>ext*</strong></span> <span class='ocrx_word' id='word_1_362' title='bbox 1329 3911 1337 3966; x_wconf 89' lang='lat' dir='ltr'><strong>&#39;l</strong></span> 
     </span>
     <span class='ocr_line' id='line_1_39' title="bbox 109 3999 1337 4095; baseline -0.002 -24"><span class='ocrx_word' id='word_1_363' title='bbox 109 4013 191 4095; x_wconf 89' lang='lat' dir='ltr'><strong>plum</strong></span> <span class='ocrx_word' id='word_1_364' title='bbox 217 3999 408 4075; x_wconf 83' lang='lat' dir='ltr'><strong>adumhraret.</strong></span> <span class='ocrx_word' id='word_1_365' title='bbox 449 4014 517 4074; x_wconf 89' lang='lat' dir='ltr'><strong>Loci</strong></span> <span class='ocrx_word' id='word_1_366' title='bbox 538 4015 655 4074; x_wconf 90' lang='lat' dir='ltr'><strong>omnino</strong></span> <span class='ocrx_word' id='word_1_367' title='bbox 671 4014 833 4089; x_wconf 90' lang='lat' dir='ltr'><strong>Platonici,</strong></span> <span class='ocrx_word' id='word_1_368' title='bbox 853 4034 937 4093; x_wconf 90' lang='lat' dir='ltr'><strong>quem</strong></span> <span class='ocrx_word' id='word_1_369' title='bbox 954 4013 1039 4073; x_wconf 92' lang='lat' dir='ltr'><strong>modo</strong></span> <span class='ocrx_word' id='word_1_370' title='bbox 1058 4013 1198 4094; x_wconf 91' lang='lat' dir='ltr'><strong>legimus,</strong></span> <span class='ocrx_word' id='word_1_371' title='bbox 1214 4004 1287 4086; x_wconf 54' lang='grc' dir='ltr'><strong>ΜΨ</strong></span> <span class='ocrx_word' id='word_1_372' title='bbox 1327 4028 1337 4069; x_wconf 81' lang='lat' dir='ltr'><strong>t</strong></span> 
     </span>
    </p>
   </div>
   <div class='ocr_carea' id='block_1_3' title="bbox 143 4180 738 4477">
    <p class='ocr_par' dir='ltr' id='par_1_3' title="bbox 143 4180 738 4477">
     <span class='ocr_line' id='line_1_40' title="bbox 147 4180 594 4300; baseline 0.004 -13"><span class='ocrx_word' id='word_1_373' title='bbox 147 4180 297 4300; x_wconf 60' lang='lat' dir='ltr'><strong>rihmar.</strong></span> <span class='ocrx_word' id='word_1_374' title='bbox 313 4237 372 4289; x_wconf 86' lang='lat' dir='ltr'><strong>aro.</strong></span> <span class='ocrx_word' id='word_1_375' title='bbox 390 4239 420 4290; x_wconf 87' lang='lat' dir='ltr'><strong>s.</strong></span> <span class='ocrx_word' id='word_1_376' title='bbox 438 4268 472 4278; x_wconf 87' lang='lat'><em>-</em></span> <span class='ocrx_word' id='word_1_377' title='bbox 489 4238 547 4292; x_wconf 81' lang='lat' dir='ltr'><strong>ara.</strong></span> <span class='ocrx_word' id='word_1_378' title='bbox 564 4240 594 4291; x_wconf 87' lang='lat' dir='ltr'><strong>e.</strong></span> 
     </span>
     <span class='ocr_line' id='line_1_41' title="bbox 143 4319 738 4392; baseline 0.005 -19"><span class='ocrx_word' id='word_1_379' title='bbox 143 4319 169 4384; x_wconf 81' lang='lat'><strong>2)</strong></span> <span class='ocrx_word' id='word_1_380' title='bbox 190 4323 394 4375; x_wconf 60' lang='lat' dir='ltr'><strong>restittat!</strong></span> <span class='ocrx_word' id='word_1_381' title='bbox 419 4322 460 4377; x_wconf 90' lang='grc'><strong>12.</strong></span> <span class='ocrx_word' id='word_1_382' title='bbox 479 4324 525 4378; x_wconf 78' lang='lat' dir='ltr'><strong>cr.</strong></span> <span class='ocrx_word' id='word_1_383' title='bbox 544 4326 620 4377; x_wconf 76' lang='lat' dir='ltr'><strong>latitia</strong></span> <span class='ocrx_word' id='word_1_384' title='bbox 637 4341 662 4392; x_wconf 90' lang='lat' dir='ltr'><strong>p.</strong></span> <span class='ocrx_word' id='word_1_385' title='bbox 681 4324 738 4376; x_wconf 73' lang='lat'>275.</span> 
     </span>
     <span class='ocr_line' id='line_1_42' title="bbox 144 4405 427 4477; baseline 0.007 -19"><span class='ocrx_word' id='word_1_386' title='bbox 144 4405 427 4477; x_wconf 66' lang='lat' dir='ltr'><strong>mmmmm.</strong></span> 
     </span>
    </p>
   </div>
   <div class='ocr_carea' id='block_1_4' title="bbox 0 0 1415 5048">
    <p class='ocr_par' dir='ltr' id='par_1_4' title="bbox 0 0 1415 5048">
     <span class='ocr_line' id='line_1_43' title="bbox 0 0 1415 5048; baseline 0 0"><span class='ocrx_word' id='word_1_387' title='bbox 0 0 1415 5048; x_wconf 95' lang='lat' dir='ltr'><strong> </strong></span> 
     </span>
    </p>
   </div>
  </div>
 </body>
</html>
