2796 5048
677 213 735 276 357

79 385 183 438 vitono
195 358 384 436 'communem
402 379 583 436 adduxisse:
606 387 641 434 ut
665 381 700 437 de
721 381 889 437 virtutihus
908 388 937 435 et
955 385 1058 450 vitiis,
1088 384 1263 455 omninoque
1288 377 1323 434 de

79 480 170 539 doario
186 478 278 535 rebus
299 485 329 533 et
347 478 437 534 molis
453 487 638 554 quaererem
660 479 797 536 coelestio
817 486 918 534 autom
945 477 997 534 ool·
1007 477 1115 552 procul
1144 497 1204 534 esse
1222 499 1242 534 o
1260 497 1324 534 aos-

79 587 139 635 tro
158 581 328 656 cognitione
347 584 499 650 recrearet,
521 577 568 633 ool
577 621 585 651 ,
608 583 635 634 ai
655 584 785 634 rrroao'me
814 583 936 656 cognito
964 584 1084 648 essent,
1115 574 1198 632 nihil
1224 583 1324 632 tomen

76 677 126 735 ad
145 677 216 732 bene
236 675 396 731 vivendum
414 677 563 748 conferre.
589 671 618 753 l)
650 675 684 732 ln
705 675 813 750 Bruto,
847 674 898 732 uhi
919 672 956 731 de
976 683 1066 732 aetate
1096 671 1219 731 Socratis
1248 671 1324 751 agit:

58 760 278 851 ’minuatque
299 782 365 829 tum
379 772 587 850 philosophia,
610 795 667 831 noo
686 773 744 830 illo
771 775 806 831 de
834 783 969 846 notura,
999 791 1075 848 quoe
1093 772 1211 845 suerat
1239 777 1325 827 onti-

76 870 1326 951 wmmhm,mwmwmwmmmeMmMmm

72 966 1325 1049 mmmmdmmm·mmmwmr)hmmmmefflm

75 1065 1325 1145 αΜΜΜΜωμΜΜὼΜΜΜΜΜΜῃψΜΨΜΜΜ-

76 1175 141 1227 nit.
164 1165 197 1246 3)
226 1167 325 1246 ltaque
347 1164 511 1225 adverterat
529 1167 658 1226 animum
675 1166 819 1241 Socratis,
850 1163 929 1243 quod
955 1160 1034 1243 apud
1060 1163 1259 1241 Anaxagoram
1288 1160 1325 1220 de

73 1278 185 1345 tuente
205 1264 331 1344 legerat:
354 1286 411 1344 quo
431 1265 573 1324 excitatus
593 1262 630 1323 de
651 1285 702 1323 sua
721 1265 813 1345 ipsius
833 1276 928 1321 mente
957 1261 1082 1340 cogitare
1112 1259 1270 1338 diligenter
1297 1272 1326 1317 et

72 1362 239 1445 explorare
267 1377 355 1422 semet
385 1363 480 1443 ipsum
509 1383 609 1442 resque
638 1362 780 1421 humanas
807 1382 923 1435 omnes,
953 1359 1155 1437 maximeque,
1185 1355 1264 1437 quod
1285 1357 1326 1416 ait

74 1462 207 1536 Cicero,
236 1463 271 1519 da
300 1462 388 1519 rebus
418 1464 501 1520 bonis
529 1471 559 1518 et
590 1463 680 1520 molis
708 1482 844 1540 quaerere
872 1459 976 1540 coepit.
1019 1456 1100 1515 Plato
1118 1469 1232 1530 autem,
1253 1453 1326 1514 hinc

74 1559 233 1645 profectus
252 1560 398 1634 maxime,
429 1582 490 1618 non
521 1560 612 1619 solum
642 1558 680 1618 ad
696 1560 824 1640 magistri
847 1557 1013 1638 exemplum
1033 1547 1088 1615 scio
1109 1552 1194 1632 οοῦν,
1216 1552 1267 1613 sed
1288 1537 1328 1614 toi

70 1649 178 1739 1οητᾶ
209 1658 298 1734 item,
329 1679 402 1736 quae
432 1679 484 1716 nos
515 1658 573 1716 uni
602 1673 698 1717 mente
726 1672 753 1717 et
772 1658 945 1738 cogitatione
964 1658 1159 1737 assequimur,
1180 1654 1327 1730 attendit,

73 1758 292 1837 distinctisque
321 1755 383 1816 illis
411 1770 543 1814 accurate
562 1778 578 1814 a
598 1755 684 1815 rebus
722 1755 969 1836 adspectahilibus
998 1755 1152 1830 omnihus,
1184 1756 1325 1814 rationem

75 1879 152 1939 oum
186 1854 322 1929 invenit,
353 1868 415 1912 tum
444 1854 672 1927 demonstravit,
703 1875 759 1933 qua
789 1853 820 1912 in
851 1852 994 1913 mundum
1025 1842 1136 1934 roqrrir
1166 1851 1326 1912 escendens

75 1956 173 2017 homo
184 2001 193 2030 ,
214 1974 282 2014 vere
300 1951 340 2010 de
360 1951 446 2010 rehus
467 1950 716 2032 adspectabilibus
725 1949 861 2030 judicare
882 1965 910 2009 et
930 1954 970 2011 sic
982 1953 1099 2014 demum
1118 1973 1237 2035 sapere,
1256 1949 1326 2009 ror'r

72 2040 166 2137 ,ἔχειν
187 2053 339 2132 inciperet.
381 2050 443 2109 Hac
473 2050 520 2110 via
547 2050 647 2125 Plato,
678 2071 752 2129 quae
783 2050 982 2110 Aristotelicac
1013 2053 1119 2112 rationi
1147 2053 1236 2132 plane
1257 2063 1326 2109 'erat

75 2153 234 2241 ¹contraria
244 2196 253 2226 ,
275 2171 335 2208 nou
352 2148 579 2229 metaphysicam
599 2148 708 2224 tradit,
730 2171 790 2208 non
810 2169 923 2208 caussas
940 2151 1027 2209 unice
1038 2152 1069 2210 in
1088 2149 1198 2210 mundo
1218 2148 1325 2235 νοητῷ,

78 2274 143 2315 nec
165 2272 235 2312 vero
254 2247 417 2329 principem
439 2244 586 2325 quandam
606 2269 750 2323 caussam,
783 2268 872 2327 equa
892 2249 989 2307 omnia
1015 2246 1209 2326 ducerentur,
1240 2272 1325 2331 quae·

71 2349 174 2424 sivit3
207 2345 258 2406 scd
287 2344 435 2404 hominem
464 2343 563 2403 docuit
591 2360 715 2404 mentem
746 2346 783 2405 ad
811 2359 928 2405 aeterna
957 2348 1019 2408 veri
1047 2349 1079 2407 in
1097 2347 1207 2408 mundo
1226 2347 1326 2434 νοητῷ

69 2436 242 2554 pempla,
263 2444 295 2502 in
316 2442 474 2523 primisque
493 2442 530 2501 ad
551 2442 582 2502 id
593 2443 702 2522 ,quod
722 2448 828 2504 honum
839 2430 907 2519 hst,
939 2461 1108 2507 convertere
1136 2470 1168 2507 ac
1188 2448 1291 2510 bene
1283 2466 1324 2511 rta

71 2566 152 2607 cum
176 2544 278 2604 vivere
296 2550 370 2600 tum
376 2561 420 2600 res
439 2562 503 2599 suas
522 2541 641 2621 publice
660 2542 855 2622 privatimque
875 2491 1087 2603 administr.are

78 2624 192 2718 Quo
210 2639 298 2720 magis
318 2639 358 2698 ita
377 2660 394 2696 a
416 2639 611 2720 metaphysica
633 2639 796 2698 Aristotelis
816 2639 944 2698 Platonis
974 2640 1189 2722 philosophiam
1212 2645 1323 2705 distin-

66 2724 233 2813 zesimus,
262 2758 295 2797 eo
315 2736 400 2796 nohis
418 2737 506 2815 hujus
535 2738 571 2796 dc
599 2737 672 2797 ideis
702 2737 836 2796 doctrina
865 2736 976 2817 patebit
995 2738 1167 2800 dilucidius.
1208 2742 1266 2802 Sed
1286 2742 1322 2803 de

72 2824 1323 2919 ΜΜΜΨΜΜΜΜο,ωωΜΜΜΜΜψΜΜω-

68 2958 206 3018 rumque
226 2956 322 2994 rerum
344 2954 473 2992 caussam
494 2934 672 3009 celebravit,
694 2936 735 2993 ita
756 2935 892 3008 fuerunt,
912 2933 964 3012 qui
985 2935 1187 3015 accipiendam
1206 2959 1265 2998 esse
1287 2940 1323 2999 de

75 3026 156 3099 Deo*
168 3034 388 3094 arbitrarentur.
430 3032 523 3091 Ducta
544 3031 615 3090 haee
636 3033 736 3112 opinio
756 3052 792 3090 ex
813 3031 913 3090 eadem
933 3031 985 3090 illa
1007 3033 1169 3095 Aristotelis
1188 3037 1322 3098 doctrina

72 3129 222 3208 svidetur,
252 3142 329 3189 certe
358 3128 481 3207 quadrat
511 3132 541 3188 in
573 3151 634 3189 eam
665 3129 797 3189 mirifice.
839 3130 912 3188 Nam
932 3128 963 3187 in
984 3130 1091 3189 caussis
1110 3134 1322 3216 principiisque

72 3220 202 3295 'summis
222 3229 275 3314 τῷ
295 3221 430 3312 ἀγαθῷ
448 3228 617 3288 Aristoteles
635 3229 805 3309 primarium
825 3226 920 3287 locum
938 3224 1039 3303 dedit,
1062 3228 1093 3310 li)
1120 3231 1254 3312 idemque
1271 3256 1323 3316 per

75 3322 208 3393 eandem
227 3331 310 3390 illam
327 3329 467 3410 primam,
488 3348 574 3407 quam
593 3324 690 3403 dixit,
718 3325 932 3409 philosophiam
946 3326 988 3385 ad
1007 3329 1117 3404 Deum,
1148 3345 1179 3389 ut
1206 3353 1322 3392 caussa-

77 3448 150 3491 rum
167 3430 352 3510 principem,
374 3427 510 3503 accessit,
540 3423 619 3485 unde
636 3448 774 3513 quaerere
796 3422 828 3485 ἐκ
848 3424 911 3486 τῶν
931 3419 1146 3506 ὑπαρχόπωο,
1168 3438 1322 3505 aprinci-

68 3524 261 3609 priorarum
271 3528 409 3600 ultimis,
435 3475 514 3605 apud
530 3545 597 3582 eum
619 3521 782 3586 ἐπισκοπεῖν
804 3525 996 3606 θεολογικῶς,
1008 3525 1081 3586 hoc
1074 3548 1167 3608 ipsum
1185 3548 1321 3605 quaerere

77 3636 113 3685 et
130 3624 333 3708 philosophari
344 3626 495 3704 θεολογεΐν
512 3623 635 3686 dieitur.
659 3624 690 3706 5)
711 3627 805 3687 Enata
822 3628 891 3687 inde
902 3627 1036 3686 sublrmrs
1046 3625 1082 3685 de
1093 3624 1196 3685 divina
1219 3639 1322 3684 natura

75 3730 147 3799 est,
169 3724 345 3785 acleanthe
365 3727 488 3805 aliisque
509 3724 612 3784 Stoicis
632 3724 797 3800 celebrata,
818 3724 965 3800 doctrina,
984 3745 1070 3804 quam
1088 3725 1149 3805 ipse
1168 3723 1322 3785 tradidisse

116 4042 144 4114 1)
163 4052 243 4105 deod.
263 4054 283 4105 1.
302 4058 326 4107 d.

114 4135 144 4200 2)
163 4139 243 4191 Bruto
260 4157 283 4193 c.
301 4141 327 4193 8.

115 4220 145 4287 3)
166 4223 236 4277 Tuae.
255 4229 284 4292 Q.
304 4226 346 4292 lll,
366 4229 389 4278 1.

116 4307 144 4372 d)
162 4309 243 4362 Arist.
262 4313 369 4379 Metoph
389 4312 407 4363 1.
427 4329 451 4379 p.
472 4312 495 4361 5.
517 4313 539 4361 1.

115 4395 200 4458 51111.
220 4399 272 4450 eod
292 4397 321 4447 V.
341 4398 359 4448 1.

221 4564 255 4621 q
