2796 5048
1263 285 1283 327 P
1311 316 1318 330 .

91 344 93 350 ¹
183 362 322 415 Sententiae
338 364 547 433 philosopherum,
563 382 624 432 qaas
641 364 714 416 Plato
731 365 905 433 codcdso'erac
921 369 1076 434 φιλοσόφους
1092 371 1209 440 appellat.
1265 300 1318 423 31114

122 481 323 532 Theaetetus.
347 485 401 548 Qus
423 486 523 533 ratim
547 489 574 533 et
595 487 710 534 motione
734 488 759 535 in
785 486 816 534 iis
830 487 988 537 illustrandis
1001 495 1112 541 versatur
1128 491 1264 541 nonus?

88 567 166 630 Quale
180 569 308 632 judicium
329 570 362 619 de
381 572 543 635 sophistis
560 571 631 620 Plato
647 577 674 619 ot
693 572 833 637 Xenophon
851 573 988 624 tulerunt?

342 709 442 760 Placita
458 708 504 760 itta
521 711 551 760 dc
568 711 678 776 opinione
696 726 744 760 non
760 727 863 778 prorsas
881 711 969 779 rejecit
987 711 1066 762 Plato.
1265 711 1318 765 395

85 845 93 856 ²
122 827 166 877 Di
172 827 286 877 etimae
301 843 390 878 sermo.
408 828 463 879 Cic
472 844 523 876 ero
534 828 565 876 de
573 829 712 876 recentiore
720 828 867 877 Academia.
879 829 1004 879 Haeccine
1016 832 1118 880 omuino
1129 833 1265 896 speluncae

88 910 185 961 incolas
201 914 298 962 refert?

234 1050 403 1104 aencorum
420 1055 479 1120 nm
493 1055 544 1103 wc
557 1043 632 1107 tun
649 1026 732 1120 epea.
753 1053 819 1116 coss
834 1054 861 1104 a·
879 1054 917 1104 aa
932 1053 1048 1122 puoso
1065 1054 1159 1106 ruso?
1260 1053 1315 1125 see

123 1169 231 1218 These
240 1171 306 1219 teti
320 1177 506 1233 argumentum.
533 1171 569 1218 De
582 1171 772 1219 Permesside
788 1173 850 1235 quid
864 1173 1014 1222 existimavit
1030 1174 1123 1223 Plato?
1141 1169 1265 1224 Eleaticu-

90 1271 147 1303 rum
164 1257 221 1304 ceri
234 1257 346 1305 studium
363 1263 440 1320 atque
457 1261 505 1307 τοῦ
520 1251 595 1313 ὄντος
611 1257 803 1307 commendatio.
1141 1244 1144 1253 Α

272 1395 338 1458 Quid
352 1394 463 1445 semitm
479 1394 565 1444 tribuit
581 1393 675 1444 Plato?
691 1395 751 1462 quid
767 1394 921 1447 tribuendam
939 1413 992 1447 esse
1008 1396 1127 1465 nepcoit?
1267 1394 1316 1446 401

123 1513 196 1561 llud.
216 1513 405 1561 Geraeanimus
420 1518 587 1577 comparatus.
615 1512 710 1574 lingua
722 1514 812 1563 Batava
833 1530 873 1562 res
886 1513 1038 1565 illustratur.
1062 1517 1122 1580 Quis
1137 1530 1264 1580 compara·

89 1597 165 1647 tionis
180 1599 264 1648 usus?
281 1601 344 1648 Num
364 1615 409 1664 per
427 1615 516 1648 seusus
530 1598 565 1650 roi
576 1597 639 1649 ὄντα
653 1600 853 1664 percipiuntur?

257 1720 408 1788 Scepticisnc
422 1719 571 1788 philosophis
588 1719 675 1783 Plato,
694 1736 727 1770 an
745 1721 886 1788 dopmaticis
903 1686 1071 1772 accensendus
1089 1721 1147 1772 cst?
1212 1728 1215 1732 '
1265 1720 1319 1774 404

121 1839 205 1887 Itonia
224 1839 346 1902 Socratis,
371 1840 413 1886 nil
424 1854 452 1887 se
466 1841 534 1888 scire
551 1839 702 1902 profitentis.
723 1841 871 1889 Socratis
888 1856 917 1888 ac
932 1840 1088 1891 Platonis
1103 1841 1263 1897 dialecticam

87 1923 194 1973 decebat
205 1924 270 1973 illud
283 1924 414 1974 affirmare.
428 1927 522 1974 Neuter
535 1941 622 1973 eorum
636 1925 667 1973 ad
679 1925 846 1974 dubitandam
861 1941 975 1990 pronus,
994 1925 1038 1974 sed
1057 1927 1196 1990 quaerendi
1211 1931 1266 1974 stu-

86 2011 238 2060 diosissimus
250 2016 373 2084 uterque.¹
387 2013 477 2082 Contra
493 2014 519 2062 A
522 2013 610 2097 rcesi
614 2012 624 2062 l
629 2028 674 2061 as.
693 2013 746 2076 Qua
759 2011 798 2059 sia
811 2012 842 2061 ad
856 2028 900 2061 suu
915 2012 988 2060 nobis
1001 2012 1092 2076 placita
1111 2013 1266 2077 persuaden-

86 2096 146 2146 dum
167 2097 307 2162 processit?

178 2218 337 2285 Dopmaticae
354 2219 479 2282 rationis,
499 2233 573 2285 qaam
589 2216 667 2266 Stoici
684 2226 854 2286 usurparunt,
874 2225 897 2268 et
913 2219 1058 2270 Platonicae
1076 2219 1214 2270 discrimen.
1262 2218 1315 2272 405

122 2340 235 2388 Cicero
257 2339 289 2387 de
314 2340 402 2390 Stoica
420 2339 544 2405 doctrina
573 2337 701 2400 Quatenus
731 2338 808 2386 reicrt
831 2337 875 2386 illa
898 2337 1052 2387 Platonicam
1080 2345 1107 2388 et
1122 2339 1266 2401 linguarum

82 2424 227 2488 judicium?
244 2426 355 2474 Aoiam'o
373 2425 470 2473 animus
484 2430 650 2488 comparatus.
668 2424 792 2486 Stoici,
811 2424 837 2472 in
852 2423 938 2488 primis
958 2426 1064 2488 Zeno,
1082 2425 1108 2473 in
1127 2425 1265 2488 quaerendi

86 2511 170 2559 studio
187 2511 294 2576 partium
313 2510 399 2560 studio
416 2510 496 2562 ducti.
515 2510 610 2562 Plato
627 2509 760 2559 scientiam
778 2515 804 2558 et
825 2511 957 2559 veritatem
978 2527 1029 2574 quo
1049 2511 1198 2560 referebat?

227 2631 369 2682 Mediemne
386 2632 462 2700 ἐρίων
480 2629 553 2681 Plato
569 2631 634 2680 inter
651 2632 775 2699 scepticae.
788 2640 811 2682 ct
827 2604 974 2700 deamaticos
990 2633 1058 2682 nam
1075 2632 1170 2683 tenuit?
1265 2632 1320 2685 408

120 2751 384 2801 Academicorum
397 2751 535 2817 probabilia
554 2749 644 2800 tuendi
658 2756 732 2806 ratio.
751 2753 858 2815 Eamne,
888 2755 917 2799 ut
935 2751 1048 2800 Cicero
1065 2751 1193 2816 amplexus
1208 2756 1264 2814 est,

86 2840 304 2887 commendaverat
320 2838 434 2901 exemplo
450 2852 496 2885 suo
513 2837 630 2886 Plato?
647 2838 707 2900 Ejus
727 2838 812 2884 meuse
828 2841 855 2884 et
867 2838 967 2887 vitiam.
1031 2871 1034 2875 -

262 2957 374 3030 Propia
390 2958 503 3010 Platonis
520 2959 549 3008 de
567 2959 682 3026 spinam
700 2965 724 3008 et
741 2957 846 3007 scientia
860 2955 1048 3022 philosophandi
1064 2959 1137 3007 ratio.
1264 2955 1319 3008 409

124 3079 188 3143 Quid
201 3079 283 3128 detuit
294 3117 301 3143 ,
314 3078 384 3142 quod
396 3076 547 3127 Platonis
561 3077 720 3140 praecipuum
734 3075 832 3137 suerat,
846 3073 1008 3121 Academicis
1019 3076 1265 3123 recentioribus

89 3171 115 3214 et
129 3167 200 3215 Stoi
205 3167 235 3214 ci
240 3160 282 3220 sd,
295 3163 507 3229 Peles-,ilusne
523 3161 685 3211 Academicis
699 3177 728 3209 ao
745 3160 930 3223 Peripateticis
944 3159 1039 3224 pariter
1053 3160 1157 3208 defuit?
1172 3161 1266 3208 llorum

86 3252 244 3318 disciplinae
261 3252 383 3300 Cicerone
398 3248 579 3298 commendate.

266 3373 304 3423 De
321 3373 479 3422 amhmandis
495 3378 562 3421 recta
579 3369 732 3435 Protaqorae
749 3365 910 3432 similiumque
927 3364 1091 3432 sophistarum
1108 3384 1140 3416 ac

541 3455 739 3526 philosophorum
755 3454 867 3504 moran.
1266 3451 1314 3504 411

123 3581 187 3645 Quid
218 3580 373 3629 censendum
394 3578 426 3627 de
448 3576 608 3626 fluitantibus
634 3574 790 3639 philosophis
812 3578 837 3622 et
854 3571 990 3637 sophistis?
1008 3573 1060 3636 Qua
1080 3588 1110 3620 er
1127 3577 1198 3635 perte
1213 3572 1266 3620 leu-

88 3668 164 3730 dandi
184 3682 213 3716 ac
228 3666 367 3730 sequendi,
391 3681 442 3728 qua
457 3680 517 3712 vero
533 3662 691 3730 gravissima
705 3677 735 3710 er
749 3667 819 3726 perte
836 3658 1013 3724 improbandi?
1031 3658 1159 3723 Quomodo
1175 3659 1267 3707 diversi

89 3771 104 3803 a
128 3753 264 3819 speluncae
285 3751 399 3802 incolis?
420 3751 459 3800 Ad
482 3747 651 3812 quaerendam
673 3750 812 3813 opinionem
834 3750 959 3811 prosunt,
984 3746 1015 3794 ed
1034 3745 1169 3792 scientiam
1189 3745 1266 3794 inuti-

93 3841 130 3891 les
148 3845 216 3889 sunt.
948 3839 950 3844 '

171 3962 259 4028 Qualis
277 3969 313 4011 cst
327 3932 458 4024 Platonis,
476 3975 540 4027 qaae
557 3957 629 4025 culpo
647 3954 771 4026 appellari
787 3955 832 4004 hoc
849 3955 944 4004 nominc
961 3952 1035 4015 solet,
1054 3951 1239 4019 metaphysica?
1267 3951 1319 4003 414

125 4082 326 4135 Aristotelis
341 4081 496 4145 propositum
506 4083 621 4126 naturam
638 4077 772 4125 humanam
793 4091 844 4122 non
862 4073 986 4135 dedecet,
1005 4070 1048 4118 sed
1063 4071 1119 4134 ejus
1134 4072 1268 4120 facultates

91 4175 202 4238 superet.
221 4167 363 4218 Phaedo.
383 4166 446 4230 Quid
460 4166 555 4213 Plato
570 4162 617 4211 sihi
631 4161 803 4226 quaerendum
817 4158 967 4226 proposuit?
980 4157 1162 4221 lletaphysicae
1174 4172 1267 4209 nomen.

105 4332 108 4337 ,
176 4292 231 4354 Qua
247 4292 344 4341 ratione
361 4289 425 4340 hanc
442 4286 515 4337 Plato
532 4286 583 4335 sios
599 4283 788 4352 metaphysicam
805 4285 856 4334 sice
872 4282 927 4332 ceri
943 4280 1081 4331 doctrinam
1097 4277 1234 4330 unisse?
1263 4249 1316 4329 417

129 4411 293 4476 Philosophia
310 4413 465 4476 linguarum.
483 4405 564 4469 liujus
577 4403 652 4452 studii
666 4419 747 4466 genus
762 4403 838 4466 quale
858 4401 969 4451 Platonis
986 4398 1089 4449 aetate?
1106 4397 1229 4461 cratylus.
