2796 5048
672 252 732 313 stt

88 417 166 478 vidit
196 423 315 496 auriga,
342 421 440 492 ipsius
454 414 561 491 pulcre*
580 413 766 494 recordatur,
785 410 919 490 illudque
938 411 1035 469 cernit
1054 432 1114 469 una
1133 431 1201 469 cum
1220 425 1307 492 tempe·

87 515 182 574 rantia
210 513 242 571 in
262 532 336 592 puro
353 523 508 588 sanctoque
525 509 588 569 loco
607 511 783 591 repositum:
813 528 880 567 mox
900 520 997 567 autern
1014 507 1056 567 ad
1074 510 1141 586 ejus
1160 506 1308 589 adspectum

87 611 237 684 cohorret,
267 608 465 688 reveritusque
493 605 598 666 recidit
625 608 763 688 supinus,
795 605 940 685 simulque
970 607 1087 686 cogitur
1118 605 1248 666 habenas
1265 620 1310 667 tam

87 708 274 770 vehementer
294 706 458 779 retrahere,
486 718 518 763 ut
536 704 619 764 ambo
639 704 706 782 equi
726 705 807 763 coxis
827 702 908 763 humi
928 702 1096 763 resideant:
1116 705 1196 765 alter
1211 706 1310 786 quidem

86 819 208 887 sponte,
229 804 297 883 quia
316 804 437 862 minime
454 802 538 861 freno
558 801 735 876 reluctatur,
750 821 858 881 procax
879 822 947 861 vero
966 800 1019 861 ille
1040 822 1188 883 perquam
1208 805 1310 864 invitus.

86 902 265 964 Recedentes
294 922 364 961 vero
394 901 527 980 longius,
555 900 629 958 alter
655 920 724 980 prae
742 899 854 981 pudore
872 912 900 958 et
920 898 1103 959 verecundia
1124 912 1243 960 omnem
1258 902 1310 961 ani-

84 983 163 1060 mum
190 998 295 1060 sudore
322 999 441 1078 irrigat:
469 997 543 1056 alter
570 1017 640 1056 vero
668 995 768 1056 dolore
795 994 956 1070 liberatus,
984 1016 1073 1075 quem
1091 1018 1148 1077 per
1168 998 1278 1058 frenum
1290 1012 1317 1057 ct·

87 1119 183 1159 casum
200 1108 402 1169 contraxerat,
419 1115 501 1175 aegre
521 1095 682 1175 respirans,
701 1094 745 1153 ira
764 1096 874 1168 fertur,
895 1107 924 1153 ct
943 1094 1089 1153 conviciis
1108 1115 1182 1154 oum
1200 1098 1311 1177 aurigam

83 1211 145 1256 tum
171 1194 343 1273 adjunctum
370 1213 475 1272 equum
500 1194 589 1272 petit,
617 1193 699 1270 quasi
718 1193 769 1270 qui
788 1191 905 1271 ignavit
923 1190 1116 1270 socordiaque
1137 1193 1257 1254 ordines
1272 1193 1310 1253 ds·

83 1295 240 1354 seruissent
267 1291 476 1368 solvissentque
500 1303 636 1370 pactum:
665 1303 727 1348 tum
748 1310 846 1348 rursus
862 1309 911 1348 eos
928 1288 1064 1348 nolentes
1085 1291 1259 1371 invitosque
1273 1313 1311 1350 ac-

86 1389 188 1450 cedere
214 1408 337 1468 cogens,
368 1407 450 1467 aegre
479 1389 622 1447 concessit
648 1386 728 1463 illis,
757 1387 867 1447 differri
897 1388 930 1446 in
950 1401 1102 1467 posterum
1127 1390 1309 1450 exorantibus

84 1487 249 1547 Accedente
269 1500 365 1546 autem
389 1497 495 1545 statuto
512 1499 658 1566 tempore,
687 1487 771 1564 cujus
797 1506 857 1545 csse
877 1487 1059 1546 immemores
1080 1485 1132 1545 illi
1161 1487 1274 1566 quidem
1289 1508 1310 1547 sc

86 1585 245 1659 simulant,
276 1584 325 1643 hic
344 1605 413 1642 vero
430 1582 498 1642 illos
516 1585 753 1657 commonefacit,
782 1603 904 1662 urgens,
923 1582 1089 1657 hinniens,
1111 1585 1237 1645 trahens
1253 1607 1310 1646 cou-

82 1682 169 1763 pellit
206 1681 312 1740 iterum
340 1679 444 1740 iisdem
475 1681 572 1740 verbis
599 1684 737 1741 amasium
768 1680 859 1740 adire.
900 1681 1054 1758 Postquam
1074 1701 1151 1741 vero
1179 1704 1264 1765 prope
1278 1704 1311 1743 tc·

86 1792 252 1853 cesserunt,
282 1778 428 1855 inflexus,
458 1779 577 1839 extensa
602 1779 714 1854 caudh,
744 1779 860 1839 frenum
880 1776 993 1836 mordet
1011 1777 1311 1861 impudentissimeque
1342 1848 1344 1871 Ι

85 1878 173 1957 rapit.
214 1876 272 1937 Sed
288 1878 404 1957 auriga,
432 1877 523 1936 multo
544 1878 634 1958 magis
653 1877 771 1952 eadem,
798 1897 871 1956 quae
888 1888 991 1948 antea,
1020 1895 1150 1955 passus,
1173 1878 1254 1940 velut
1268 1892 1311 1938 ste·
1342 1886 1344 1953 i

86 1976 139 2034 tim
166 1997 183 2032 a
214 1975 379 2035 carceribus
406 1988 482 2035 retro
501 1974 650 2056 relapsus,
682 1973 805 2033 habenis
826 1974 911 2053 longe
941 1971 1153 2035 vehementius
1184 1977 1310 2049 rennos,
1339 1974 1344 2053 l

83 2071 223 2132 dentibus
243 2087 441 2133 contumacem
460 2092 566 2151 equum
584 2072 732 2152 reprimit,
749 2085 835 2149 atque
854 2071 996 2151 impuram
1016 2069 1158 2151 linguam
1181 2073 1309 2135 maxillae

83 2190 141 2248 que
166 2185 337 2244 cruentans,
365 2190 450 2229 crura
477 2184 505 2229 et
534 2163 620 2228 coxas
646 2167 728 2227 humi
759 2166 861 2248 defigit
887 2169 1046 2248 poenisque
1066 2176 1199 2233 coercet.
1239 2168 1306 2248 Qovl

85 2282 270 2348 posteaquam
290 2288 374 2348 saepe
388 2269 449 2345 jam
468 2287 576 2347 pravus
596 2285 685 2342 equus
704 2265 757 2323 ille
773 2284 925 2345 perpessus
944 2278 1003 2338 est,
1029 2265 1179 2329 lascivire
1198 2269 1308 2341 desistit,

85 2366 355 2443 mansuefactusque
381 2364 500 2424 tandem
527 2363 643 2443 aurigae
672 2361 812 2421 obediens
836 2375 879 2421 est
897 2360 1124 2442 providentiae,
1146 2381 1250 2447 atquc,
1272 2364 1307 2423 vbi

84 2462 230 2542 adspicit,
250 2463 422 2536 formosum,
441 2461 598 2522 formidine
618 2463 703 2542 perit.
738 2451 833 2520 Ὥστε
848 2455 1000 2539 ξυμβαίνει
1021 2454 1086 2521 τοτ’
1107 2450 1253 2547 ᾔδη’τὴν
1267 2460 1307 2524 toti

83 2554 212 2640 ἐραστοῦ
240 2554 347 2640 ψυχήν
377 2561 439 2632 τοῖς
467 2558 611 2632 παιδικοῖς
645 2555 825 2643 αἰδουμένην
847 2582 878 2622 τε
907 2558 957 2621 καὶ
977 2560 1154 2624 δεδοαυῖαν
1187 2562 1306 2627 ἕπεσθαι·
1342 2584 1344 2593 ·

78 2662 120 2739 fit
147 2667 195 2719 ito
220 2670 313 2735 tunc,
343 2671 379 2719 ut
404 2669 555 2721 amorium
583 2670 718 2722 amantis
744 2671 867 2723 animur
887 2685 957 2722 cum
973 2668 1167 2725 verecundia
1188 2679 1305 2747 nretuqrs
1342 2662 1344 2689 ¹

87 2760 319 2840 prosequatur.'’
333 2756 363 2838 l)

126 2857 289 2935 Descriptio
303 2855 374 2915 haec
392 2855 482 2916 animi
502 2856 651 2917 Platonica
670 2872 848 2940 quantopere
868 2882 883 2920 a
902 2859 1024 2942 posteris
1039 2861 1194 2925 celebrata
1213 2866 1304 2924 imitar·

83 2952 178 3031 doque
198 2972 332 3033 expressa
352 2954 404 3027 sit,
424 2953 561 3012 Peaeum·
580 2957 751 3037 interpretes
770 2955 885 3019 docent.
917 2958 1022 3034 Nobis,
1040 2959 1096 3038 qui
1114 2961 1211 3042 ipsam
1231 2965 1303 3022 inter·

84 3051 195 3129 precari
223 3050 401 3110 Platonicam
421 3051 635 3133 philosophiam
656 3053 823 3131 studemus,
851 3057 889 3116 de
909 3071 1004 3117 mente
1023 3058 1214 3139 consilioque
1230 3061 1259 3120 in
1272 3057 1304 3119 hit
1342 3082 1344 3095 ¹

86 3145 271 3205 celebrandis
301 3146 518 3227 dispiciendum
545 3164 597 3209 est.
639 3153 776 3211 Naturam
797 3154 891 3213 ‘animi
912 3156 966 3215 hac
986 3155 1138 3235 imagine,
1172 3171 1206 3218 ut
1224 3169 1302 3239 sponte

84 3244 249 3322 cernimus,
279 3242 458 3319 declaravit,
486 3267 539 3305 nec
568 3249 719 3327 quisquam
745 3251 815 3311 haec
847 3251 966 3332 legerit,
996 3253 1071 3333 quin
1105 3259 1231 3317 rationis
1255 3274 1302 3331 cum

84 3340 295 3421 cupiditatibus
312 3355 456 3402 certamen
474 3342 651 3425 descriptum
670 3360 699 3405 et
718 3349 811 3408 veluti
830 3349 978 3430 depictum
997 3353 1121 3415 viderit.
1164 3355 1225 3415 Sed
1243 3355 1302 3414 locu

84 3438 133 3497 hic
153 3438 190 3498 de
210 3438 364 3499 domandis
380 3440 610 3522 cupiditatibus,
631 3446 764 3524 quamvis
783 3448 879 3526 gravis
899 3448 988 3507 sitin
1010 3449 1108 3511 ethica
1130 3468 1246 3530 nostra,
1263 3469 1301 3510 net

84 3537 180 3595 minus
198 3559 214 3595 a
235 3539 328 3617 po'e'tis
348 3552 433 3617 atque
452 3541 632 3617 oratoribus,
652 3564 738 3621 quam
760 3564 776 3601 a
797 3543 980 3626 philosophis
997 3546 1188 3627 celebratus,
1208 3566 1301 3620 umen,

71 3630 133 3707 ut,
163 3634 241 3712 quod
271 3637 383 3711 sentio,
411 3636 503 3697 libere
531 3639 685 3719 profitear,
716 3650 901 3716 communis,
927 3644 1007 3721 quod
1030 3648 1137 3724 ajunt,
1170 3651 1250 3709 locus
1264 3658 1300 3706 est

82 3730 164 3790 Plato
192 3745 305 3806 autem,
334 3733 413 3812 quod
440 3736 634 3815 neglexerunt
664 3739 726 3797 sere
756 3739 943 3821 philosophi,
973 3762 1046 3821 equo
1076 3745 1126 3804 illi
1147 3744 1300 3815 ferocienti,

80 3850 138 3907 quo
167 3829 365 3909 cupiditatum
393 3833 606 3894 vehementiam
635 3836 834 3917 insaniamque
865 3835 1026 3917 significat,
1056 3842 1187 3905 alterum
1215 3860 1300 3924 aqum

79 3927 235 4006 adjunxit,
265 3928 415 4009 placidum
446 3933 586 4011 frenoque
614 3933 876 4016 obtemperantem,
905 3939 988 4014 cujus
1013 3941 1142 4001 maxime
1172 3963 1227 4023 ope
1244 3939 1299 4000 ratio

78 4026 254 4106 cupiditates
275 4026 392 4087 inhibet
422 4049 454 4087 ac
475 4029 580 4090 domat.
622 4032 673 4091 Est
690 4034 803 4093 scilicet
821 4034 874 4093 ille
895 4036 966 4093 recti
988 4056 1067 4096 amor
1084 4039 1118 4098 in
1138 4043 1236 4101 animo
1250 4056 1299 4098 nos·

75 4135 140 4181 tro:
166 4145 245 4181 amor
264 4125 383 4184 omnino
402 4139 444 4184 est
453 4172 463 4201 ,
482 4147 567 4206 quem
587 4128 788 4205 laudavimus,
817 4141 973 4211 uranius,
992 4155 1051 4212 quo
1071 4158 1128 4197 nos
1145 4137 1229 4198 ducti
1246 4133 1299 4218 pul·

77 4241 159 4278 crum
170 4265 178 4294 ,
198 4220 326 4295 bonum,
343 4223 455 4299 justum
474 4227 736 4305 assequinitimur.
769 4231 842 4289 Nam
862 4232 979 4293 affectus
995 4233 1076 4314 apud
1096 4236 1245 4298 Platonem
1253 4253 1297 4295 non

111 4424 136 4488 l)
157 4429 263 4482 Phaedr.
280 4429 331 4483 253
348 4430 379 4482 Ε.
396 4459 431 4469 -
448 4430 499 4484 255
519 4432 552 4485 Α.
