2796 5048
622 224 677 283 271

58 392 120 453 iem
140 406 172 454 at
188 397 262 453 iaec
282 400 309 450 ai
327 399 373 449 ita
393 395 543 465 acceperis
553 433 560 462 ,
581 408 683 447 aarum
694 395 817 465 paritur
835 376 1014 463 artusartus
1024 431 1032 461 ,
1054 399 1084 446 at
1100 388 1273 467 aliut-quae«

58 506 165 573 mque
184 493 307 551 tandem
327 497 355 548 ai
373 489 429 546 Ιιοι·
449 494 566 545 ratione
585 478 823 545 venustaverit
841 495 1082 564 perceperiaqua,
1103 495 1146 543 aie
1165 486 1272 544 harum

58 604 150 671 Μαι
173 588 298 675 gnam
325 598 483 658 evaserim
511 579 547 646 rai
573 579 602 646 i
628 577 777 664 ἄπειρόν
802 604 834 643 σι
861 577 994 644 inieram
1018 583 1067 644 nai
1088 581 1121 643 ἐν
1141 576 1273 656 ἑκάστοις

58 683 216 770 ιιὶῆθος,”
194 709 352 767 ααιιρον
376 680 512 749 ἑκάστοτε
539 691 619 749 ποιεῖ
636 687 690 748 τοῦ
710 688 843 768 φρονεῖν,
864 685 913 746 aui
944 681 997 747 oia
1024 680 1180 767 ἐλλόγιμον
1208 679 1276 747 oa'd'

63 785 318 875 hipriaav,“
297 785 343 853 ατ)
374 812 427 850 ουκ
460 790 501 864 εἰς
534 785 695 874 α’ριθμὸν
726 784 832 852 οὐδένα
855 786 900 850 ἕν
930 762 1028 850 aviani
1060 784 1178 851 πώποτε
1210 784 1270 850 it-

67 889 175 957 amm
202 896 215 952 l
474 904 486 933 t
1257 928 1271 955 ι.

72 990 166 1059 ἶ’ὶὶιιιιὶ
193 899 292 1058 fahile-
307 996 376 1056 haec
401 996 503 1076 legerit
531 995 638 1076 aliquis
661 997 816 1070 attentius,
847 996 921 1075 quin
950 1002 1031 1053 artie
1049 994 1120 1054 inde
1139 1004 1273 1059 manau

72 1092 261 1170 hamonem,
284 1094 525 1174 quemadmodum
547 1097 709 1169 exstiterit,
730 1093 846 1155 efficiat.
870 1096 978 1155 Genera
999 1107 1027 1152 et
1046 1082 1272 1156 sattaiaiuatura

58 1194 257 1277 ΙΗιιιιιοιιιο,
278 1196 389 1276 quippe
410 1193 523 1254 inditus
543 1195 635 1274 ipsius
652 1195 749 1252 animo
769 1207 811 1253 est
830 1193 996 1251 harmoniae
1015 1206 1043 1251 ct
1061 1191 1191 1273 rhythmi
1210 1214 1271 1254 sen·

68 1302 113 1369 ati
142 1293 225 1368 Quod
248 1294 281 1355 in
309 1293 394 1352 libris
420 1293 457 1353 de
485 1291 616 1374 Legibus
639 1292 784 1373 praeclare
804 1292 939 1372 exposuit
957 1290 1056 1366 Plato,
1077 1292 1273 1370 nosqueinde

66 1389 209 1487 miluus,
229 1412 320 1471 quum
345 1388 382 1450 de
411 1391 523 1451 artibus
549 1393 712 1501 artiumque
731 1390 883 1471 principe,
899 1391 1032 1464 musica,
1060 1389 1220 1470 agebamus.
1242 1390 1274 1471 2)

66 1486 168 1583 quum,
189 1504 221 1549 ut
239 1502 378 1549 canerent
406 1509 466 1549 non
492 1503 606 1549 tantum
635 1490 667 1548 in
698 1488 793 1548 choris
821 1489 1016 1567 saltarentque
1042 1487 1193 1564 mortales,
1223 1489 1274 1591 a&
1326 1480 1330 1487 ¹

66 1584 317 1667 ipdninueuirent
338 1585 463 1659 canendi
490 1587 702 1667 saltandique
698 1598 851 1663 artem,
872 1585 1012 1647 cernendi
1031 1608 1146 1673 opus
1130 1587 1189 1646 fuit
1216 1608 1275 1647 nu-

67 1670 229 1766 mirantique
257 1686 405 1745 facultate.
448 1685 556 1760 Vocis,
577 1705 649 1765 quae
681 1706 740 1743 una
767 1700 826 1760 est,
847 1684 987 1745 cernendi
1016 1664 1276 1765 distinguendique

70 1782 124 1861 ψ]
147 1799 225 1845 erant
247 1787 329 1859 soni,
330 1784 446 1859 ‘acuti,
476 1804 594 1864 gr,aves
624 1777 731 1843 medii:
763 1782 996 1863 attendendaque
1026 1804 1160 1842 sonorum
1188 1785 1275 1844 inter·

65 1866 229 1965 'ollasquot
251 1896 345 1942 essent
371 1897 398 1940 et
425 1882 542 1962 qualia,
572 1902 727 1960 eorumque
753 1883 870 1942 termini
899 1880 1114 1956 constituendi,
1147 1895 1178 1940 ut
1207 1883 1275 1943 hine

66 1972 129 2057 leges
151 1982 283 2061 modique
311 1980 512 2054 efficerentur:
539 1981 729 2060 similiterque
753 1981 785 2039 in
807 1979 932 2039 motibus
951 1980 1077 2058 corporis
1096 1981 1166 2039 talia
1185 1982 1274 2040 anim·

64 2072 220 2145 advertenda
252 2093 352 2155 erant,
380 2101 452 2158 quae
481 2080 609 2140 numeris
629 2078 766 2147 distincta
785 2078 914 2165 rhythmi
936 2090 1036 2139 vocata
1050 2091 1128 2137 sunt.
1154 2079 1202 2139 sic
1222 2081 1277 2140 de-

63 2192 131 2237 num
145 2179 278 2254 exstitit,
298 2199 391 2257 neque
411 2177 469 2237 alio
489 2177 619 2238 inveniri
638 2175 723 2236 modo
742 2177 837 2258 potuit
853 2176 977 2245 musicae
995 2189 1023 2234 et
1041 2174 1202 2236 saltationis
1220 2199 1275 2237 ars.

88 2272 148 2337 ,sed
173 2276 268 2337 eidem
297 2277 344 2336 illi
373 2275 513 2335 cernendi
545 2275 776 2354 numerandique
800 2275 951 2350 facultati,
983 2288 1014 2333 ut
1041 2276 1095 2333 hoe
1124 2275 1186 2356 ipso
1214 2277 1276 2337 loco

65 2384 137 2431 acute
159 2374 362 2437 animadvertit
379 2375 478 2450 Plato,
509 2396 574 2434 cum
600 2388 725 2434 caeteras
749 2374 886 2434 dehemus
912 2388 985 2434 artes
1015 2376 1133 2452 majores
1160 2394 1276 2455 omnes,

64 2479 121 2555 tuta
133 2472 203 2533 illam
224 2495 338 2553 quoque
349 2519 357 2547 ,
392 2494 447 2553 qua
469 2472 553 2533 'nulla
571 2472 658 2532 facile
675 2473 839 2533 mortalium
858 2475 955 2552 generi
975 2471 1013 2556 ad
1033 2472 1143 2552 ingenii
1164 2472 1275 2531 cultum

63 2566 151 2635 utilior
165 2571 363 2681 efficaciorque
389 2574 465 2632 fuit
477 2571 625 2632 literarum
646 2569 740 2630 dico
732 2572 950 2645 inventionem,
971 2570 1050 2631 unde
1068 2593 1163 2651 ypapap
1164 2594 1275 2652 ιατικη,

58 2682 105 2733 art
116 2669 254 2729 scribendi
265 2671 376 2746 ,sive,
398 2692 483 2749 quam
500 2691 551 2731 nos
572 2690 726 2744 vocamus,
747 2671 933 2747 alphabetico
962 2680 1117 2749 scriptura
1136 2687 1203 2732 nata
1223 2687 1275 2734 est.

65 2758 248 2827 trinominem
268 2789 327 2828 esse
347 2769 490 2844 arbitror,
517 2770 591 2849 quin
612 2769 643 2827 in
663 2766 764 2848 primis
782 2769 911 2849 accipere
930 2790 946 2828 a
965 2768 1084 2830 Platone
1112 2784 1139 2829 et
1164 2774 1272 2853 perspi·

65 2878 121 2921 tere
139 2881 223 2929 areat.
265 2865 424 2927 Audiamus
443 2867 540 2927 denuo
559 2866 713 2926 Soc1·.atem
755 2867 898 2948 Praecipit
914 2868 1040 2949 primum
1060 2868 1112 2929 ille
1130 2870 1184 2929 hoc
1205 2872 1274 2929 uni-

65 2966 149 3023 tarn:
179 2959 277 3092 ὥοπερ
311 2959 368 3047 γὰρ
396 2964 428 3027 ἓν
460 2959 561 3027 οτιοῦν
587 2961 618 3026 ri
637 2963 682 3040 τίς
708 2987 777 3026 ποτε
804 2960 907 3044 iiiior,
934 2965 1060 3044 τοῦτον,
1089 2962 1130 3043 οἷς
1157 2965 1274 3051 φαμὲν,

59 3048 110 3117 Μ
131 3062 169 3125 e'a'
194 3064 315 3151 antinoo
342 3068 391 3129 tat
417 3062 507 3150 pion
528 3063 648 3188 filim
669 3062 775 3146 εὐθΰς,
799 3064 896 3129 αλλΗ
882 3067 932 3129 ent'
950 3093 995 3131 τιν
1023 3066 1144 3157 οἷριθιἱ
1114 3095 1173 3133 ιον·
1195 3065 1275 3135 οὕτω

68 3156 109 3235 Μ
127 3166 300 3247 τούναντίον,
330 3165 404 3233 ὅταν
433 3195 477 3246 τις
497 3195 533 3233 το
558 3165 677 3252 ἄπειρον
698 3166 878 3296 {raynaudi}
897 3175 1016 3255 πρῶτον
1036 3170 1207 3292 λαμβανιιν,
1228 3202 1272 3259 μη

66 3254 160 3335 itti
127 3292 157 3332 το
184 3272 216 3336 ἓν
243 3269 350 3349 cridia,
372 3269 471 3335 a'ii'³
456 3268 501 3335 ια’
522 3269 657 3354 atta-apia
679 3298 716 3335 au
740 3299 804 3338 τινα
825 3271 979 3358 πλῆθοςί
966 3271 1096 3339 saiorum
1117 3273 1247 3359 ἔχοντα
1243 3303 1275 3341 τι

66 3379 209 3452 miretur,
231 3377 369 3443 τελευτᾶν
390 3401 420 3439 τι
444 3375 476 3439 ἔκ
496 3400 616 3439 παντων
636 3376 677 3452 εἷς
699 3375 744 3441 ἓν·
772 3387 904 3459 prouti
894 3388 974 3438 anim
1004 3389 1032 3440 ai
1051 3391 1119 3459 quir
1148 3405 1271 3440 unum

71 3475 132 3545 Μ
153 3489 283 3559 accipit,
303 3490 350 3557 ia,
378 3492 413 3539 ut
433 3483 585 3555 diximus,
605 3503 663 3539 nan
683 3504 749 3539 moa
767 3488 801 3538 in
820 3482 1009 3554 infiniti
1037 3490 1202 3555 notatarum,
1222 3483 1274 3541 aad

68 3572 323 3649 haumarum
352 3583 487 3660 aliquem
515 3589 646 3638 mentem
674 3580 828 3639 attendere
856 3579 960 3663 debet:
991 3585 1033 3636 aia
1061 3586 1213 3654 aioiaaim,
1244 3588 1271 3639 ai

69 3675 122 3745 {fit
140 3686 276 3756 primum
309 3687 353 3738 in
356 3683 547 3753 finitum
582 3699 699 3736 rumara
730 3685 852 3759 cogitur
866 3720 876 3750 ,
904 3698 1093 3754 naquaquam
1118 3685 1152 3736 iu
1179 3701 1274 3739 unum

70 3783 207 3851 antinno,
228 3780 278 3838 aad
298 3786 332 3837 in
358 3799 574 3837 numerum
603 3777 769 3854 quandam,
800 3783 854 3854 qai
883 3777 1111 3836 multitudinem
1139 3779 1274 3858 aliquam

71 3865 176 3951 hiat,
197 3888 329 3937 mentam
357 3879 439 3936 dabat
466 3886 657 3949 conuertere,
689 3898 724 3934 aa
749 3877 941 3952 omnibusque
969 3877 1089 3934 tandem
1118 3883 1151 3932 in
1180 3898 1275 3934 unum

69 3966 195 4035 huneco.
218 3973 250 4055 3)
292 3975 376 4035 Illius
395 3975 559 4056 exemplum
580 3975 702 4034 rationis
721 3977 753 4036 in
770 3974 895 4034 musicae
928 3974 1099 4049 inventione
1117 3973 1273 4033 habemus:

66 4061 128 4135 hanc
147 4072 309 4149 rationem,
330 4095 402 4154 quae
422 4073 459 4134 ah
479 4073 606 4135 infinitis
620 4095 744 4177 'numero
769 4072 806 4133 ad
831 4094 923 4133 unum
951 4073 1099 4154 procedit,
1128 4072 1276 4130 literarum

87 4283 110 4349 ιι
128 4286 220 4337 ruas.
238 4285 279 4337 ιι.
297 4252 327 4337 ἰ
344 4313 378 4323 -
393 4286 422 4337 ιι.

84 4372 113 4434 2)
132 4373 170 4423 De
186 4373 258 4440 heqp.
277 4371 308 4424 ll.
329 4370 387 4423 653.
410 4371 439 4421 Ε.
459 4370 517 4422 664.
541 4370 569 4421 Ε.
591 4369 648 4421 672.
671 4369 699 4421 C.
721 4368 766 4421 Cff.
790 4370 866 4421 Initia
889 4386 913 4435 p.
933 4365 974 4417 82.

84 4456 109 4522 ³)
129 4454 331 4509 Ptttet;³18.A.
441 4456 444 4461 ’
