2796 5048
669 248 731 310 379.

246 408 305 467 Ad
323 410 513 468 hominem
534 412 731 483 refertur
750 411 1058 486 unice„noa'ad
1076 431 1153 482 raa,

431 508 711 584 philosophia
732 509 942 570 Plutonia.

109 685 181 745 Non
199 667 301 764 parum
319 683 366 742 his
387 683 503 764 placitis
521 705 587 744 cum
606 685 792 767 philosophia
820 689 950 748 Platonis
969 684 1174 747 similitudinis
1193 685 1316 742 interce·

69 780 164 864 dere,
188 780 307 840 lectores
327 780 440 841 vident.
482 783 591 858 Nobis,
610 806 667 862 quo
678 784 754 843 hanc
774 786 936 845 accuratius
957 796 985 844 et
1006 803 1188 843 secernamus
1206 780 1242 838 ab
1258 769 1319 838 illi's

63 892 96 939 et
116 879 213 959 ipsam
242 877 434 953 definiamus,
464 879 518 938 hoc
540 880 718 957 notandum,
748 906 797 943 res
823 884 856 943 in
875 885 977 964 primis
996 897 1025 942 et
1055 902 1161 940 rarum
1182 892 1314 937 naturam

62 976 233 1057 respexisse
261 975 450 1056 philosophos
477 977 570 1052 illos,
590 1000 655 1037 cum
674 981 803 1041 Platonis
832 981 966 1041 doctrina
994 978 1033 1039 ad
1052 973 1148 1059 ipsum
1168 979 1316 1035 hominem

59 1074 214 1135 referatur
233 1074 327 1136 unice.
361 1074 414 1133 Uti
432 1075 588 1154 speluncae
606 1077 685 1158 apud
702 1100 767 1137 eum
779 1081 886 1160 imago,
907 1081 946 1139 ita
967 1081 1028 1158 ejus
1046 1072 1232 1157 philosophia
1249 1096 1318 1132 παι-

59 1164 201 1243 δεύσεως
220 1173 343 1258 maxime
369 1186 398 1231 et
412 1165 606 1247 ἀπαιδευσίας
624 1174 817 1237 declarandae
846 1179 943 1237 caussh
959 1175 1074 1258 prodita
1094 1187 1144 1232 est.
1187 1172 1262 1233 Sunt
1280 1175 1314 1233 in

59 1271 249 1357 pulcerrima
269 1270 322 1329 illa
350 1275 564 1352 comparatione
585 1275 697 1348 multa,
726 1275 833 1352 quibus
853 1275 1000 1335 declarare
1021 1275 1208 1332 substantias
1229 1269 1316 1346 illas,

58 1371 228 1444 mades,
248 1377 394 1428 aasentias
415 1370 511 1432 liceat.
534 1372 658 1452 Fingere
679 1371 725 1430 illi
743 1394 856 1452 quoque
875 1375 1036 1456 potuissent
1049 1368 1238 1450 philosophi,
1261 1389 1314 1428 nos

58 1470 98 1529 in
120 1487 250 1528 caverna
267 1465 418 1542 habitare,
439 1469 472 1527 in
495 1491 551 1547 qua
572 1469 689 1528 umbras
709 1490 806 1528 rerum
816 1516 825 1545 ,
847 1493 907 1531 non
923 1493 988 1544 res,
1008 1481 1185 1548 spectemus,
1206 1465 1315 1546 quippe

58 1565 205 1627 rensibus
225 1585 284 1622 non
305 1564 343 1624 ad
361 1566 438 1646 ipsas
458 1587 554 1626 rerum
575 1567 771 1642 substantias,
800 1568 838 1627 ad
859 1569 1026 1627 interiorem
1047 1584 1144 1624 earum
1162 1576 1314 1638 naturam,

58 1661 148 1745 qnod
168 1662 222 1720 uni
239 1663 299 1721 Deo
318 1662 405 1738 licet,
420 1678 613 1743 penetrantes.
657 1665 857 1724 Veruntamen
877 1666 915 1725 ad
934 1665 1061 1726 hominis
1080 1657 1232 1722 παίδευσιν
1252 1683 1312 1720 non

58 1761 292 1835 eontinu0,non
304 1749 420 1841 proprie
440 1761 493 1820 hae
514 1763 665 1823 doctrinae
683 1763 841 1843 pertinent.
883 1764 977 1844 Magis
994 1764 1052 1822 huc
1064 1763 1165 1824 valent
1183 1783 1255 1841 quae
1275 1757 1312 1817 ab

58 1858 139 1921 aliis
159 1857 198 1917 de
207 1866 328 1917 ratione
334 1867 477 1938 practico
488 1907 496 1935 ,
508 1859 545 1919 de
557 1862 669 1919 morali
689 1882 802 1941 organo
815 1874 842 1919 et
855 1863 965 1939 mundo
973 1863 1084 1920 morali
1102 1859 1218 1941 prodita
1229 1869 1311 1918 sunt:

58 1958 94 2019 bi
108 1978 167 2017 nos
189 1977 301 2037 especu
312 1958 344 2016 in
354 1957 445 2016 alium
455 1959 598 2019 mundum
608 2004 617 2032 ,
636 1972 721 2037 atque
732 1959 785 2016 ille
806 1971 848 2018 est
868 1981 952 2038 quem
972 1959 1105 2018 sensibus
1123 1956 1310 2038 percipimus,

58 2056 269 2130 transferunt,
288 2069 317 2113 et
335 2057 472 2136 propius,
505 2071 537 2116 ut
558 2056 706 2132 vidimus,
737 2057 776 2117 ad
795 2057 971 2128 Platonicam
992 2057 1208 2139 philosophiam
1225 2073 1310 2112 acce-

58 2154 153 2217 dunt.
196 2154 323 2227 Verum,
352 2153 597 2231 quemadmodum
618 2154 741 2214 homoa
770 2154 875 2215 mundi
906 2155 1074 2236 spectabilis
1103 2152 1213 2211 umbris
1232 2164 1308 2209 totus

58 2253 200 2316 converti
220 2249 257 2309 ad
274 2245 314 2311 roi
332 2246 426 2332 νοητὰ
445 2252 568 2328 debeat,
588 2267 619 2311 ut
637 2275 739 2334 puram
760 2254 1017 2332 intaminatamque
1042 2253 1193 2314 veritatem
1208 2263 1307 2308 mente

58 2350 186 2424 rideat,
205 2349 237 2409 id
263 2373 348 2413 nemo
377 2349 634 2433 philosophorum,
663 2373 735 2430 quos
758 2373 810 2411 nos
837 2353 1043 2431 cognovimus,
1069 2365 1128 2410 tam
1158 2347 1304 2422 studiose,

58 2466 121 2511 tam
142 2461 230 2527 apte,
248 2462 305 2507 tam
315 2450 424 2530 plene,
443 2468 529 2528 quam
549 2447 603 2506 hac
621 2449 746 2528 imagine
760 2449 856 2523 Plato,
878 2448 1096 2508 demonstravit.
1139 2446 1197 2506 Sed
1225 2444 1303 2504 illud
1352 2472 1353 2476 ¹

58 2545 331 2607 rnimadvertamus
350 2546 529 2628 praesertim.

96 2644 186 2702 Hace
205 2643 285 2722 ipsa,
307 2665 380 2722 quae
401 2645 482 2704 Plato
501 2631 595 2722 νοητᾶ
615 2631 874 2724 αρρεΙΙεῑ,ὀκῑεε
899 2642 1042 2703 mundum
1061 2640 1304 2723 adspectabilem,

58 2755 147 2803 extra
166 2742 332 2818 materiem,
352 2765 437 2822 quam
459 2745 519 2804 fere
537 2763 641 2805 vocare
668 2741 835 2823 philosophi
858 2741 970 2818 solent,
992 2741 1108 2801 adsunt.
1152 2741 1256 2797 Censet
1273 2737 1306 2794 in
1392 2736 1395 2743 ’

59 2840 143 2912 llis,
171 2851 205 2897 ut
224 2837 371 2916 vidimus,
391 2834 429 2901 td
458 2837 535 2916 ἴσον,
555 2831 595 2902 vd
615 2834 759 2921 μέγεθος,
786 2849 919 2902 oenones
940 2841 1059 2901 omnino
1070 2885 1079 2914 ,
1101 2858 1174 2917 quae
1191 2833 1229 2893 ad
1250 2854 1301 2892 co-

58 2935 221 3020 gitandum
240 2950 269 2995 et
287 2937 481 3014 judicandum
502 2944 679 3004 necessariae
717 2941 802 3000 nobis
824 2957 910 3016 sunt,
929 2954 990 2999 tum
1010 2940 1095 2997 ideae
1125 2934 1241 3016 proprie
1265 2932 1305 2990 sic

58 3035 177 3109 lictus,
199 3047 231 3093 ut
248 3027 286 3094 ati
305 3031 413 3117 καλόν,
434 3064 470 3101 το
496 3031 632 3121 ἀγαθόν,
652 3034 690 3101 ed
711 3037 831 3101 δίκαιον.
853 3040 920 3100 Esse
947 3052 1042 3097 autem
1061 3035 1131 3095 haec
1153 3033 1189 3092 ab
1207 3053 1240 3090 eo
1257 3051 1306 3090 er·

58 3150 106 3195 aa
129 3132 277 3207 mundum
292 3133 523 3220 'adspectabilem
533 3143 621 3218 ficta,
638 3165 653 3202 e
674 3143 825 3216 Phaedro,
848 3161 863 3199 e
883 3139 1002 3199 Timaeo
1020 3134 1142 3214 aliisque
1161 3132 1223 3209 ejus
1240 3127 1307 3187 dia-

58 3231 138 3312 081’8
167 3230 336 3301 didicimus.
379 3238 415 3298 Iu
440 3241 557 3302 Timaeo
577 3261 694 3320 prorsus
705 3240 804 3315 ideas,
827 3253 858 3298 ut
874 3234 1133 3296 animadvertimus
1151 3227 1250 3303 modo,
1274 3223 1303 3303 l)

58 3337 231 3403 matario
260 3332 424 3415 distinguit.
467 3340 539 3397 Nom
559 3340 636 3397 Deus
664 3338 729 3397 illic
750 3338 788 3398 ad
818 3338 913 3397 ideam
932 3334 1004 3393 boni
1025 3330 1172 3390 materiem
1192 3327 1305 3385 format.

58 3430 242 3493 tolerantur
257 3431 347 3510 igitur
365 3435 444 3515 apud
462 3459 526 3498 eum
545 3429 585 3498 toi
604 3430 699 3517 νοητὰ
717 3437 756 3496 ad
784 3449 912 3495 mentem
934 3431 1038 3504 unice,
1067 3439 1143 3486 certe
1175 3444 1254 3496 non,
1274 3418 1307 3477 ut

58 3526 166 3589 {antii
187 3517 332 3606 acciperat
351 3531 530 3613 aliorumque
557 3538 735 3597 substantiae
765 3548 793 3593 et
813 3529 969 3603 monades,
990 3525 1027 3585 ad
1047 3523 1195 3582 materiem
1217 3519 1304 3593 item,

58 3628 100 3688 :ui
126 3626 202 3687 haee
221 3628 335 3690 subesse
351 3631 509 3693 dicuntur.
553 3634 600 3693 Sic
622 3648 717 3693 autem
736 3633 818 3692 Plato
835 3629 873 3689 ad
894 3638 1019 3684 mentem
1038 3621 1154 3702 proprie
1175 3610 1213 3677 sci
1235 3639 1308 3698 νοη-

58 3720 88 3787 ·α“
113 3725 268 3806 referens,
289 3726 441 3789 παίδευσιν
461 3751 520 3792 esse
540 3725 618 3792 dixit
636 3733 770 3791 hominis
788 3733 828 3788 ad
845 3719 884 3785 ati
903 3715 1010 3804 νοητα,
1034 3709 1074 3779 vti
1094 3714 1178 3795 ὄντα,
1202 3721 1241 3778 ad
1258 3742 1303 3777 aa·

58 3837 190 3887 'itatem
217 3839 455 3905 conversionem,
487 3830 580 3910 deque
607 3831 726 3890 homine
756 3826 921 3888 erudiendo
951 3825 1065 3883 effatum
1084 3820 1208 3903 protulit
1219 3865 1228 3894 ,
1248 3839 1306 3895 quo

58 3924 182 3987 nullum
195 3925 287 4001 ¹,facile
307 3929 346 3989 ad
365 3952 448 3989 usum
467 3931 545 3991 vitae
564 3928 805 3990 accommodatius
834 3922 1037 4002 efficaciusque
1058 3935 1118 3995 est,
1137 3913 1304 3996 hujusmodi

58 4021 155 4083 llud:
177 4023 304 4086 bominis
325 4028 518 4107 ignorantiam
528 4028 625 4088 minus
636 4026 827 4099 facultatum,
845 4012 952 4103 quibus
969 4020 1117 4102 praeditus
1137 4030 1187 4090 est,
1200 4013 1301 4072 tenui-

59 4123 132 4195 ati,
163 4137 215 4182 aut
241 4145 356 4202 rerum,
391 4147 462 4205 quas
487 4147 656 4206 cognoscere
683 4124 799 4199 studet,
828 4120 991 4183 conditioni
1013 4137 1071 4177 esse
1099 4110 1303 4189 tribuendam,

58 4240 145 4299 [uam
166 4240 319 4300 perversae
338 4224 466 4302 rationi,
487 4245 544 4302 qua
565 4225 657 4284 utitur
676 4207 868 4283 facultatibus
887 4220 962 4280 suis:
985 4217 1047 4276 sive
1057 4261 1065 4288 ,
1087 4227 1118 4270 ut
1137 4211 1243 4269 rectius
1263 4207 1304 4265 il-

88 4423 122 4487 1)
142 4423 223 4473 lnitio
236 4439 262 4489 p.
281 4421 340 4474 374.
