2796 5048
677 256 736 316 tat

86 423 184 486 tates,
205 415 246 472 sic
266 415 360 529 pergit
376 415 505 476 Socrates
515 440 629 534 ‚aegre
646 425 872 503 superavimuss
875 429 1016 541 satisque·
1028 427 1104 486 inter
1124 451 1176 489 nos
1195 447 1326 508 constat,

84 503 125 569 ui
146 503 224 579 aristi
245 506 302 588 μὲν
322 505 352 571 ἓν
372 506 471 593 utitur,
493 509 531 576 sd
554 513 629 579 αὐτοὶ
652 514 715 580 δ”
699 541 731 580 εν
745 515 810 596 erig
831 516 956 584 ἑκάστου
975 546 1014 585 τι
1004 525 1121 611 ψυχῇ
1135 522 1241 608 γένη’
1225 534 1329 591 malvae

79 606 446 694 καὶιιιατιινιιριθμόν·
475 621 742 699 andernaicum,
770 627 928 705 eodemque
956 634 1093 704 cujusvis
1112 631 1242 691 hominia
1261 643 1327 691 oui·

83 736 130 773 mo
154 737 271 796 genero
298 712 394 777 inolere
422 730 454 778 at
481 742 606 779 numero
627 731 773 800 por-ia.
759 751 791 760 -
821 724 868 784 sie
896 746 974 785 sane.
1005 759 1040 770 -
1070 727 1150 801 Quin
1180 730 1265 788 etiam
1296 731 1328 790 id

83 812 280 871 necessarium
300 827 342 873 est
353 861 361 890 ‚
380 817 624 895 quemadmodum
643 835 671 880 et
688 843 744 899 quo
763 823 878 902 sapiens
899 837 960 881 erat
977 825 1099 899 civitas,
1118 825 1157 883 ita
1178 840 1206 885 et
1226 827 1326 886 eodem

83 909 249 990 sapientem
277 933 337 972 esse
365 914 521 975 hominem.
547 951 582 962 -
609 917 746 992 Quidni?
765 955 801 964 —-
819 921 891 979 Item
918 942 975 1000 quo
1005 923 1089 981 sortis
1117 937 1158 982 est
1185 923 1271 983 homo
1301 926 1332 983 et

82 1005 250 1085 quomodo,
279 1010 379 1074 eodem
410 1026 437 1071 et
466 1013 505 1072 ita
522 1014 626 1074 fortem
641 1036 700 1076 esse
718 1017 881 1077 civitatem:
900 1033 928 1079 et
947 1019 980 1077 in
998 1021 1117 1080 caeteris
1137 1023 1273 1082 omnihus
1291 1022 1332 1087 ,ad

83 1107 229 1166 virtutem
266 1122 387 1188 utraque
414 1110 549 1171 similiter
583 1133 613 1171 se
641 1113 758 1174 habere.
776 1158 811 1167 -
829 1118 948 1176 Necesse
978 1132 1029 1178 est.
1048 1141 1083 1152 -
1103 1121 1190 1197 Atqui
1218 1134 1247 1179 et
1276 1122 1333 1197 jus·

83 1219 172 1280 tum,
201 1227 220 1266 o
253 1208 385 1284 Glauco,
415 1208 545 1269 dicemus
571 1212 668 1271 virum
697 1213 797 1273 eadem
826 1215 958 1288 ratione,
989 1235 1045 1294 qua
1074 1214 1199 1275 dicimus
1230 1217 1337 1275 civita·

81 1318 154 1364 tem.
181 1335 217 1346 -
243 1294 281 1365 Et
306 1305 360 1366 hoe
388 1308 508 1367 omnino
536 1311 739 1371 necessarium.
766 1345 801 1355 -
827 1314 886 1371 Nec
915 1304 1087 1372 vero'illud
1108 1313 1191 1373 obliti
1215 1334 1333 1372 sumus>

82 1405 240 1464 civitatem
267 1426 305 1464 ex
331 1425 365 1464 eo
394 1405 479 1464 nobis
506 1406 598 1466 visam
624 1428 682 1469 esse
707 1411 833 1487 justam,
851 1411 940 1488 quia,
961 1430 1027 1468 cum
1046 1410 1101 1468 tria
1121 1409 1220 1470 adsint
1239 1409 1334 1470 bomi-

62 1495 166 1561 ‘·num
191 1524 314 1584 genera,
344 1523 429 1563 suum
447 1503 569 1581 quisque
589 1504 621 1564 in
640 1527 673 1565 ea
699 1507 799 1587 explet
818 1505 956 1568 officium.
982 1536 1017 1547 -
1043 1506 1131 1573 Haut
1149 1509 1279 1590 profecto
1297 1507 1342 1589 id-

82 1599 161 1659 mihi
182 1600 270 1660 obliti
290 1599 435 1661 videmur.
455 1629 490 1638 -
507 1601 675 1661 Meminisse
699 1624 766 1684 ergo
784 1619 913 1684 oportet,
950 1626 1184 1686 unumquemque
1205 1620 1335 1665 nostrum

61 1713 156 1758 :tum
179 1699 291 1775 justum
323 1701 455 1760 futurum
474 1719 516 1758 ae
541 1721 591 1758 sua
610 1715 794 1781 peracturum
806 1748 820 1776 ,a
836 1703 887 1761 ubi
903 1704 1038 1782 singulae
1058 1703 1137 1785 apud
1157 1727 1221 1764 eum
1243 1706 1337 1764 animi

80 1809 183 1879 partes
211 1817 262 1856 sua
290 1810 438 1878 peragent.
489 1839 505 1848 -
529 1797 699 1869 Meminisse
731 1793 847 1880 prorius
875 1813 999 1881 oportet.
1027 1826 1062 1837 -
1092 1803 1196 1861 Nonne
1215 1801 1261 1885 τῷ
1281 1797 1334 1861 λο-

79 1893 209 1980 γισταῷ
229 1897 370 1958 convenit
397 1895 557 1977 imperare,
586 1918 652 1956 curn
677 1898 799 1977 sapiens
814 1899 869 1972 sit,
891 1912 1030 1978 geratque
1051 1900 1140 1958 totius
1159 1900 1249 1959 animi
1267 1923 1334 1981 pro-

80 1996 274 2057 videntiam?
295 1992 340 2078 τῷ
360 1994 521 2071 θυμοειδεῖ
539 2014 607 2054 vero
624 2040 633 2071 ,
653 1994 772 2074 obsequi
795 1992 903 2054 rationi
922 2016 1031 2076 proque
1051 1996 1104 2055 illa
1123 2001 1279 2079 pugnare?
1308 2029 1342 2038 -

64 2097 187 2165 ¹Plane.
208 2121 244 2143 ’-
262 2097 374 2156 Nonne
385 2095 522 2154 'musicae
550 2108 579 2152 et
605 2093 799 2175 gymnasticae
813 2093 981 2172 aequabilis
999 2095 1187 2172 conjunctio,
1210 2110 1242 2155 ut
1261 2118 1336 2156 con·

80 2193 186 2253 cordia
206 2193 258 2252 illa
277 2194 353 2269 sint,
372 2183 480 2267 efficit,
498 2192 622 2252 alterum
641 2191 745 2251 horum
766 2190 924 2250 intendens
943 2212 1106 2272 augensque
1127 2192 1335 2274 etpraeelaris

85 2291 269 2351 sermonibus
297 2312 330 2351 ae
358 2290 525 2371 disciplinis
553 2291 703 2363 nutriens,
733 2289 857 2348 alterum
887 2309 956 2349 vcro
985 2279 1155 2366 remittens,
1176 2290 1281 2351 sedans
1299 2311 1332 2350 ac

81 2410 140 2471 per
167 2388 346 2449 harmoniam
377 2404 462 2468 atque
494 2387 663 2469 rhythmum
692 2388 946 2446 mansuefaciens?
967 2388 1161 2449 -Maxime
1189 2416 1224 2428 -
1254 2390 1332 2448 Haeo

81 2489 176 2569 igitur
195 2488 236 2547 sic
256 2488 385 2563 nutrita,
407 2506 472 2545 cum
496 2506 547 2544 sua
574 2505 604 2543 re
630 2505 698 2543 vera
725 2483 904 2558 didicerint,
927 2506 1025 2543 nonne
1053 2507 1182 2567 praeesse
1201 2486 1246 2572 τῷ
1267 2486 1331 2548 ἕπι-

77 2583 248 2669 θυμητικῷ
266 2534 435 2661 debebubt,
456 2585 535 2666 quod
554 2582 709 2643 maximam
726 2583 817 2640 animi
838 2595 950 2662 partem
972 2583 1005 2641 in
1028 2605 1201 2677 unoquoque
1220 2587 1309 2649 efficit
1320 2638 1329 2665 ,

79 2701 111 2747 et
139 2686 257 2747 divitiis
288 2673 402 2764 expleri
430 2685 533 2744 naturh
565 2703 625 2741 non
644 2693 751 2763 potest:
783 2678 985 2758 cavebuntque
997 2725 1006 2754 ‚
1028 2701 1064 2738 ne
1086 2680 1181 2758 illud,
1203 2690 1330 2766 corporis

82 2784 287 2866 voluptatibus
307 2784 466 2866 repletum,
487 2780 626 2864 grandius
654 2778 856 2855 robustiusque
876 2775 982 2835 evadat
992 2819 1001 2849 ‚
1023 2776 1154 2858 nolitque
1174 2803 1225 2841 suo
1244 2784 1330 2866 fungi

79 2881 202 2956 officio,
223 2881 274 2941 sed
302 2883 445 2961 subjicere
472 2881 529 2941 sibi
557 2878 615 2953 illa,
638 2876 815 2950 contendat,
845 2874 952 2953 quibus
980 2874 1121 2953 imperare
1142 2881 1246 2939 natura
1266 2905 1328 2943 non

80 2980 190 3055 debet,
212 2993 296 3058 atque
325 2981 364 3039 ita
393 2981 558 3040 universam
587 2977 717 3036 omnium
746 2974 835 3034 sitam
854 2985 1060 3052 pervertat·-
1079 2972 1126 3034 Sic
1147 2998 1329 3057 prorsus.

80 3079 165 3154 Quin
194 3079 279 3136 etiam
305 3077 343 3137 ab
372 3077 500 3136 externis
526 3074 658 3134 hostibus
687 3071 745 3130 duo
764 3071 815 3128 illa
834 3071 941 3150 optime
964 3072 1130 3152 universum
1151 3089 1180 3134 et
1198 3079 1330 3161 animum

81 3191 111 3235 et
139 3182 247 3257 corpus‘
269 3175 485 3248 vindicabunt,
506 3194 572 3232 curn
598 3166 676 3230 illud
704 3149 823 3248 quidem
851 3168 974 3249 provide
993 3149 1137 3246 consulit,
1159 3173 1213 3233 boc
1233 3190 1330 3234 autom
1365 3220 1367 3225 -

80 3287 267 3357 propugnat,
294 3272 423 3355 principi
448 3272 678 3351 obtemperans
696 3281 723 3325 et
753 3264 944 3340 fortitudine,
976 3288 1050 3362 quae
1076 3271 1209 3330 consulta
1238 3286 1328 3347 sunt,

66 3393 273 3453 peragens.-
320 3373 400 3430 Vera·
424 3370 494 3428 haec
524 3384 601 3428 sunt.
629 3394 664 3404 -
690 3366 804 3424 Fortem
832 3365 962 3443 profecto
991 3364 1044 3424 bac
1074 3388 1111 3426 ex
1129 3383 1210 3447 parte
1229 3371 1325 3429 virum

81 3491 226 3550 quemque
246 3492 382 3530 vocamus
390 3446 599 3546 ,ubi,quod
591 3466 646 3546 ipsi
668 3466 744 3524 inest
754 3455 959 3538 ‚Quotidie
951 3483 983 3521 ιιι
1001 3461 1106 3522 mediis
1125 3464 1325 3545 voluptatibus

81 3590 115 3627 ac
135 3567 287 3657 doloribus
306 3568 338 3627 id
354 3569 507 3640 observat,
528 3563 607 3656 quod
627 3563 700 3621 ratio
721 3562 905 3641 praescripsit
926 3560 973 3620 vel
992 3559 1125 3620 terribile
1142 3563 1188 3622 vel
1201 3576 1327 3624 nonter-

81 3667 172 3727 ribile
187 3688 254 3726 esse.
265 3669 452 3727 -Βιιιι.,-
419 3663 628 3745 —Sapientem
647 3680 715 3718 vero
732 3679 821 3738 parva
842 3657 894 3716 illa
912 3679 948 3716 en
969 3670 1069 3738 parte,
1082 3679 1154 3735 quae
1166 3663 1324 3743 etimperat

80 3767 116 3825 in
137 3786 201 3845 ipso
215 3779 243 3824 et
257 3765 310 3823 ista
329 3764 439 3837 dietat,
459 3761 596 3820 hahens
589 3772 657 3818 rtem
676 3759 708 3816 in
728 3776 788 3815 sese
806 3757 977 3828 seientiam,
998 3775 1054 3833 qua
1073 3755 1215 3817 discernit
1223 3760 1326 3837 ‚quid

79 3863 263 3944 potissimum
283 3882 319 3919 ex
341 3883 393 3920 usu
412 3862 450 3920 sit
473 3873 530 3919 tam
552 3856 695 3937 singulis,
716 3874 803 3934 quam
830 3854 965 3912 universo
990 3854 1083 3912 coetui
1103 3875 1139 3912 ex
1164 3855 1211 3914 his
1231 3856 1325 3917 tribus

74 3961 250 4019 constituto.
269 3985 305 3994 -
325 3963 418 4020 Certe.
437 3989 472 3999 -
491 3960 713 4038 Temperantem
743 3973 841 4010 rursus
867 3949 991 4029 aliquem
1020 3952 1200 4032 appellamus
1219 3953 1322 4013 horum

79 4061 212 4141 ipsorum
233 4058 360 4116 amicitia
389 4072 472 4135 atque
491 4052 666 4127 concordii,
689 4051 738 4110 ubi
769 4062 798 4107 et
818 4047 897 4127 quod
915 4063 1042 4130 praeest,
1065 4064 1092 4108 et
1109 4049 1188 4127 quod
1205 4052 1322 4128 subest,

78 4159 115 4216 in
135 4156 308 4215 sententiam
320 4155 455 4215 ’eandem
474 4153 674 4227 conveniunt,
695 4141 836 4208 rationem
864 4146 1005 4227 imperare
1023 4146 1129 4206 debere
1139 4193 1149 4221 ‚
1170 4169 1264 4226 neque
1282 4150 1320 4209 ab

77 4253 137 4314 illa
159 4253 383 4314 desciscendum
412 4275 480 4313 esse.
501 4250 637 4312 -Nihil
658 4270 726 4308 sane
751 4244 860 4306 aliud
853 4266 885 4303 in
906 4244 1026 4304 civitate
1044 4258 1129 4322 atque
1150 4245 1181 4304 in
1202 4246 1320 4306 homine

77 4353 275 4432 temperantia
292 4368 398 4413 est.—
363 4352 513 4413 -Justus
536 4350 664 4429 denique
690 4368 726 4407 ex
747 4367 780 4406 eo
804 4358 889 4422 atque
910 4343 949 4400 ita
972 4341 1027 4401 erit
1044 4344 1186 4440 quisque,
1207 4365 1244 4405 ex
1261 4367 1318 4466 quo

78 4465 111 4509 et
130 4449 374 4527 quemadmodum
392 4471 475 4530 saepe
497 4452 557 4527 jam
577 4446 771 4507 diximus-
735 4441 909 4499 -Necesse
928 4452 970 4500 est
987 4460 1113 4521 pror.sus
1133 4483 1168 4493 -
1182 4437 1285 4524 Tl
1250 4467 1316 4505 ooo.
1393 4528 1395 4533 μ

1070 4545 1109 4602 32
