2796 5048
660 196 723 259 tlt

86 386 207 454 paterno
233 389 327 431 amore
354 365 622 448 complecterentur.
664 360 786 438 Qualem
816 361 969 421 bominum
993 361 1174 438 societatem,
1193 362 1240 423 sed
1259 385 1285 423 re·

81 473 212 549 junctam
230 490 246 528 a
265 468 352 526 cirili
369 466 428 526 vita
447 477 475 524 et
493 464 653 537 moralem,
674 482 755 542 posse
777 460 913 521 exsistere
932 474 962 519 et
988 478 1035 521 res
1054 459 1185 538 loquitur
1198 477 1226 522 et
1242 463 1288 523 bis-

84 569 157 629 toria
185 580 248 647 post
266 564 412 625 Platonem
439 561 548 622 docuit.
589 559 670 621 Talis
690 559 768 621 enim
788 557 900 619 exstitit
917 579 969 639 per
986 552 1158 638 religionem
1174 544 1287 622 chusia

84 687 148 726 nam
178 664 336 724 communis
367 661 515 721 hominurn
547 659 670 732 civitas,
709 657 870 717 animorum
906 677 1049 719 consensu
1083 655 1290 739 divinorumque

83 765 249 824 auctoritate
278 772 494 842 praeceptorum
518 759 621 835 juncta
657 768 685 814 et
712 755 852 815 stabilita.
903 753 961 814 Sed
990 754 1038 814 his
1065 748 1108 815 ita
1138 757 1174 816 de
1203 761 1291 840 optim

83 863 211 922 Platonis
240 858 387 940 republica
417 857 552 930 monitis,
582 853 758 933 assequimur
783 854 844 930 jam
874 853 961 912 facile
987 873 1055 912 cum
1075 853 1166 932 hujus
1185 870 1213 916 et
1229 858 1291 916 timo

82 963 186 1022 cratiae
212 957 471 1038 comparationem,
502 967 563 1012 tum
588 953 691 1026 etiam,
721 950 962 1030 quemadmodum
988 951 1043 1012 illa
1062 951 1146 1034 apud
1164 951 1293 1013 Platonem

85 1063 116 1121 in
136 1061 211 1119 hanc
230 1068 428 1118 commutetur.
474 1052 634 1132 «Neglecto
644 1097 654 1126 ,
675 1051 733 1125 ait,
754 1049 864 1111 civium
882 1048 1051 1112 discrimine
1070 1051 1220 1127 naturali,
1239 1074 1293 1113 con·

84 1159 209 1237 finisque
239 1157 278 1215 ita
311 1153 460 1212 bominum
492 1149 662 1231 generibus,
689 1152 835 1226 ferram
866 1134 896 1208 it
923 1169 1048 1208 urorum
1074 1149 1115 1209 ad
1145 1165 1293 1230 quaestum,

82 1275 268 1337 agrorumque
298 1265 326 1311 et
352 1250 500 1310 domorum
530 1248 735 1329 possessionem
763 1245 912 1322 ferentur,
943 1268 1071 1307 norsum
1105 1269 1176 1322 vero
1205 1262 1232 1309 et
1254 1270 1295 1309 or·

26 1400 29 1405 .
79 1367 240 1437 gantiam,
268 1352 376 1432 quippe
402 1348 505 1408 natura
535 1345 579 1409 nil
609 1367 707 1406 eorum
731 1346 916 1428 appetentia,
934 1343 972 1407 ad
991 1339 1132 1409 virtutem
1150 1360 1295 1429 rectamque

83 1454 280 1519 conditionem
298 1447 429 1510 tendent.
471 1446 540 1506 Orto
563 1444 652 1525 igitur
668 1442 795 1507 tumultu
811 1463 845 1503 ac
862 1442 1024 1519 seditione,
1045 1446 1080 1507 in
1097 1445 1229 1507 medium
1244 1467 1308 1509 our-¹

84 1553 222 1624 venient,
253 1561 285 1609 ut
310 1566 391 1625 agros
422 1557 506 1623 atquc
534 1541 632 1603 domos
661 1541 798 1624 privatim
835 1539 1020 1623 possideant3
1052 1542 1117 1605 illis
1144 1565 1232 1619 vero,
1258 1545 1294 1624 qu'

84 1662 168 1709 antea
196 1647 233 1706 ab
259 1647 296 1705 iis
324 1642 516 1725 privabantur
542 1656 678 1721 tanquam
708 1637 813 1714 liberi,
842 1639 928 1713 amici
951 1654 980 1702 et
1000 1642 1182 1717 nutritores,
1202 1643 1234 1703 in
1249 1664 1294 1703 ser·

84 1749 207 1809 vitutem
234 1741 357 1804 redactis
381 1755 410 1803 et
437 1740 500 1800 loco
528 1738 691 1799 accolarum
718 1751 747 1809 et
775 1737 972 1801 ministrorum
1000 1738 1134 1815 habitis,
1165 1742 1222 1824 ipsi
1239 1741 1293 1805 belli
1333 1796 1335 1801 .

83 1860 169 1924 atque
196 1840 342 1903 custodiae
366 1838 485 1900 illorum
513 1857 612 1897 curam
636 1849 746 1918 gerant.
788 1836 867 1899 Hinc
895 1834 1012 1897 ridetur
1039 1840 1169 1913 mutatio
1193 1840 1295 1903 oririet

85 1944 141 2003 erit
166 1941 215 2000 bio
244 1937 421 2018 reipublicae
445 1949 535 1997 status
553 1936 630 1997 inter
650 1925 856 1997 aristocratiam
871 1947 899 1995 et
914 1934 1106 2015 oligarcbiam
1124 1936 1238 2001 medius
1252 1938 1295 1999 ali·

83 2041 157 2121 quis.
198 2036 387 2113 Quamobrem
415 2032 576 2095 imitabitur
595 2033 701 2115 partim
727 2033 851 2117 priorem
879 2033 1045 2110 civitatem,
1072 2037 1188 2119 partim
1214 2032 1292 2116 oliqar'·

83 2141 194 2213 chiam,
216 2134 335 2195 habebit
354 2147 448 2194 autem
467 2132 575 2212 pariter
591 2131 741 2212 proprium
761 2128 843 2211 quid.
884 2131 923 2193 Et
939 2132 1064 2212 priorem
1082 2134 1290 2213 quideminco
1334 2132 1336 2145 '

6 2226 11 2241 ’
84 2235 263 2308 imitabitur,
293 2231 372 2312 quod
389 2230 548 2311 principes
572 2229 808 2304 honorabuntur,
829 2242 857 2290 ct
873 2227 979 2291 milites
998 2229 1036 2291 ab
1056 2232 1291 2311 agriculturam

84 2314 269 2409 chinicisque
298 2329 408 2401 artibus
435 2327 640 2403 abstinebunt,
667 2341 695 2388 et
725 2327 889 2389 communia
908 2325 981 2387 fient
999 2329 1162 2407 convivia,
1184 2352 1298 2413 gymnas·

85 2433 192 2509 ticique
220 2426 284 2488 ludi
315 2440 343 2486 et
363 2425 435 2486 belli
462 2426 619 2485 certamina
645 2425 917 2507 frequentabuntur.
959 2426 1114 2507 Proprium
1142 2444 1238 2491 autem
1255 2428 1297 2489 boc

86 2528 222 2600 habebit,
261 2525 340 2605 quod
368 2525 509 2605 sapientes
538 2545 597 2583 non
625 2522 661 2582 ad
692 2524 889 2606 principatum
914 2523 1067 2601 admittet,
1089 2527 1152 2609 'sed
1181 2527 1298 2589 homine

88 2625 256 2707 θομοιιδιῖς
275 2643 394 2704 eosque,
422 2624 473 2703 qui
491 2620 564 2681 belli
583 2623 672 2702 magis
691 2617 777 2701 quam
796 2622 876 2703 pacis
901 2637 1027 2685 amantes
1047 2624 1120 2686 sint.
1162 2628 1296 2689 Caeterum

85 2744 170 2790 erunt
196 2729 227 2787 in
256 2725 309 2784 bac
337 2722 454 2781 civitate
484 2721 562 2780 cives
588 2720 777 2801 pecuniarum
808 2735 989 2801 appetentes,
1010 2734 1043 2781 ut
1069 2722 1104 2782 in
1127 2723 1295 2804 oligarcbiir,

84 2831 190 2910 quippe
217 2820 274 2903 οὐχ
303 2813 363 2882 ind
386 2820 523 2895 πειθοῦς,
554 2812 616 2878 ἀλλ’
642 2811 702 2878 riuti
729 2815 797 2896 βίοις
832 2813 1068 2898 πεπαιδευμένοι,
1107 2816 1160 2882 dui
1192 2816 1228 2884 td
1255 2820 1294 2902 ric

83 2924 229 3009 ἀληθινῆς
257 2917 388 3003 Μούσης
417 2920 474 3003 τη”ς
497 2914 573 3001 μετα
602 2913 697 3000 λόγων
719 2941 750 2981 τε
775 2917 824 2980 καὶ
850 2918 1026 3002 φιλοσοφίας
1047 2918 1242 3007 ἠμεληκέναι,
1257 2919 1291 2985 roi

81 3024 287 3110 πρεσβυτέρως
316 3018 513 3106 γυμναστικήν
546 3023 687 3104 μουσικῆς
709 3017 904 3104 τετιμηκέναι·
933 3049 991 3085 noir
1006 3028 1216 3106 'permortuam
1223 3073 1232 3105 ,
1255 3026 1293 3087 aad

83 3139 112 3190 ci
143 3131 280 3205 educati,
308 3130 484 3206 propteroa,
510 3129 586 3206 quod
612 3128 732 3186 Murum
751 3148 873 3202 aaroni,
894 3125 1058 3205 quercum
1077 3115 1292 3188 tormentiaci

78 3229 263 3308 philosophia
282 3234 444 3303 conjuncto
465 3236 527 3301 ort,
558 3226 776 3307 neglexerunt,
804 3232 959 3306 magisque
984 3245 1019 3307 αι
1044 3234 1154 3303 potius
1170 3246 1295 3308 gyrum

82 3337 193 3402 ticam,
222 3347 312 3404 quom
340 3332 505 3397 muricum,
530 3325 763 3383 bonoruoarunt.
805 3323 868 3384 Erit
889 3325 977 3404 igitur
996 3323 1167 3403 respublica
1196 3325 1295 3384 baete

8 3491 11 3496 ,
80 3427 156 3486 bono
178 3425 309 3504 maloque
328 3425 448 3490 mixtam
470 3420 499 3501 l)
980 3485 983 3491 ,
1150 3414 1153 3421 “

122 3525 229 3583 Mirum
249 3524 338 3583 alicui
360 3523 477 3583 fortasse
498 3518 628 3579 videatur
645 3520 699 3581 boc
728 3522 881 3582 civitatum
907 3541 1006 3600 genus.
1048 3521 1125 3581 Nam
1146 3543 1198 3604 per
1222 3535 1294 3582 totam

81 3623 280 3700 antiquitatem
312 3622 355 3681 nil
385 3634 426 3680 est
454 3618 630 3699 oligarcbil,
660 3618 833 3680 democratia
862 3633 890 3679 et
916 3618 1074 3700 tyrannide
1105 3622 1294 3702 frequentium

81 3729 284 3780 timocroti'nm
305 3742 372 3780 vero
389 3720 471 3798 quis,
494 3740 552 3777 uno
571 3732 690 3798 excepto
709 3719 841 3794 Platone,
861 3717 1052 3789 memorarit?
1095 3719 1226 3780 Videtur
1241 3736 1295 3781 sane

80 3821 161 3880 Plato
181 3819 306 3878 nominis
326 3832 424 3877 auctor
442 3817 547 3875 fnisse:
570 3837 636 3874 narn
654 3815 769 3876 dubitat
787 3817 954 3896 quaeritque
972 3815 1059 3897 apud'
1075 3838 1144 3876 eum
1164 3818 1296 3886 Socrates,

81 3915 320 3998 quemadmodum
347 3913 544 3996 nuncupanda
568 3915 672 3973 civitas
690 3915 743 3974 illa
763 3915 906 3974 videatur.
947 3913 1096 3994 Spectavit
1117 3938 1223 3999 nempe
1240 3917 1295 3977 Cre

81 4032 188 4077 tcnsem
217 4030 245 4075 et
275 4013 545 4087 Lacedaemoniam,
575 4034 695 4091 quarum
724 4028 871 4095 utramque
902 4035 918 4072 a
946 4034 995 4075 sua
1024 4014 1148 4074 civitate
1169 4009 1296 4096 peculiari

82 4119 196 4177 nomine
224 4114 401 4192 distinguere
432 4111 574 4173 studebat.
627 4113 687 4171 Hae
718 4112 807 4192 ipsius
833 4125 923 4173 aetate
953 4112 1077 4195 optimae
1106 4113 1296 4180 habebantur,

114 4410 139 4472 1)
158 4411 194 4461 De
208 4413 269 4478 Rep.
286 4409 347 4462 Vlll.
362 4409 419 4460 547.
439 4408 468 4460 B.
510 4436 522 4446 >·
539 4406 596 4458 548.
615 4405 643 4457 C.
