2796 5048
670 239 729 299 465

89 388 145 457 ἰόν
159 391 240 456 ’ἐστι’
262 397 316 457 red·
329 398 405 474 quid
422 405 554 474 utraque
573 399 705 478 efficiam
721 410 756 459 in
777 411 1064 483 utroquo,ipaoper
1073 407 1330 481 sete,eieelateot

90 498 160 557 leot
178 498 387 574 hominesque,
409 503 471 554 rire
490 519 548 554 non
571 499 685 574 lateat,
706 501 807 559 altero
825 503 1058 578 bonum,alterc
1078 484 1193 564 mitium
1213 513 1282 566 eit.»
1298 505 1328 587 l)

58 640 66 665 ;
131 586 293 674 Utriusque
321 593 515 653 adolescentis
544 594 581 654 de
605 600 720 676 justitia
747 620 925 675 sermonem,
952 602 1053 681 paucis
1071 603 1217 683 exceptis,
1238 617 1330 664 totum

76 684 224 776 ¹apposui.
265 693 339 751 Nam
361 692 402 749 ita
420 690 580 768 dixerunt,
601 696 800 774 mehercule,
822 713 854 758 ut
873 699 1024 775 dubitem,
1045 723 1116 760 num
1136 724 1264 781 unquam
1280 725 1329 762 ex·

87 792 200 853 stiterit
226 804 340 863 orator,
372 789 423 867 qui
450 788 505 848 boc
536 788 573 848 de
602 809 769 873 argumento
798 795 953 871 disertius,
984 799 1164 874 accuratius,
1185 801 1329 880 copiosius

85 889 212 951 dixerit.
254 889 320 962 Quo
346 885 488 946 accidisse
514 889 651 965 videtur,
683 905 716 951 ut
744 893 825 953 locus
853 895 902 954 bic
933 894 970 954 de
995 896 1110 973 justitia
1136 909 1165 956 et
1183 897 1329 976 injustitia

83 1008 243 1049 commune
261 985 401 1064 deinceps
419 982 500 1043 fieret
523 989 685 1048 oratoribus
705 1011 737 1049 ae
756 991 940 1073 pbilosophis
962 1006 1180 1074 argumentum,
1210 997 1244 1056 in
1272 1017 1330 1080 quo

82 1085 244 1149 tractando
264 1083 480 1143 aemularentur
498 1103 593 1144 seeum
613 1087 749 1149 invicem.
792 1089 878 1164 Quod
899 1111 965 1149 cum
995 1090 1136 1166 aliorum,
1167 1105 1230 1153 tum
1256 1095 1330 1155 Gar-

82 1184 194 1247 neadis
223 1204 256 1243 ac
286 1180 435 1243 Ciceronis
461 1183 594 1262 exemplo
622 1185 772 1265 probatur.
814 1187 872 1247 Sed
903 1189 1022 1254 suntin
1044 1202 1164 1268 utraque
1182 1191 1329 1268 oratione,
1363 1169 1380 1250 .'

80 1304 162 1364 quae
184 1281 269 1342 nobis
285 1278 457 1358 diligentius
484 1281 663 1341 attendenda
684 1285 918 1365 explicandaque
937 1285 1104 1348 rideantur.
1145 1289 1223 1350 Nam.
1236 1289 1329 1348 intel-

82 1380 210 1462 ligimus
231 1378 319 1454 inde,
342 1388 519 1456 quantopere
538 1377 592 1437 bae
611 1379 648 1440 de
665 1383 781 1460 justitia
806 1384 960 1464 opiniones
987 1384 1066 1465 apud
1094 1386 1219 1446 Graecos
1245 1387 1329 1448 inva-

79 1479 200 1543 luerint
219 1477 341 1559 passim:
363 1467 484 1554 ἀπορῶ,
504 1476 546 1536 ait
563 1477 695 1556 Glauco,
725 1475 1017 1563 ὃιατεθρυλλημένος
1044 1476 1083 1543 τοὶ
1104 1475 1182 1560 ulra,
1212 1479 1328 1546 o'noalcor

82 1568 300 1659 Θρασυμάχου
321 1571 369 1634 καὶ
397 1570 515 1656 μυρίων
537 1567 643 1636 ἄλλων.
662 1577 695 1658 2)
716 1583 790 1642 Tum
808 1583 862 1642 boo
883 1582 953 1643 inde
973 1583 1107 1646 ducimus
1123 1585 1209 1645 simul
1219 1608 1326 1666 ,quam

78 1700 191 1763 parum
210 1677 305 1737 adbuc
320 1677 452 1754 justitiae
482 1697 580 1759 caussa
607 1676 732 1738 Socratis
758 1694 849 1741 aetate
879 1681 1031 1743 vindicata
1060 1684 1159 1745 suerit.
1201 1684 1329 1763 Subjicit

78 1776 133 1837 lais
153 1774 284 1837 Glauco:
304 1767 357 1834 τόν
376 1769 412 1834 δὲ
438 1766 513 1855 ὑπὲρ
540 1772 598 1856 τῆς
626 1773 811 1860 δικαιοσύνης
841 1772 942 1859 λόγον,
967 1773 1019 1854 ,ὠς
1047 1774 1165 1861 ἄμεινον
1195 1777 1326 1858 ἀδικίας,

78 1868 210 1948 ouldero'g
232 1896 280 1935 πω
302 1868 414 1956 ἀκήκοα
435 1863 652 1956 ὥςβούλομαι.
673 1880 847 1941 Adimantus
866 1895 961 1941 autem
981 1884 1021 1942 sic
1042 1884 1160 1959 statuit,
1177 1886 1327 1961 omnium,

79 1977 138 2058 qui
157 1976 254 2036 adbuc
274 1978 472 2059 scripserunt,
494 1980 639 2039 neminem
660 2000 788 2059 unquam
816 1980 901 2039 aliter
927 2001 993 2039 cum
1023 1979 1155 2040 laudasse
1180 1984 1325 2060 justitiam

78 2090 147 2137 tum
169 2075 341 2153 injustitiam
359 2078 556 2159 vituperasse,
572 2099 658 2157 quam
680 2077 821 2158 gloriam,
842 2079 964 2138 honores
983 2091 1068 2157 atque
1088 2098 1229 2156 munera,
1250 2101 1323 2159 quae

79 2173 125 2235 ab
145 2173 209 2232 illis
227 2173 470 2254 proficiscuntur,
492 2178 712 2257 respicientem:
739 2176 834 2256 ipsum
854 2197 923 2237 vero
943 2189 1098 2257 utrumqne
1116 2191 1216 2258 suapte
1235 2192 1325 2238 natu·-

81 2293 121 2333 ra
140 2271 214 2350 quid
233 2284 297 2351 agat
318 2273 350 2331 in
369 2272 506 2333 habentis
526 2275 623 2334 animo
643 2274 736 2333 latens
756 2273 825 2334 deos
843 2288 871 2334 et
891 2274 1023 2335 homines
1034 2320 1042 2349 ,
1064 2275 1181 2343 nullum
1193 2296 1323 2355 unquam

78 2369 134 2430 vel
164 2371 303 2451 poimatis
331 2371 380 2431 vel
408 2371 466 2431 alio
488 2393 618 2431 sermone
636 2373 704 2432 satis
725 2374 921 2449 enamavisse,
943 2388 976 2434 ut
995 2387 1125 2455 pateret,
1147 2375 1323 2452 injustitiam

77 2469 244 2530 maximum
265 2489 325 2528 esse
343 2471 484 2529 malorum
503 2470 849 2549 omnium,qnotcunque
870 2472 901 2529 in
921 2492 950 2531 se
971 2471 1091 2531 haberet
1106 2473 1238 2547 animus,
1255 2474 1323 2551 jus·

75 2568 179 2629 titiam
199 2587 268 2627 vero
289 2569 447 2626 maximum
471 2567 590 2629 bonum.
613 2565 645 2646 3)
681 2566 739 2626 Sed
758 2567 837 2626 illud
854 2569 886 2627 in
906 2569 1007 2648 primis
1026 2568 1111 2628 nobis
1129 2570 1162 2628 in
1181 2569 1321 2630 Adiman-

74 2667 103 2726 ti
134 2686 266 2725 sermone
292 2666 586 2727 animadvertendum
615 2680 675 2741 est,
705 2665 784 2745 quod
813 2663 850 2723 de
871 2664 1042 2725 vindicibus
1069 2665 1147 2725 dixit
1168 2667 1320 2745 justitiae,

74 2763 134 2823 bos
154 2764 232 2844 ipsos
252 2763 278 2822 ei
298 2786 383 2843 quam
403 2765 529 2823 maxime
549 2765 608 2823 fere
629 2785 732 2822 nocere
743 2808 752 2838 ,
773 2783 862 2841 quum
881 2759 1031 2822 felicitatis
1054 2765 1205 2841 cujusdam
1223 2786 1273 2846 spe
1291 2779 1320 2824 et

74 2861 222 2943 opinione
242 2862 437 2922 traducendos
456 2860 493 2920 ad
513 2882 575 2920 eam
596 2861 728 2921 homines
753 2881 812 2919 esse
832 2860 945 2921 dicunt.
987 2860 1109 2921 Illorum
1138 2883 1199 2922 non
1229 2883 1319 2921 unum

74 2972 230 3033 recenset,
251 2973 283 3018 ut
306 2959 452 3036 vidimus,
473 2981 573 3041 genus.
605 2959 722 3034 «Sunt,
744 2959 804 3035 ait,
825 2960 876 3038 qui
897 2959 1007 3034 famae,
1029 2960 1189 3036 honorum,
1211 2960 1319 3022 diviti-

75 3076 166 3115 arum
184 3057 284 3116 caused
301 3059 446 3136 justitiam
465 3059 632 3117 celebrent:
654 3057 725 3116 baec
745 3057 823 3115 enim
844 3077 903 3116 esse
922 3057 1051 3138 integrae
1066 3059 1219 3138 justaeque
1240 3060 1318 3120 vitae

75 3155 220 3236 praemia.
262 3156 322 3216 Alii
341 3169 399 3216 tam
419 3154 543 3217 difficile
562 3157 709 3234 negotium
736 3176 795 3215 esse
822 3155 927 3215 dicunt
950 3157 1113 3235 justitiam,
1145 3170 1203 3217 tam
1230 3158 1319 3217 facile

74 3253 227 3331 tantisque
245 3253 392 3314 illecebris
418 3254 649 3314 commendatum
668 3255 861 3332 injustitiam,
884 3268 916 3314 ut
934 3253 973 3314 ad
999 3254 1075 3315 hanc
1103 3254 1236 3315 alliciant
1260 3254 1318 3338 ⁴bo-

74 3351 192 3426 mines,
214 3351 251 3410 ab
271 3353 323 3411 illa
343 3353 531 3413 absterreant.
573 3352 694 3412 Accedit
713 3352 778 3413 leve
797 3354 977 3432 maximeque
1002 3355 1124 3412 noxium
1152 3352 1317 3413 mortalium

75 3468 174 3528 genus
192 3434 290 3509 eorum
300 3496 309 3524 ,
330 3451 380 3530 qui
400 3451 589 3532 peccantibus
605 3450 802 3532 persuadent,
823 3465 1004 3532 peccatorum
1021 3471 1080 3508 esse
1099 3450 1245 3524 remedia,
1276 3450 1318 3508 si-

75 3544 200 3626 quidem
218 3561 246 3606 et
265 3549 334 3628 ipsis
355 3550 509 3630 pecunias,
529 3564 558 3609 ct
578 3547 656 3623 diis,
677 3569 798 3626 quorum
821 3549 948 3607 ministri
967 3559 1054 3623 sunt,
1083 3538 1203 3607 munera
1223 3561 1251 3606 et
1271 3569 1319 3607 sa-

73 3644 190 3704 crificia
211 3645 309 3726 largiri
330 3646 435 3707 velint.
477 3649 585 3723 Omnes¹
600 3646 653 3721 hi,
673 3645 771 3720 dixit,
792 3646 924 3724 quamvis
944 3667 961 3704 a
982 3665 1012 3704 se
1035 3645 1163 3705 invicem
1182 3644 1310 3721 diversi,

74 3744 112 3802 in
136 3763 171 3801 eo
199 3746 399 3819 conveniunt,
432 3760 463 3804 ut
493 3767 547 3804 nec
571 3745 716 3824 justitiam
745 3757 865 3824 propter
883 3762 912 3802 se
932 3744 1024 3824 ipsam
1042 3764 1100 3802 esse
1120 3744 1327 3825 expetendam*

74 3840 200 3917 dicant,
222 3856 249 3901 et
269 3842 438 3902 felicitatem
458 3843 543 3923 longe
562 3865 578 3902 a
594 3843 708 3921 justitia
729 3863 788 3901 esse
808 3855 985 3923 separatam,
1006 3842 1064 3901 imo
1085 3862 1154 3902 vero
1173 3843 1313 3923 volupta-

74 3938 161 3999 tibus
190 3960 325 4001 sensuum
355 3957 441 4021 atque
472 3940 589 4001 aeterni
617 3941 756 4008 ebrietate
784 3941 928 4000 contineri
956 3940 1079 4001 ferant.»
1112 3940 1190 4000 Haec
1211 3953 1315 4014 autem,

112 4249 623 4320 nmmumnmmu

110 4334 349 4401 ummo

110 4418 354 4484 omme
