2796 5048
678 231 717 289 40

86 403 170 461 ticam
189 411 253 451 cum
273 391 459 472 Pythagorica
476 390 668 464 sublimitate,
689 397 836 472 poetarum
861 388 1030 468 elegantiam
1052 407 1118 446 cum
1136 384 1308 447 dialectico-

86 520 149 557 rum
168 492 344 565 subtilitate,
364 489 439 548 hairc
458 502 551 547 autem
570 489 715 569 propriam
734 486 862 560 babens,
885 508 944 547 uon
962 485 1076 559 dotem,
1097 485 1148 546 sed
1173 485 1308 546 virtutem

87 595 257 666 maximam,
279 604 310 648 ut
328 586 447 646 advari
465 584 591 645 studium
610 586 749 644 referatur
766 598 834 643 tota.

491 779 539 838 De
554 781 741 856 philosophia
761 779 910 838 Platonis.

125 982 162 1041 Et
179 981 249 1040 haec
269 977 385 1057 quidem
403 977 541 1034 hacteuus
559 973 596 1033 de
612 973 810 1056 philosophiae
832 973 909 1055 apud
933 973 1079 1033 Platonem
1097 986 1221 1048 natura,
1241 994 1306 1055 pro·

86 1081 178 1160 posito
188 1124 197 1154 ,
217 1077 364 1151 ubertate,
385 1072 503 1133 ambitu.
542 1073 622 1146 Quae
640 1092 707 1130 saue
727 1072 845 1131 nonita
865 1071 1092 1152 disputavimus,
1112 1071 1195 1150 quasi
1213 1070 1305 1131 omnia

87 1177 269 1258 probaremus
287 1172 431 1247 Platonis,
452 1170 535 1229 nulla
561 1170 750 1228 recentiorum
773 1170 888 1264 placita.
930 1169 1102 1249 Interpretes
1130 1189 1229 1227 sumus
1246 1168 1305 1250 phi·

85 1273 213 1354 losophi,
235 1293 295 1331 non
315 1267 491 1328 laudatores:
513 1280 542 1326 et
563 1266 707 1326 multaab
726 1267 852 1346 antiquis
872 1267 1005 1327 inchoata
1032 1266 1175 1325 recentior
1194 1265 1304 1325 demum
1334 1276 1337 1281 ’

85 1372 205 1452 perfecit
222 1383 306 1429 aetas.
346 1364 427 1425 Illud
447 1365 531 1423 unice
550 1364 675 1444 egimus,
697 1378 728 1424 ut
746 1384 782 1423 ex
802 1366 905 1424 veteris
923 1365 988 1425 aevi
1007 1365 1117 1422 ratione
1144 1363 1305 1423 Platonicae

85 1468 283 1549 philosophiae
300 1458 391 1525 veluti
411 1463 563 1542 imaginem
581 1461 815 1521 adumbraremus
824 1507 833 1538 ,
860 1483 976 1542 eamque
997 1463 1159 1523 universam
1179 1475 1322 1521 contem-¹

85 1567 177 1646 plati,
197 1563 323 1644 singulas
341 1563 402 1638 ejus
415 1574 508 1642 partes
521 1559 688 1639 singulatim
698 1560 834 1642 deinceps
843 1561 1064 1641 exploraremus.
1092 1547 1178 1635 Quod
1189 1572 1221 1618 ut
1229 1578 1303 1619 nunc

85 1662 168 1722 nobis
185 1660 395 1721 instituendum
415 1672 475 1737 est,
496 1658 536 1717 ita
550 1658 710 1736 quaerimus
725 1658 876 1732 continuo,
897 1657 974 1716 uude
989 1656 1161 1716 ordiendum
1175 1656 1304 1718 videatur

85 1762 117 1819 in
142 1759 196 1818 hac
220 1743 445 1838 disceptatione,
469 1755 542 1835 quid
565 1756 689 1836 primum
713 1756 751 1815 sit
758 1754 864 1834 ,quid
882 1755 1030 1836 proxime,
1049 1753 1120 1833 quid
1140 1775 1226 1834 porro
1241 1774 1303 1835 per·

84 1855 275 1916 lustrandum.
316 1857 374 1914 Nec
394 1874 461 1913 sane
479 1853 512 1914 id
531 1854 625 1913 statim
643 1855 674 1912 in
693 1854 789 1914 oculos
808 1854 941 1913 incurrit.
982 1852 1053 1912 Nam
1068 1865 1161 1933 partes
1179 1873 1241 1912 non
1258 1872 1311 1932 ap.

84 1968 185 2035 parent
204 1954 381 2034 singulares,
399 1951 449 2012 sed
464 1953 581 2030 junctae
594 1966 663 2011 sunt
680 1966 708 2011 et
724 1973 870 2011 connexae
885 1971 980 2010 secum
995 1951 1121 2012 invicem
1135 1951 1304 2024 arctissime,

83 2065 111 2111 et
128 2050 196 2110 huic
215 2051 381 2132 praesertim
396 2049 593 2128 conjunctioni
614 2050 673 2109 vim
692 2062 770 2108 suam
789 2063 816 2108 et
837 2047 991 2119 efficaciam
1010 2047 1127 2120 debent.
1156 2047 1193 2106 Et
1211 2061 1305 2107 tamen

83 2148 241 2230 prudenter
265 2148 359 2208 nobis.
374 2147 410 2205 ab
433 2148 519 2205 initio
541 2146 610 2206 inde
630 2146 808 2205 instituenda
826 2161 867 2233 est
886 2146 1067 2226 disquisitio,
1088 2167 1125 2204 ne
1144 2165 1306 2226 perversam

84 2248 216 2306 ineuntes
244 2246 401 2317 rationem,
423 2243 585 2302 oberremus
608 2244 747 2323 turpiter:
774 2263 860 2323 eoque
880 2245 990 2303 cautius
1009 2242 1218 2323 inquirendum
1235 2243 1305 2316 erit,

84 2365 140 2423 quo
155 2343 271 2401 facilius
291 2364 342 2401 nos
361 2343 394 2400 iu
413 2360 535 2398 errorem
554 2339 674 2429 inducat
691 2341 876 2420 posteriorum
896 2342 969 2400 ratio
986 2339 1236 2422 philosophorum,
1257 2341 1306 2420 qui

84 2441 273 2499 discesserunt
293 2461 309 2499 a
329 2438 446 2498 Platone
464 2451 492 2496 et
510 2452 606 2496 tamen
625 2437 681 2496 sibi
699 2437 821 2517 aliisque
841 2437 917 2498 idem
936 2439 1061 2496 tenuisse
1078 2439 1132 2498 iter
1152 2438 1209 2498 visi
1229 2451 1306 2499 sunt

83 2540 160 2616 Age,
181 2538 257 2596 viam
276 2556 459 2615 quaeramuS,
479 2556 536 2613 qua
555 2534 740 2614 procedamus
759 2536 894 2617 deinceps
912 2535 1032 2594 firmiter
1050 2549 1078 2594 et
1090 2535 1233 2614 jucunde.

122 2636 187 2694 Post
207 2635 353 2694 Platonem
371 2633 553 2714 philosophia
574 2632 606 2690 in
625 2632 719 2693 varias
742 2632 888 2693 doctrinas
911 2633 1048 2694 distribui
1075 2633 1187 2713 cospit,
1209 2633 1307 2714 prouti

82 2733 170 2792 verbo
184 2734 245 2810 jam
263 2733 443 2791 monuimus:
464 2729 542 2809 quod
560 2730 673 2790 institui
700 2730 786 2789 facile
808 2733 918 2813 potuit,
940 2718 1076 2810 quoniam
1103 2731 1168 2789 lons
1187 2746 1266 2807 erat,
1291 2750 1307 2788 e

72 2850 136 2910 «quo
161 2828 309 2889 doctrinae
338 2849 435 2888 omues
454 2842 612 2887 manarent.
654 2827 811 2909 Separatim
836 2831 942 2909 igitur,
963 2827 1134 2909 procedente
1159 2842 1308 2910 tempore,

79 2940 213 2986 tractatae
232 2941 299 2987 sunt
318 2926 455 3007 physica,
476 2925 645 2998 dialectica,
664 2926 776 3000 ethica,
796 2940 895 3006 postea
910 2929 977 2985 item
995 2925 1206 3006 metaphysica,
1223 2928 1309 2986 inau·
1349 2960 1351 2967 ⁴

80 3023 172 3083 ditum
192 3025 314 3084 Socratis
336 3037 426 3084 aetate
446 3045 569 3100 nomen,
590 3026 672 3101 cujus
700 3036 794 3103 partes
819 3025 975 3083 recentiore
995 3043 1065 3082 aevo
1092 3021 1208 3083 habitae
1238 3038 1311 3085 sunt

81 3123 242 3202 ontologia,
262 3121 448 3200 cosmologia,
469 3121 669 3202 psycbologia,
690 3121 842 3200 theologia.
884 3120 985 3182 Rivali
1008 3120 1040 3180 hi
1059 3123 1176 3178 fuerunt
1200 3123 1309 3202 epbi-

80 3219 209 3299 losophia
232 3217 331 3293 ducti,
352 3218 420 3293 sed,
443 3234 473 3278 ut
493 3218 544 3294 lit,
567 3221 654 3279 fontis
683 3219 813 3278 destituti
840 3233 867 3278 et
896 3219 1023 3279 ubertate
1049 3233 1076 3276 et
1100 3217 1224 3298 limpida
1241 3240 1309 3300 per·

79 3317 240 3396 spicuitate.
282 3316 359 3389 Quos
386 3315 567 3396 explorantes
594 3316 777 3398 philosophi,
797 3318 829 3374 in
849 3317 939 3395 iisque
959 3315 1026 3376 solis
1045 3314 1152 3390 defixi,
1173 3318 1311 3396 ignorare

5 3456 7 3465 .
79 3412 203 3473 subinde
224 3414 279 3472 visi
300 3428 385 3487 sunt,
405 3436 476 3492 quae
495 3429 566 3474 essct
586 3414 720 3489 tandem,
743 3414 820 3475 unde
840 3429 920 3474 erant
940 3415 1081 3489 derivati,
1103 3416 1310 3492 philosophia.

78 3511 140 3584 Quo
160 3510 246 3589 magis
266 3512 350 3571 nobis
376 3511 537 3572 cavendum
565 3526 623 3587 cst,
653 3534 689 3571 ne
709 3513 822 3572 Platoni
852 3512 1055 3586 obtrudamus,
1076 3534 1148 3592 quae
1177 3512 1213 3571 ab
1243 3517 1312 3594 ejus

78 3621 167 3666 aetate
187 3621 214 3666 et
237 3610 352 3688 ingenio
376 3611 434 3668 sint
453 3610 557 3669 aliena.
600 3611 800 3670 Confundatur
820 3611 858 3669 ita
877 3611 1065 3692 philosophus
1083 3632 1148 3669 cum
1165 3613 1307 3692 posterio-

78 3707 117 3763 ris
145 3707 207 3764 aevi
235 3706 436 3787 philosophis,
466 3709 523 3766 imo
551 3693 705 3768 adhaerere
725 3710 764 3766 ¹ei
794 3708 947 3769 videantur
976 3708 1071 3769 sordes
1104 3707 1307 3770 scholasticae.

79 3792 250 3883 Exploravit
270 3803 321 3861 ille
340 3803 474 3883 quidem,
495 3828 566 3884 quae
586 3808 707 3887 singulis
726 3807 788 3865 istis
811 3805 951 3865 doctrinis
969 3806 1172 3879 continentur,
1193 3804 1307 3869 sedita

78 3900 238 3981 exploravit
257 3900 326 3960 haec
347 3904 461 3977 omnia,
484 3918 518 3962 ut·
534 3926 584 3962 suo
603 3925 711 3985 semper
734 3905 795 3963 lo'co
806 3950 814 3978 ,
836 3903 868 3963 id
889 3918 929 3963 est
939 3949 947 3978 ,
969 3904 1000 3962 in
1021 3904 1081 3984 ipsa
1098 3903 1305 3984 philosophiae

78 4000 168 4058 veluti
186 4020 249 4057 arce
269 4014 404 4059 maneret.
444 4003 552 4060 Memor
576 4003 653 4060 enim
671 4023 780 4083 semper
799 4003 895 4062 divini
914 4002 1016 4062 moniti
1037 4000 1133 4080 γνῶθι
1162 3996 1306 4077 σεαυτόν,

78 4099 204 4167 animum
223 4098 368 4177 spectabat
387 4101 508 4177 maxime
519 4144 527 4173 ,
549 4100 580 4157 in
599 4120 686 4178 eoque
710 4113 738 4158 et
762 4101 940 4181 explorando
967 4116 995 4159 et
1013 4103 1050 4163 ad
1070 4104 1131 4165 veri
1157 4105 1307 4183 cognitio-

79 4215 144 4252 nem
163 4197 291 4255 acuendo
311 4198 477 4256 versabatur
499 4211 581 4255 totus.
608 4195 637 4275 l)
1298 4188 1304 4195 ²

95 4332 252 4342 -·-··———.·
260 4337 267 4342 .
272 4337 337 4344 -.,..

115 4399 135 4466 Ι)
154 4403 259 4454 Phaedra
274 4404 331 4456 229.
350 4407 379 4456 E.
398 4406 483 4473 ibique
501 4404 582 4473 lntpp.
601 4404 708 4459 Proclus
734 4410 760 4460 ia
776 4409 855 4462 Arest.
873 4427 898 4477 p.
918 4411 941 4462 5.
959 4411 984 4462 6.
