2796 5048
665 218 724 307 ssa

76 411 157 470 Plato
176 423 271 468 autem
289 409 321 468 in
340 409 420 484 illis,
448 411 688 490 quemadmodum
706 414 745 474 ad
763 414 817 474 tria
838 411 891 483 illa
909 429 912 436 ·
917 408 1149 492 perveniendum
1175 409 1301 490 pbiloso·

75 509 134 590 pho
154 521 246 582 essct,
266 507 413 567 declarare
430 508 558 570 studuit*
594 511 659 572 Non
686 511 891 573 abstinendum
916 530 1033 591 prorsus
1055 531 1072 568 a
1095 507 1227 568 sensibus
1247 506 1302 569 do-

75 610 153 680 cuit,
184 604 235 666 sed
263 605 443 688 philosopha
462 609 579 688 negavit
602 610 816 691 indulgendum
836 611 873 670 iis
891 607 1168 690 gratificandumque
1187 607 1219 667 in
1237 628 1302 667 eum

74 704 193 764 modum
220 725 296 779 esse,
327 718 359 764 ut
385 726 451 767 cum
479 707 512 765 in
541 717 683 768 veritatis
711 710 807 770 studio
832 707 1067 782 conturbaretur,
1095 720 1157 766 tum
1182 705 1303 765 serviret

75 803 112 862 iis
139 824 172 861 ac
200 803 251 861 sul
277 803 481 863 destitueretur
509 808 673 882 libertate,
694 821 757 867 tum
786 828 854 868 uero
873 809 905 866 in
926 827 1023 867 omues
1042 803 1181 864 libidines
1201 803 1303 884 volup·

74 915 203 981 tatesque
229 921 358 982 pronus,
380 906 494 963 'virtute
519 905 675 967 excideret.
716 906 752 966 Id
772 928 839 967 vere
863 905 1064 987 praecipiens,
1084 909 1156 983 qua'e
1175 902 1303 984 germani

75 1013 148 1058 esset
174 999 341 1080 philosophi
370 1003 449 1077 vita,
478 1024 606 1083 quaeque
633 1005 743 1085 integra
768 1026 800 1065 ac
820 1018 899 1086 pura¹
909 1004 1064 1077 sanctitas,
1085 1000 1303 1061 demonstravit.

75 1103 264 1159 alteritatis
282 1120 343 1159 cam
369 1101 466 1161 studio
494 1103 657 1184 repetebat,
687 1118 716 1163 et
745 1104 872 1165 verusio
892 1103 1010 1177 statuit,
1032 1099 1145 1161 nullam
1163 1118 1222 1159 csse
1242 1099 1303 1159 sive

75 1207 221 1256 virtatem
249 1198 309 1258 sive
336 1209 547 1277 sanctitatem,
570 1203 626 1285 nisi
654 1223 726 1281 quae
749 1224 816 1262 cum
843 1209 909 1261 veri
928 1221 1021 1260 amore
1039 1212 1066 1258 et
1085 1196 1228 1279 sapientia
1243 1216 1303 1255 arc·

75 1296 184 1356 tissime
200 1310 273 1355 esset
291 1299 459 1375 conjuncta:
481 1300 560 1380 quod
579 1321 615 1359 ea
631 1302 667 1361 iis
685 1303 907 1382 patetmaxime
917 1346 926 1375 ‚
946 1320 1019 1378 quae
1039 1319 1124 1380 porro
1142 1292 1304 1376 apud'eum

76 1394 206 1454 Socrates
236 1394 272 1454 de
291 1405 477 1485 purgatione
505 1407 603 1459 areimi
629 1402 661 1461 in
691 1400 744 1461 hoc
770 1401 886 1482 dialogo
910 1398 1100 1480 persequitur.
1142 1387 1307 1476 Κάθαρσιν
1348 1405 1351 1411 ’

77 1507 162 1553 vocat
172 1539 181 1568 ‚
209 1515 294 1579 quam
312 1498 424 1577 saepius
452 1501 639 1574 memoravit,
657 1501 746 1560 animi
770 1522 785 1559 a
810 1520 927 1581 corpore
946 1500 1154 1580 separationem
1164 1544 1174 1575 ,
1196 1512 1228 1558 ut
1246 1499 1307 1579 ipse

76 1613 130 1675 per
149 1608 180 1650 se¹
199 1586 280 1653 vivat
298 1608 436 1676 agatque,
464 1619 479 1655 a
507 1619 641 1680 corpore,
661 1612 797 1679 tanquam
816 1592 962 1672 vinculis,
983 1597 1110 1672 solutus,
1129 1610 1160 1656 ut
1175 1598 1208 1656 in
1228 1617 1309 1657 suam

77 1712 106 1749 se
131 1681 276 1782 receperit
298 1693 471 1755 libertatem.
513 1696 598 1771 Quod
625 1712 656 1757 ut
685 1711 853 1758 consecutus
879 1697 986 1770 fuerit,
1015 1709 1043 1755 et
1062 1696 1213 1755 veritatem
1231 1715 1309 1754 asse-

77 1804 183 1870 quetur
210 1792 313 1865 facile,
343 1807 371 1852 et
390 1808 490 1874 sponte
511 1797 562 1855 sud
581 1795 740 1856 virtutibus
758 1797 921 1878 primariis,
941 1795 1083 1876 sapientia
1093 1840 1102 1870 ‚
1121 1792 1308 1868 fortitudine,

77 1891 289 1970 temperantia,
306 1893 424 1970 justitia
437 1892 569 1955 excellet.
592 1893 621 1974 l)

185 2086 270 2168 Qua
301 2091 460 2150 bomini
494 2101 666 2151 ratione
694 2094 744 2151 ad
774 2101 893 2151 citae
922 2099 1208 2151 sanctitatem

461 2193 800 2270 perveniendum
829 2190 916 2251 ert?

124 2385 271 2481 Quantum
288 2387 326 2447 ad
346 2384 422 2446 vitae
439 2388 618 2475 sanctitatem
639 2388 699 2450 veri
720 2388 816 2449 studio
834 2409 866 2448 ac
882 2389 1040 2470 sapientiae
1054 2385 1189 2447 tribuerit
1207 2376 1310 2460 Plato,

85 2503 123 2542 ex
150 2482 224 2545 bisce
253 2483 377 2545 Socratis
403 2474 435 2544 iri
464 2505 576 2544 carcere
595 2485 776 2545 sermonibus
793 2487 978 2566 intelligitur.
1020 2486 1257 2546 Animadvertere
1277 2482 1310 2544 id

82 2582 244 2657 debuerant
271 2583 456 2667 philosophi,
483 2585 552 2663 qui,
578 2585 709 2663 quamvis
731 2605 768 2644 ex
789 2586 849 2664 ipsa
869 2583 1034 2665 philosophi
1053 2583 1151 2643 schola
1164 2581 1311 2661 proiecti,

81 2694 179 2741 tamen
208 2683 262 2753 nec
283 2683 454 2764 disciplinas
477 2684 641 2764 graviores,
667 2684 742 2762 quae
766 2682 804 2742 ad
824 2683 972 2743 veritatem
991 2680 1123 2756 ducunt,
1140 2701 1194 2741 nee
1215 2681 1312 2741 virtu-

80 2792 125 2840 tes
154 2779 245 2857 adeo,
275 2803 345 2861 quas
373 2780 520 2858 diximus,
556 2795 695 2841 curarunt
723 2802 911 2863 magnopere,
941 2802 1028 2851 unam
1056 2779 1188 2855 scilicet,
1215 2780 1313 2839 nescio

80 2900 187 2959 quam,
215 2881 394 2941 sanctitatem
420 2881 591 2940 affectantes.
640 2881 682 2940 Dc
708 2881 849 2942 virtutum
867 2895 963 2941 autem
981 2871 1047 2940 cum
1066 2880 1143 2941 vitae
1161 2870 1344 2939 sanctitate*

82 2972 304 3039 necessitudine
325 2981 457 3061 copiosus
483 2979 591 3041 deinde
619 2978 742 3039 Socratis
762 2994 805 3039 est
823 3001 856 3039 ac
876 2979 1009 3039 sublimis
1027 2980 1059 3039 in
1080 2977 1179 3038 eodem
1198 2976 1314 3058 dialogo

47 3070 52 3079 ’
83 3100 186 3138 sermo.
231 3099 245 3131 a
258 3080 439 3151 Caeterorum
466 3077 635 3153 hominum,
665 3078 707 3138 ait
714 3124 722 3154 ,
743 3079 766 3137 si
791 3077 864 3139 velis
882 3078 1085 3138 fortitudinem
1101 3097 1134 3136 ac
1152 3089 1312 3160 temperan-

66 3169 156 3237 'tiam
176 3175 364 3237 'considerare
373 3223 382 3253 ‚
410 3178 558 3239 videbitur
575 3177 631 3237 tibi
650 3177 703 3237 illa
722 3176 847 3237 absurda
865 3177 963 3257 plane.
1004 3176 1127 3236 Mortem
1146 3177 1315 3251 existimant

83 3296 185 3336 omnes
213 3298 304 3336 unum
331 3298 345 3336 e
374 3277 506 3337 maximis
530 3276 612 3336 malis
640 3297 709 3336 esse.
758 3276 901 3354 Majorum
928 3289 1024 3335 autem
1050 3288 1128 3335 metu
1154 3274 1314 3350 malorum,

84 3376 252 3457 quicunque
272 3376 304 3434 in
322 3376 359 3435 iis
377 3377 464 3436 fortes
482 3389 569 3451 sunt,
590 3376 735 3442 sustinent
754 3389 872 3435 mertem
882 3420 892 3451 ,
918 3373 1036 3454 quando
1054 3374 1209 3435 sustinent.
1248 3371 1315 3432 Me-

84 3473 197 3535 tuendo
215 3475 350 3556 igiturne
369 3488 446 3534 metu
465 3475 552 3534 fortes
572 3495 670 3533 omnes
689 3488 771 3548 sunt,
793 3487 905 3554 praeter
922 3471 1122 3554 philosophos:
1144 3490 1315 3552 quamquam

85 3572 253 3649 absurdum
273 3588 332 3650 est,
359 3586 436 3632 metu
465 3565 591 3653 aliquem
617 3572 665 3634 vel
683 3572 839 3632 timiditate
859 3572 962 3631 fortem
980 3591 1049 3645 csse.
1090 3569 1148 3630 Sed
1166 3570 1217 3649 qui
1238 3569 1317 3630 inter

86 3693 135 3733 eos
158 3684 349 3755 temperantes
377 3670 534 3748 dicuntur,
563 3693 660 3731 nonne
692 3671 781 3731 simili
808 3670 932 3750 quodam
958 3668 1043 3731 modo
1069 3691 1098 3729 se
1124 3669 1253 3744 habent,
1284 3681 1317 3728 ut

85 3771 310 3852 intemperantia
337 3770 459 3850 quadam
487 3763 678 3851 temperantes
705 3769 784 3830 sint?
815 3754 987 3849 quamquam
1013 3768 1046 3830 id
1069 3768 1132 3829 fieri
1156 3790 1215 3828 non
1235 3786 1316 3848 posse

85 3867 215 3931 videtur.
239 3870 454 3950 ¹Veruntamen
481 3868 590 3929 accidit
618 3871 654 3929 iis
682 3868 778 3944 illud,
806 3869 839 3928 in
862 3869 941 3935 fatua
963 3869 1089 3950 ipsorum
1117 3866 1316 3948 temperantia.

84 3969 235 4030 Timentes
257 3968 385 4044 scilicet,
411 3990 448 4028 ne
475 3969 533 4028 suis
557 3981 673 4028 careant
702 3967 920 4049 voluptatibus,
942 3989 957 4026 a
981 3967 1084 4029 ceteris
1104 3962 1267 4038 abstiflent,
1288 3976 1317 4023 et

82 4068 168 4131 bunc
197 4069 231 4127 in
259 4067 376 4128 modum
405 4067 481 4147 liunt
511 4089 562 4150 per
593 4068 844 4149 intemperantiam
871 4079 1070 4149 temperantes.
1129 4062 1219 4143 Atqui
1246 4060 1318 4143 baec

82 4165 311 4247 haudquaquam
331 4156 482 4243 mamert,
509 4170 549 4228 mi
577 4167 714 4245 Simmia,
733 4167 772 4229 ad
792 4169 930 4230 uirtutem
950 4166 1011 4242 vin„
1033 4166 1197 4249 uoluptates
1216 4160 1335 4243 volup?

123 4467 150 4531 1)
168 4469 261 4521 raaia
279 4466 320 4520 67.
340 4466 369 4518 E.
388 4466 480 4519 -,68.
500 4467 528 4519 C.
572 4490 577 4502 ·
