2796 5048
628 240 687 299 ree
908 202 931 239 '

58 410 138 471 τερον
152 388 302 455 Φίληκηην
316 356 498 518 nooqioerrst'
477 420 567 480 aeneo
587 393 666 461 uiros
684 397 848 483 προσέχητε
871 407 931 479 τοῖς
952 400 1104 487 πράγμασι
1121 403 1173 468 τὸν
1189 410 1268 470 νοῦν·

58 485 172 555 W
129 515 192 577 γαρ
213 486 300 572 οὗτος
319 521 399 580 naon
421 495 478 582 τήν
499 496 591 564 crisci
611 499 718 587 ῥώμην
737 506 877 568 τοσοῦτον
897 501 1115 589 ἐπηύξηται,Η
1095 529 1167 570 οσον
1186 508 1268 594 nequi

58 586 95 675 ἤν
122 588 274 679 ἡμετέραν
304 594 452 680 ciuitates
502 609 710 686 quandonam,
742 609 957 686 Athenienses,
987 612 1105 689 quando
1146 612 1266 673 tandm

58 698 176 779 ique
201 714 315 779 oportet
333 707 488 780 facietis?
521 705 601 786 Quid
620 708 700 783 fieri
718 717 788 766 unte
817 708 976 767 dehetd—
1001 709 1193 788 «Postquam
1211 731 1270 788 pst·

58 794 143 858 bern
174 811 335 863 necessitas
361 814 516 864 restiterit
534 807 714 883 quaedam.»
747 804 837 864 Nunc
858 827 943 879 vero,
964 829 1039 884 quae
1063 804 1269 884 sustiterunt,

58 898 145 956 nulia
158 902 299 976 putanda
313 903 405 960 sarit?
423 904 488 985 Ego
503 912 582 963 enim
597 912 740 984 ingenuis
755 906 921 963 hominihus
935 915 1142 965 necessitatem
1160 910 1270 987 agendi

58 1003 205 1056 menam
228 1009 322 1075 puto,
349 1023 454 1061 rerum
478 1013 637 1083 gestarum
664 1004 816 1080 pudorem.
860 1002 1000 1061 Voltisne
1019 1007 1268 1081 resperserunt

58 1094 229 1155 *hiantes
258 1106 412 1157 suscitari
441 1104 477 1159 ab
507 1104 579 1159 aliis
606 1086 681 1158 alii:
714 1102 786 1159 odic
808 1101 901 1172 mihi,
922 1109 991 1158 novi
1007 1104 1080 1179 quid
1099 1102 1263 1160 aceidtln

58 1186 189 1252 desidere
214 1216 283 1255 uero
310 1199 430 1276 alequid
446 1209 546 1281 magis
560 1218 671 1258 osonum
679 1208 791 1276 potest,
812 1218 901 1275 quam
917 1199 1062 1259 icaunam
1078 1201 1264 1261 Macednum

58 1286 242 1353 {immensos
270 1297 328 1353 bell
315 1298 342 1354 lo
359 1317 502 1376 premere
526 1320 563 1356 ae
589 1320 638 1356 nes
667 1299 890 1354 administrare
909 1281 1117 1357 Graecorum?
1162 1300 1269 1359 «Mora

58 1394 151 1449 mino
184 1402 229 1451 est
259 1393 323 1452 Phi
324 1395 524 1471 lippus?»-
560 1394 652 1454 «Non
685 1403 746 1466 est,
771 1414 830 1469 per
856 1393 969 1454 Jooom.
980 1420 1054 1452 η·-
1085 1418 1100 1450 u
1111 1396 1262 1478 Aegrotas
1355 1444 1358 1449 .

59 1489 154 1546 min
170 1518 207 1529 -
241 1489 321 1570 Quid
350 1504 451 1552 autem
480 1497 574 1571 hujus
599 1501 647 1553 rei
673 1502 774 1550 ocem
799 1493 949 1551 interest?
971 1492 1052 1552 Nam
1070 1504 1096 1554 si
1113 1503 1169 1555 icti
1188 1498 1262 1574 quid

62 1588 204 1664 widerit,
225 1612 275 1650 ooo
284 1593 365 1649 iren
379 1595 476 1651 olium
487 1594 664 1670 Philippum
674 1594 804 1666 satietis
814 1634 823 1662 ,
834 1597 878 1664 si,
890 1593 1133 1667 quemadmodum
1143 1595 1262 1668 aalma,
1340 1624 1359 1673 ᾗ

63 1690 89 1741 it
108 1706 152 1746 res
173 1690 313 1766 publicas
338 1693 524 1751 incumbitis.
549 1689 579 1771 l)
625 1690 709 1747 Hunc
734 1689 823 1768 igitur
852 1686 946 1748 locum
973 1693 1040 1768 qais
1068 1690 1156 1771 legit,
1186 1691 1260 1770 quin

65 1778 157 1860 videt,
176 1785 249 1870 quid
277 1786 356 1848 illud
385 1789 423 1847 sit
449 1788 528 1869 quod
548 1788 691 1859 diximus,
712 1783 869 1845 dicendum
890 1808 949 1845 non
970 1808 1030 1846 esse
1050 1803 1082 1848 ut
1099 1789 1262 1863 scribitur,

64 1877 103 1939 ul
120 1883 301 1944 scribendum
329 1899 362 1945 ut
391 1886 470 1966 loqui
500 1886 639 1956 solemus,
668 1883 846 1962 fateaturque
874 1883 971 1960 idem,
999 1884 1052 1944 hac
1071 1900 1131 1946 arte
1150 1907 1259 1953 summa

64 1979 210 2041 excelluisse
245 1983 373 2043 omnium
406 1987 529 2043 maxime
560 1980 809 2054 Demosthenem,
827 2002 945 2061 eamque
983 1982 1098 2043 Platoni
1126 1984 1259 2044 debuisse

127 2080 216 2161 ipuc?

91 2170 161 2236 lianc
180 2179 240 2239 vim
249 2182 358 2262 soemo
375 2179 481 2260 dialogi
499 2177 641 2260 Platonici
664 2177 697 2236 in
720 2177 872 2258 scriptores
894 2182 1091 2259 nitoresque,
1112 2181 1145 2239 in
1174 2180 1260 2260 prin·-

58 2266 132 2352 fipen
149 2275 220 2338 adeo
237 2289 378 2338 oratorum
397 2278 540 2349 omnium,
566 2275 687 2352 habuit,
703 2262 761 2335 'sed
780 2275 871 2356 ipsam
890 2275 938 2336 hic
959 2286 1024 2336 veri
1042 2280 1259 2358 philosophiam

63 2362 214 2452 muamus,
234 2386 320 2456 quam
339 2376 418 2438 Plato
435 2378 525 2436 forma
545 2373 599 2433 illa
619 2375 761 2448 maxime,
782 2394 833 2433 suo
853 2374 906 2435 illo
924 2376 1037 2455 ipsique
1054 2377 1171 2457 proprio
1187 2376 1255 2439 scri·

62 2462 130 2532 hutdi
154 2496 256 2556 genere
281 2475 428 2557 expressit.
478 2471 630 2531 Infinitum
656 2485 698 2531 est
727 2471 942 2547 demonstrare,
965 2488 1105 2551 quantum
1133 2500 1170 2538 ex
1199 2480 1254 2539 hoc

62 2558 121 2629 sohte
135 2573 300 2649 hauserint,
320 2575 484 2653 quicunque
503 2583 567 2651 post
584 2590 650 2628 eum
671 2568 799 2649 dialogos
816 2571 1000 2650 scripserunt.
1031 2571 1088 2632 Sed
1108 2575 1156 2634 hic
1171 2579 1256 2654 juvat

62 2660 158 2748 ἣυυκη,
185 2686 216 2730 υκ
243 2692 302 2729 iem
328 2692 386 2729 uno
411 2668 542 2750 exemplo
570 2667 765 2742 declaremus,
795 2667 930 2726 tuotone
958 2690 1112 2729 memorare
1130 2673 1257 2754 dialogos

61 2778 229 2828 nostrorum..
258 2768 403 2828 Comitum
420 2767 471 2826 illc
489 2766 576 2825 simul
601 2771 712 2846 poitam
742 2779 770 2825 et
789 2765 994 2847 philosophum
1014 2767 1141 2827 Stoicum
1168 2773 1257 2851 egerit

62 2874 94 2938 et,
107 2866 317 2948 Aristophanem
334 2867 468 2940 imitans,
489 2866 583 2946 ipsum
612 2865 772 2940 Socratem,
795 2868 922 2926 virorum
941 2868 1200 2948 sapientissimum,
1224 2882 1255 2929 ut
1331 2894 1334 2899 ·

63 2956 186 3043 *piisimi
205 2964 289 3025 nobis
307 2964 432 3043 aliquem
440 2963 621 3045 proposuerit
630 2962 662 3044 2)
672 3010 681 3038 ,
703 2963 781 3024 illud
794 2962 953 3024 8033333333
968 2987 1026 3034 ηοη
1045 2966 1154 3041 minus,
1169 2988 1253 3048 quam

63 3054 142 3123 halese
157 3064 374 3146 philosophiae,
395 3063 560 3143 praesertim
579 3084 646 3123 vero
663 3062 819 3125 Platonicis
839 3063 962 3143 dialogis
982 3063 1103 3137 debuit,
1125 3079 1156 3124 ut
1173 3087 1253 3126 mor-

64 3174 145 3221 annm
163 3163 234 3238 hos,
255 3184 325 3241 quos
347 3163 480 3245 scripsit,
501 3161 638 3242 dialogos·
655 3176 737 3222 tanto
759 3176 869 3243 semper
897 3161 992 3225 studio
1018 3161 1139 3241 legerint
1151 3164 1252 3244 ,philo-

65 3256 126 3336 sphi.
156 3262 242 3321 ¹Hinc
265 3263 343 3322 enim
367 3263 399 3321 in
425 3260 486 3320 illis
513 3282 612 3341 graves
631 3260 699 3320 illae
720 3262 756 3321 de
785 3282 880 3319 rerum
908 3261 1096 3320 humanarum
1126 3262 1255 3322 vanitate

66 3361 206 3418 munuae:
226 3372 288 3419 tum
306 3381 373 3421 vero
393 3360 560 3441 placitum
552 3380 665 3440 ipsum,
686 3359 763 3438 quod
780 3358 977 3418 dominatur'
968 3381 1020 3417 κη-
1025 3358 1104 3433 illis,
1124 3367 1157 3417 in
1174 3365 1252 3436 inse'

67 3456 91 3509 it
103 3476 153 3517 ease
164 3462 378 3539 aequalitatem
389 3466 520 3518 omnium
530 3461 701 3532 hominum,
722 3469 814 3517 unius
826 3466 953 3517 virtutis
963 3465 1112 3515 rationem
1128 3458 1233 3521 haberi
1242 3506 1250 3534 ,

67 3549 104 3608 Μ
122 3572 160 3618 est
187 3580 272 3638 quem
302 3558 407 3632 lateat,
438 3579 454 3617 e
482 3558 587 3638 Gorgia
613 3556 690 3615 illud
719 3557 863 3630 Platonis,
889 3576 973 3634 quem
1000 3554 1083 3615 modo
1113 3556 1249 3636 legimus,

67 3660 150 3745 Μυη
166 3660 249 3718 esse?
270 3658 307 3716 In
325 3660 487 3718 memoriam
505 3676 669 3717 revocemus
697 3655 861 3733 dialogum,
882 3655 932 3732 qui
953 3646 1104 3734 Χάρωνος
1119 3656 1168 3717 uei
1188 3651 1251 3738 ‘Eo-

66 3706 331 3837 discriminat)
354 3755 489 3816 Advenei
492 3769 544 3814 unt
558 3754 662 3814 mortui
674 3768 754 3814 tanto
772 3774 909 3827 numero,
932 3768 982 3827 ut,
1003 3756 1059 3813 nisi
1081 3757 1249 3837 reliquerint

65 3846 174 3916 ¹litore
201 3855 345 3937 superflua
372 3855 486 3929 omnia,
517 3853 581 3912 de
573 3874 634 3934 ipso
653 3853 788 3932 navigio,
807 3873 844 3909 ne
854 3866 1025 3931 mergatur,
1051 3869 1158 3915 metuat
1176 3858 1245 3916 Cha·

61 3958 93 4001 m.
133 3954 221 4015 iubet
238 3953 285 4013 hic
306 3954 394 4034 igitur
410 3952 476 4012 illos
492 3953 587 4011 nudos
603 3951 717 4031 ingredi
746 3970 778 4008 ac
798 3951 942 4010 Mercurio
967 3955 1129 4034 praecipit,
1152 3966 1183 4011 ut
1211 3974 1248 4012 ne

58 4124 281 4155 κ..-

58 4234 685 4312 llDemPutltshcf.1v138ss..c

58 4320 209 4398 'll-noan.
228 4347 296 4398 oro.
313 4356 382 4397 ooo
401 4345 571 4397 xxesxxi
589 4361 616 4413 p.
635 4344 684 4396 κη
704 4342 805 4395 estro

58 4402 299 4484 ’0333333
