2796 5048
680 229 736 286 rs:
1066 249 1078 279 ι
1154 188 1157 193 ’

208 391 312 469 Quid
334 390 504 446 :aridem
527 393 864 448 existimandum
886 393 1006 448 arabis
1028 391 1071 445 dc
1095 397 1204 462 νυνί,

313 483 433 546 αὐτοῦ
455 489 521 547 τοῦ
542 482 664 601 iprae,
687 497 879 551 scientia
903 488 1104 545 uidetur?

121 687 373 747 Perlustrantihus
400 702 494 747 autem
524 687 594 747 hinc
621 690 705 749 nobis
730 689 827 746 animo
847 706 961 745 omnem
981 685 1182 767 philosophiae
1201 685 1328 743 Platoni·

78 807 153 862 cae,
175 807 259 865 quem
278 789 513 866 peragravimus,
544 807 694 867 campum,
724 784 796 863 quid
819 785 935 842 nonsit
959 786 1081 844 scientia
1093 829 1101 858 ,
1123 805 1260 864 apparere
1281 787 1329 843 vi-

76 885 187 960 detur,
207 885 280 964 quid
298 904 367 944 vero
387 887 444 960 sit,
466 887 519 944 vix
536 899 665 965 apparet.
708 887 766 945 Nec
789 877 932 962 αἶὲῐθησιν
952 902 1014 939 eam
1034 903 1110 956 esse,
1132 883 1211 960 quod
1230 885 1328 945 Prota·

76 1004 187 1065 goras,
210 1006 263 1044 nec
281 976 392 1061 δόξαν,
424 983 503 1062 quod
535 984 670 1041 universe
698 983 757 1041 sere
778 997 805 1042 ct
826 984 962 1064 sophistis
981 995 1008 1040 et
1029 980 1191 1040 oratoribus
1213 997 1241 1041 ct
1261 1005 1330 1044 vero

79 1082 270 1142 fluitantibus
300 1084 362 1143 illis
390 1080 572 1164 philosophis
599 1081 728 1161 placuit,
760 1083 916 1142 Theaeteto
941 1080 1064 1162 legendo
1087 1078 1327 1169 vidimuspsed,

77 1179 158 1239 lecto
185 1179 318 1262 dialogo,
350 1202 422 1261 quae
453 1179 545 1258 ipsius
573 1179 662 1236 suerit
684 1178 737 1238 hac
766 1180 803 1239 de
830 1202 862 1239 rc
889 1180 1015 1240 auctoris
1036 1180 1200 1252 sententia,
1221 1180 1327 1238 frustra

75 1280 286 1357 quaesivimus.
330 1281 528 1340 Adverterunt
550 1290 675 1335 mentem
695 1292 821 1343 nostram
840 1299 908 1359 prae
928 1277 1062 1338 omnibus
1080 1278 1208 1336 maxime
1217 1272 1255 1337 eci
1277 1273 1326 1337 ὅν-

75 1397 134 1449 τα,
144 1399 218 1456 quae
228 1379 313 1437 ideas
323 1381 447 1456 itemque
456 1372 685 1455 παραδείγματα
696 1392 788 1437 vocat.
830 1381 941 1437 Horum
958 1377 1079 1436 scicntia
1089 1377 1169 1457 apud
1179 1400 1244 1437 eum
1256 1382 1327 1461 ipsi·

77 1498 115 1536 us
126 1490 170 1535 est
180 1477 308 1536 veritatis
317 1478 450 1535 scientia:
463 1498 572 1556 nosque
582 1477 714 1557 legendis
722 1477 861 1556 deinceps
871 1497 937 1534 eum
948 1475 1109 1535 dialecticis
1119 1478 1143 1554 ej
1149 1477 1257 1551 usdem,
1267 1492 1329 1537 tum

77 1575 237 1656 praecipue
257 1573 464 1654 metaphysicis
473 1576 614 1656 dialogis,
637 1596 693 1634 una
705 1595 770 1633 cum
781 1589 896 1633 attctore
907 1573 1060 1633 dialectico
1068 1574 1174 1633 itinere
1184 1579 1327 1656 persecuti

79 1679 243 1747 ea'sumus3
254 1652 502 1731 assecutosirutem
513 1696 566 1733 nos
577 1695 636 1732 esse
646 1720 656 1748 ,
666 1673 762 1732 dicero
773 1694 834 1732 non
845 1674 946 1732 ausim.
968 1673 1040 1731 Nam
1049 1672 1185 1732 recedere
1202 1674 1288 1733 nohis
1297 1696 1329 1734 eo

78 1771 174 1851 magis
183 1771 243 1831 visa
254 1785 322 1829 sunt
332 1816 341 1844 ,
351 1791 407 1849 quo
419 1773 538 1853 propius
548 1770 765 1830 accederemus:
778 1784 809 1830 ut
825 1770 1029 1829 confiteremur
1041 1767 1159 1827 tandem
1171 1773 1261 1848 ,quin
1278 1773 1329 1832 eti-

77 1890 127 1930 am
137 1869 230 1949 ipsius
247 1869 417 1927 auctoritate
434 1867 521 1929 ducis
538 1869 630 1929 nostri
640 1868 867 1943 affirmaremus,
884 1867 1117 1950 appropinquare
1128 1867 1166 1927 ed
1185 1888 1218 1926 ea
1237 1882 1265 1928 et
1284 1890 1330 1929 ac·

78 1966 186 2028 cedere
209 1967 322 2026 homini
343 1965 449 2041 licere,
471 1968 625 2047 pervenire
641 1989 702 2026 non
727 1966 824 2025 licere.
865 1967 946 2040 Quid
967 1966 1078 2046 igitur?
1110 1965 1250 2046 Effugissc
1279 1990 1331 2029 nos

79 2067 235 2127 veritatem
257 2065 405 2138 dicamus,
427 2085 459 2122 ac
476 2085 564 2145 penes
582 2086 673 2122 unum
693 2065 785 2122 Deum
804 2067 888 2125 esse?
910 2064 946 2124 Id
965 2085 1034 2124 vero
1055 2085 1116 2124 non
1137 2064 1224 2122 facile
1243 2064 1331 2125 dixe-

78 2165 148 2223 rim.
192 2164 264 2221 Nam
283 2166 307 2222 si
329 2184 432 2223 verum
453 2164 507 2222 hoc
524 2179 600 2225 ,esset
618 2179 646 2224 et
664 2185 717 2224 nos
738 2163 769 2223 id
785 2185 931 2245 possemus
952 2186 1019 2223 vere
1039 2163 1237 2237 contendere,
1258 2165 1330 2225 inde

77 2275 192 2343 pateret
211 2260 361 2334 dilucide,
385 2282 445 2319 non
465 2283 523 2320 esse
548 2277 631 2322 extra
659 2276 828 2344 potestatem
857 2277 983 2323 nostram
1002 2270 1174 2321 veritatem.
1216 2260 1274 2320 Sed
1293 2263 1330 2322 de

79 2371 161 2421 vero'
172 2382 229 2418 uon
249 2360 430 2437 quaerimus:
451 2360 534 2436 quod
545 2362 675 2440 profecto
685 2361 709 2420 si
731 2363 843 2440 assequi
863 2361 996 2421 mortales
1015 2383 1075 2421 non
1092 2376 1227 2442 possent,
1242 2382 1329 2442 snpra

80 2479 173 2538 quam
194 2457 255 2517 dici
274 2471 370 2538 potest
398 2458 501 2514 misera
519 2479 617 2516 eorum
641 2459 775 2518 conditio
792 2473 883 2518 esset:
906 2467 1035 2519 scientio
1054 2460 1150 2539 agitur
1161 2469 1328 2536 ,ωηιξη

78 2559 220 2634 inquam,
255 2567 340 2615 oeta:
370 2554 425 2617 τοῦ
450 2548 548 2630 ὄντος,
570 2551 665 2617 αὐτοῦ
687 2556 743 2617 τοῦ
765 2549 850 2630 ὄντος
871 2567 1009 2618 seientia.
1052 2560 1135 2617 Hanc
1161 2573 1256 2618 autem
1277 2572 1325 2634 ut,

77 2653 179 2734 qualis
197 2656 249 2728 sit,
271 2657 333 2713 sive
352 2677 534 2736 assequamur
555 2658 616 2719 sire
635 2673 711 2718 certe
738 2659 918 2739 suspicemur
947 2654 1065 2714 tandem
1095 2655 1327 2734 quodammodo,

76 2773 171 2833 opera
191 2751 276 2812 nobis
294 2754 392 2814 danda
412 2757 538 2836 primum
558 2769 620 2831 est,
640 2769 673 2816 ut
693 2778 760 2816 eam.
776 2769 852 2815 recte
873 2776 889 2813 a
911 2754 1031 2815 veritate
1051 2753 1275 2832 distinguamus.

150 2952 259 3030 Quid
280 2962 446 3013 veritae
466 2959 576 3033 opud
595 2959 824 3017 Platonem
843 2953 928 3014 art?
952 2951 1112 3032 Quidue·
1134 2963 1263 3011 sciere·

342 3050 1069 3122 tiamnobtsacritete'stradida't?
1133 3096 1145 3111 -.

122 3232 205 3306 Quid
234 3235 340 3294 ueritas
366 3235 424 3310 sit,
456 3238 584 3314 quaestio
605 3240 686 3298 omni·
703 3260 810 3301 aeroa
829 3235 1012 3319 philosophis
1041 3233 1127 3314 longe
1147 3233 1327 3294 difficillima

76 3330 183 3391 habita
206 3345 257 3392 est.
299 3332 409 3400 Eadem
430 3348 525 3393 autem
541 3335 621 3416 apud
647 3337 797 3398 Platonem
815 3337 870 3399 rix
889 3335 1049 3414 quidquam
1076 3352 1135 3390 esse
1165 3333 1327 3413 simplicius

78 3443 170 3508 atque
187 3429 225 3489 ad·
245 3431 455 3490 declarandum
475 3433 598 3504 facilius·
614 3435 742 3496 ridetur.
787 3435 902 3495 Varum
923 3445 1008 3493 vocat
1027 3420 1066 3490 ed
1089 3422 1136 3503 ds,
1168 3435 1246 3510 qood
1264 3442 1325 3503 est,

77 3541 169 3605 atque
183 3527 230 3588 illi
251 3530 393 3608 opponit,
413 3533 490 3608 qood
508 3535 639 3592 videtur.
682 3535 741 3593 Nos
756 3535 796 3592 ita
818 3532 990 3612 opponimus
1008 3531 1041 3589 in
1059 3529 1197 3589 familiari
1217 3549 1326 3586 sermo-

80 3647 120 3685 ne
153 3648 287 3684 uraca
317 3649 355 3684 aa
380 3629 536 3706 schej'a,
568 3645 616 3704 et,
638 3633 661 3689 si
689 3631 761 3708 quid
789 3648 953 3689 asseverare
971 3640 1111 3706 tanquam
1125 3627 1325 3699 verissimum,

79 3725 106 3783 si
128 3723 203 3801 quid
222 3725 308 3782 etiam
330 3740 416 3805 atque
436 3727 524 3785 ctiam
548 3727 641 3786 alicui
658 3727 801 3788 affirmare
828 3725 995 3799 studemus,
1023 3723 1121 3784 dicere
1150 3725 1229 3801 fere,
1259 3727 1326 3785 ket

79 3819 367 3901 is'wezaalijle
387 3847 470 3898 eoo,
492 3825 623 3886 solemus.
667 3827 848 3908 Disciplinae
872 3824 1014 3904 optimae,
1043 3823 1094 3883 sed
1112 3825 1198 3884 etim:
1216 3826 1320 3887 verita-

80 3922 141 3995 tis,
172 3919 272 3997 qualis
298 3922 355 3995 sit,
386 3922 579 3984 declarandae
597 3917 726 4000 camsi,
755 3923 885 3983 fabulam
913 3921 997 3980 illam
1022 3921 1104 3982 Plato
1130 3922 1168 3982 de
1186 3921 1324 4003 spelrmca

81 4019 233 4095 narrarit,
256 4020 403 4100 explicuit
422 4034 518 4080 autem
539 4021 642 4081 eldem-
658 4023 782 4104 imagine
800 4021 960 4080 discrimen
977 4021 1177 4100 potissimum,
1199 4039 1260 4096 quo
1276 4017 1323 4108 id,

80 4115 164 4196 quod
192 4131 258 4192 est,
283 4117 325 4177 ah
351 4139 404 4192 eo,
435 4119 515 4197 quod
546 4121 683 4196 ridetur,
703 4121 949 4201 distingueretur:
971 4117 1049 4179 idem
1070 4117 1149 4199 apud
1165 4136 1230 4175 eum
1246 4115 1323 4173 inter

81 4213 226 4273 mundum
255 4208 363 4296 ὁρατόν
392 4232 420 4277 et
451 4211 558 4297 vopreir
579 4218 737 4281 discrimen
762 4218 885 4279 obtinet.
927 4219 1033 4290 Porro,
1053 4235 1127 4294 quae
1146 4214 1322 4292 assequimur

82 4311 147 4392 ipsa
175 4331 291 4392 mente,
320 4309 395 4377 aare
424 4317 504 4400 apud
529 4318 652 4378 eundem
678 4330 768 4392 eunt,
784 4337 814 4378 r.
843 4336 875 4376 c..
889 4332 1077 4393 quaecunque
1095 4310 1262 4370 referuntur
1284 4307 1320 4367 ad

83 4412 296 4490 quantitatem,
317 4416 506 4495 qualitatem,
528 4415 779 4495 magnitudinem,
801 4411 1035 4475 similitudinem.
1062 4408 1105 4468 Ita
1125 4405 1210 4466 nohis
1227 4407 1322 4469 veris·
