2796 5048
659 222 718 282 ³75

60 402 104 454 εἰσ
114 439 123 469 ,
144 399 168 454 ι’.
178 415 203 452 ι.
213 395 347 450 omnium
358 405 433 463 quaa
450 393 536 459 aurat,
554 391 652 461 ipsius
666 387 790 462 pulcri,
822 391 889 447 boni
898 436 907 466 ,
917 397 1004 467 justi
1012 438 1021 467 ,
1032 402 1131 452 sancti
1147 417 1306 470 auratarum,

61 492 342 573 guod·ime'tontur,
363 476 560 565 παράδειγμα.

10 592 18 629 ¹
101 588 200 670 Ipsius
215 585 286 644 haec
306 586 347 643 ita
376 584 613 644 adumbravimus
641 584 842 666 philosophiae
875 590 1040 652 Platonicae
1057 595 1175 673 caussa;
1199 596 1299 657 valent

10 693 13 723 ³
61 700 160 748 autem
179 707 239 745 non
259 685 374 759 minus,
394 684 425 742 ni
444 683 592 757 fallimur,
612 681 650 741 ad
670 682 805 744 sublimia
816 701 930 748 sanctae
948 689 1096 751 doctrinae
1115 707 1228 754 nostrae
1238 694 1305 752 effa·

62 801 93 847 ta
112 787 176 847 sive
195 781 369 864 explicanda
389 780 599 861 quodammodo
619 781 681 842 sive
699 782 821 843 interius
840 788 1053 868 perspicienda.
1095 793 1211 851 Dicitur
1228 793 1262 851 in
1272 813 1303 851 ea

62 880 84 948 o‘
109 877 181 957 Ῡιός
194 881 248 945 τοῦ
269 878 348 942 Θεοῦ
369 878 488 940 divinae
507 872 695 952 ὑποστάσεως
716 875 874 965 χαρακτήρ
900 884 945 967 l);
978 893 1077 963 ipsam
1095 910 1124 948 se
1140 910 1199 948 esse
1219 897 1301 949 νινε·-

62 997 161 1047 tatem
180 984 347 1068 profitetur:
370 974 432 1060 ἐγώ
453 979 512 1059 εἰμι
534 973 642 1062 η’όδός
662 980 712 1043 καῖ
734 976 755 1063 ἡ
777 978 906 1065 ἀλήθεια
927 983 976 1045 καῖ
998 978 1018 1065 ἡ
1029 980 1147 1068 (coast)
1165 986 1303 1067 Idemque

61 1087 136 1147 hinc
156 1083 351 1157 discessurus,
372 1081 526 1163 discipulis
546 1104 575 1142 se
594 1086 652 1143 suis
671 1084 750 1144 dixit
780 1086 926 1148 absentiae
948 1090 1015 1146 suae
1036 1087 1243 1147 consolatorem
1259 1105 1302 1144 re·
1343 1119 1344 1122 =

62 1184 204 1244 licturum
221 1175 262 1240 νδ
278 1178 417 1258 πνεῦμα
440 1179 505 1260 τῆς
535 1176 733 1262 ἀληθείας,
756 1179 773 1243 ὃ
796 1177 815 1244 o‘
840 1179 951 1264 κόσμος
978 1179 1014 1244 οὐ
1041 1180 1163 1246 δύναται
1190 1186 1302 1264 λαβεῖν,

62 1275 113 1344 ὅτι
135 1275 172 1342 orl
192 1284 308 1363 θεωρεῖ
325 1275 412 1356 αὐτό,
442 1275 514 1342 oriola*
542 1278 673 1362 γινώσκει
699 1279 788 1346 uoto·
817 1279 902 1366 ὑμεῖς
928 1282 981 1362 δὲ,
1009 1290 1125 1367 inquit,
1153 1279 1305 1368 γινώσκετε

60 1378 158 1459 miro,
181 1376 227 1445 ὅτι
248 1377 319 1467 παρ’
338 1376 409 1463 ὑμῖν
417 1379 498 1463 μένει
518 1383 568 1446 καῖ
590 1383 622 1446 ἒν
642 1379 714 1466 ὑμῖν
736 1381 817 1448 ἔσται
842 1389 884 1470 3).
906 1392 978 1450 Nam
1001 1391 1041 1449 ita
1062 1409 1091 1447 se
1111 1389 1304 1471 profectores

60 1485 163 1546 habet.
185 1486 249 1561 Quo
267 1487 356 1566 magis
374 1487 407 1546 in
427 1489 621 1569 integritatem
639 1510 719 1549 suam
743 1490 951 1550 restituerimus
971 1487 1187 1571 philosophiam
1208 1485 1302 1544 Plato·

61 1585 131 1660 nis,
150 1605 184 1644 eo
202 1583 320 1666 plenius
350 1586 514 1667 percepturi
544 1585 615 1645 inde
641 1586 792 1667 religionis
821 1602 932 1647 nostrae
952 1588 1013 1648 vim
1033 1604 1147 1644 omnem
1165 1599 1193 1643 et
1211 1584 1302 1644 subli⁶

56 1684 195 1743 mitatem
222 1704 329 1743 sumus.
350 1684 408 1743 Nec
439 1705 508 1745 vero
535 1685 649 1745 mirum.
671 1685 847 1745 Verissimae
874 1685 952 1744 enim
970 1684 1105 1764 religioni
1127 1702 1188 1742 non
1206 1693 1300 1763 potest

59 1780 127 1842 non
144 1781 292 1842 verissima
310 1780 496 1863 philosophia
516 1803 583 1841 cum
600 1782 776 1859 convenire,
796 1797 858 1842 tum
875 1781 970 1841 lucem
989 1779 1146 1842 effundere.

97 2049 127 2115 1)
144 2052 221 2100 Auel.
239 2052 287 2120 Ep.
303 2052 423 2103 adHelr.
443 2051 461 2102 l.
480 2049 505 2102 3.

95 2135 126 2202 2)
144 2138 237 2190 Ioanu.
261 2138 327 2189 XIV.
351 2136 377 2189 6.
394 2139 476 2190 Deum
494 2153 547 2190 non
566 2138 659 2189 'semel
677 2139 776 2206 antiqui
807 2136 982 2189 Hebraeorum
1008 2136 1151 2203 prophatae
1171 2138 1297 2186 veritatem

58 2223 237 2292 appellarunt.
254 2210 313 2274 vid}
332 2222 409 2275 Deut.
428 2223 572 2275 XXXIII.
592 2231 618 2276 et
635 2223 688 2276 Jer.
707 2222 736 2274 X.
757 2221 797 2274 to.

96 2305 126 2373 3)
145 2307 239 2361 Joaun.
257 2308 321 2362 XIV.
341 2307 382 2360 tt.
