<?xml version="1.0" encoding="UTF-8"?>
<!DOCTYPE html PUBLIC "-//W3C//DTD XHTML 1.0 Transitional//EN"
    "http://www.w3.org/TR/xhtml1/DTD/xhtml1-transitional.dtd">
<html xmlns="http://www.w3.org/1999/xhtml" xml:lang="en" lang="en">
 <head>
  <title>
</title>
<meta http-equiv="Content-Type" content="text/html;charset=utf-8" />
  <meta name='ocr-system' content='tesseract 3.04.00' />
  <meta name='ocr-capabilities' content='ocr_page ocr_carea ocr_par ocr_line ocrx_word'/>
</head>
<body>
  <div class='ocr_page' id='page_1' title='image "./initiaphilosoph00heusgoog_0053.png"; bbox 0 0 2796 5048; ppageno 0'>
   <div class='ocr_carea' id='block_1_1' title="bbox 681 221 702 278">
    <p class='ocr_par' dir='ltr' id='par_1_1' title="bbox 681 221 702 278">
     <span class='ocr_line' id='line_1_1' title="bbox 681 221 702 278; baseline 0 0"><span class='ocrx_word' id='word_1_1' title='bbox 681 221 702 278; x_wconf 87' lang='lat'>8</span> 
     </span>
    </p>
   </div>
   <div class='ocr_carea' id='block_1_2' title="bbox 18 376 1348 4475">
    <p class='ocr_par' dir='ltr' id='par_1_2' title="bbox 62 376 1333 2179">
     <span class='ocr_line' id='line_1_2' title="bbox 77 376 1301 463; baseline 0.002 -25"><span class='ocrx_word' id='word_1_2' title='bbox 77 389 237 443; x_wconf 77' lang='lat' dir='ltr'><strong>contentos.</strong></span> <span class='ocrx_word' id='word_1_3' title='bbox 276 376 387 455; x_wconf 85' lang='lat' dir='ltr'><strong>Quodsi</strong></span> <span class='ocrx_word' id='word_1_4' title='bbox 408 378 540 460; x_wconf 87' lang='lat' dir='ltr'><strong>quaeris,</strong></span> <span class='ocrx_word' id='word_1_5' title='bbox 559 381 715 455; x_wconf 85' lang='lat' dir='ltr'><strong>Creusere,</strong></span> <span class='ocrx_word' id='word_1_6' title='bbox 736 378 831 459; x_wconf 84' lang='lat' dir='ltr'><strong>qualis</strong></span> <span class='ocrx_word' id='word_1_7' title='bbox 851 376 924 441; x_wconf 77' lang='lat' dir='ltr'><strong>nili</strong></span> <span class='ocrx_word' id='word_1_8' title='bbox 947 391 976 441; x_wconf 87' lang='lat' dir='ltr'><strong>et</strong></span> <span class='ocrx_word' id='word_1_9' title='bbox 995 394 1058 443; x_wconf 88' lang='lat' dir='ltr'><strong>tum</strong></span> <span class='ocrx_word' id='word_1_10' title='bbox 1077 391 1109 440; x_wconf 88' lang='lat' dir='ltr'><strong>et</strong></span> <span class='ocrx_word' id='word_1_11' title='bbox 1128 391 1230 462; x_wconf 87' lang='lat' dir='ltr'><strong>pastea</strong></span> <span class='ocrx_word' id='word_1_12' title='bbox 1246 400 1301 463; x_wconf 35' lang='lat' dir='ltr'><strong>*sp</strong></span> 
     </span>
     <span class='ocr_line' id='line_1_3' title="bbox 76 493 1301 575; baseline 0.002 -20"><span class='ocrx_word' id='word_1_13' title='bbox 76 495 203 574; x_wconf 84' lang='lat' dir='ltr'><strong>paruerit</strong></span> <span class='ocrx_word' id='word_1_14' title='bbox 229 494 276 556; x_wconf 79' lang='lat' dir='ltr'><strong>vir</strong></span> <span class='ocrx_word' id='word_1_15' title='bbox 302 515 444 557; x_wconf 83' lang='lat' dir='ltr'><strong>summus:</strong></span> <span class='ocrx_word' id='word_1_16' title='bbox 471 495 586 556; x_wconf 87' lang='lat' dir='ltr'><strong>narravi</strong></span> <span class='ocrx_word' id='word_1_17' title='bbox 614 493 652 556; x_wconf 86' lang='lat' dir='ltr'><strong>de</strong></span> <span class='ocrx_word' id='word_1_18' title='bbox 671 493 863 557; x_wconf 86' lang='lat' dir='ltr'><strong>adolescentia</strong></span> <span class='ocrx_word' id='word_1_19' title='bbox 880 514 960 571; x_wconf 87' lang='lat' dir='ltr'><strong>mea,</strong></span> <span class='ocrx_word' id='word_1_20' title='bbox 983 515 1040 575; x_wconf 85' lang='lat' dir='ltr'><strong>quo</strong></span> <span class='ocrx_word' id='word_1_21' title='bbox 1057 493 1112 557; x_wconf 85' lang='lat' dir='ltr'><strong>tibi</strong></span> <span class='ocrx_word' id='word_1_22' title='bbox 1130 493 1301 559; x_wconf 70' lang='grc' dir='ltr'>ιιιὶᾶοιιῐίιιι</span> 
     </span>
     <span class='ocr_line' id='line_1_4' title="bbox 75 606 1300 691; baseline 0.004 -23"><span class='ocrx_word' id='word_1_23' title='bbox 75 621 184 689; x_wconf 83' lang='lat' dir='ltr'><strong>pateret</strong></span> <span class='ocrx_word' id='word_1_24' title='bbox 211 606 368 691; x_wconf 69' lang='lat' dir='ltr'><strong>disciplina</strong></span> <span class='ocrx_word' id='word_1_25' title='bbox 394 612 455 690; x_wconf 89' lang='lat' dir='ltr'><strong>ejus</strong></span> <span class='ocrx_word' id='word_1_26' title='bbox 480 607 675 685; x_wconf 84' lang='lat' dir='ltr'><strong>admirabilis,</strong></span> <span class='ocrx_word' id='word_1_27' title='bbox 700 608 822 690; x_wconf 79' lang='lat' dir='ltr'><strong>simplex</strong></span> <span class='ocrx_word' id='word_1_28' title='bbox 839 608 905 685; x_wconf 91' lang='lat' dir='ltr'><strong>illa,</strong></span> <span class='ocrx_word' id='word_1_29' title='bbox 923 608 974 671; x_wconf 87' lang='lat' dir='ltr'><strong>sed</strong></span> <span class='ocrx_word' id='word_1_30' title='bbox 992 607 1095 671; x_wconf 85' lang='lat' dir='ltr'><strong>efficax</strong></span> <span class='ocrx_word' id='word_1_31' title='bbox 1112 607 1152 671; x_wconf 86' lang='lat' dir='ltr'><strong>ad</strong></span> <span class='ocrx_word' id='word_1_32' title='bbox 1168 608 1300 673; x_wconf 70' lang='lat' dir='ltr'><strong>sardium</strong></span> 
     </span>
     <span class='ocr_line' id='line_1_5' title="bbox 75 722 1303 806; baseline 0.004 -24"><span class='ocrx_word' id='word_1_33' title='bbox 75 724 256 803; x_wconf 75' lang='lat' dir='ltr'><strong>antiquitatis</strong></span> <span class='ocrx_word' id='word_1_34' title='bbox 273 724 307 785; x_wconf 87' lang='lat' dir='ltr'><strong>in</strong></span> <span class='ocrx_word' id='word_1_35' title='bbox 321 722 495 789; x_wconf 52' lang='lat' dir='ltr'><strong>wentam</strong></span> <span class='ocrx_word' id='word_1_36' title='bbox 511 725 615 785; x_wconf 88' lang='lat' dir='ltr'><strong>animis</strong></span> <span class='ocrx_word' id='word_1_37' title='bbox 633 723 828 785; x_wconf 84' lang='lat' dir='ltr'><strong>excitandum.</strong></span> <span class='ocrx_word' id='word_1_38' title='bbox 854 723 1034 806; x_wconf 72' lang='lat' dir='ltr'><strong>Congruebat</strong></span> <span class='ocrx_word' id='word_1_39' title='bbox 1052 737 1146 785; x_wconf 87' lang='lat' dir='ltr'><strong>autem</strong></span> <span class='ocrx_word' id='word_1_40' title='bbox 1160 722 1233 787; x_wconf 84' lang='lat' dir='ltr'><strong>base</strong></span> <span class='ocrx_word' id='word_1_41' title='bbox 1250 723 1303 787; x_wconf 86' lang='lat' dir='ltr'><strong>di-</strong></span> 
     </span>
     <span class='ocr_line' id='line_1_6' title="bbox 75 837 1301 923; baseline 0.002 -26"><span class='ocrx_word' id='word_1_42' title='bbox 75 837 199 918; x_wconf 89' lang='lat' dir='ltr'><strong>sciplina</strong></span> <span class='ocrx_word' id='word_1_43' title='bbox 214 859 283 899; x_wconf 87' lang='lat' dir='ltr'><strong>cum</strong></span> <span class='ocrx_word' id='word_1_44' title='bbox 303 837 403 923; x_wconf 82' lang='lat' dir='ltr'><strong>indole</strong></span> <span class='ocrx_word' id='word_1_45' title='bbox 421 839 512 920; x_wconf 88' lang='lat' dir='ltr'><strong>ipsius</strong></span> <span class='ocrx_word' id='word_1_46' title='bbox 525 851 554 899; x_wconf 91' lang='lat' dir='ltr'><strong>et</strong></span> <span class='ocrx_word' id='word_1_47' title='bbox 568 838 748 901; x_wconf 86' lang='lat' dir='ltr'><strong>naturalibus</strong></span> <span class='ocrx_word' id='word_1_48' title='bbox 763 837 877 899; x_wconf 85' lang='lat' dir='ltr'><strong>stodiis.</strong></span> <span class='ocrx_word' id='word_1_49' title='bbox 896 839 985 914; x_wconf 86' lang='lat' dir='ltr'><strong>Nam,</strong></span> <span class='ocrx_word' id='word_1_50' title='bbox 1006 853 1038 899; x_wconf 90' lang='lat' dir='ltr'><strong>ut</strong></span> <span class='ocrx_word' id='word_1_51' title='bbox 1058 838 1160 922; x_wconf 88' lang='lat' dir='ltr'><strong>paucis</strong></span> <span class='ocrx_word' id='word_1_52' title='bbox 1174 838 1301 921; x_wconf 82' lang='lat' dir='ltr'><strong>eomple-</strong></span> 
     </span>
     <span class='ocr_line' id='line_1_7' title="bbox 75 950 1301 1032; baseline 0.005 -21"><span class='ocrx_word' id='word_1_53' title='bbox 75 964 155 1028; x_wconf 85' lang='lat' dir='ltr'><strong>etar,</strong></span> <span class='ocrx_word' id='word_1_54' title='bbox 172 967 305 1015; x_wconf 72' lang='lat' dir='ltr'><strong>ornatus</strong></span> <span class='ocrx_word' id='word_1_55' title='bbox 323 952 478 1015; x_wconf 86' lang='lat' dir='ltr'><strong>videbatur</strong></span> <span class='ocrx_word' id='word_1_56' title='bbox 500 950 538 1013; x_wconf 91' lang='lat' dir='ltr'><strong>ad</strong></span> <span class='ocrx_word' id='word_1_57' title='bbox 560 951 658 1013; x_wconf 89' lang='lat' dir='ltr'><strong>literas</strong></span> <span class='ocrx_word' id='word_1_58' title='bbox 680 951 845 1015; x_wconf 75' lang='lat' dir='ltr'><strong>necandas</strong></span> <span class='ocrx_word' id='word_1_59' title='bbox 861 952 1010 1032; x_wconf 86' lang='lat' dir='ltr'><strong>antiquas,</strong></span> <span class='ocrx_word' id='word_1_60' title='bbox 1034 951 1124 1015; x_wconf 81' lang='lat' dir='ltr'><strong>ethis</strong></span> <span class='ocrx_word' id='word_1_61' title='bbox 1138 953 1301 1017; x_wconf 67' lang='lat' dir='ltr'><strong>emunda</strong></span> 
     </span>
     <span class='ocr_line' id='line_1_8' title="bbox 74 1065 1299 1148; baseline 0.002 -21"><span class='ocrx_word' id='word_1_62' title='bbox 74 1067 155 1146; x_wconf 88' lang='lat' dir='ltr'><strong>quasi</strong></span> <span class='ocrx_word' id='word_1_63' title='bbox 171 1069 306 1148; x_wconf 89' lang='lat' dir='ltr'><strong>antiquas</strong></span> <span class='ocrx_word' id='word_1_64' title='bbox 319 1089 380 1130; x_wconf 85' lang='lat' dir='ltr'><strong>esse</strong></span> <span class='ocrx_word' id='word_1_65' title='bbox 396 1069 497 1130; x_wconf 78' lang='lat' dir='ltr'><strong>iactus.</strong></span> <span class='ocrx_word' id='word_1_66' title='bbox 531 1065 579 1127; x_wconf 87' lang='lat' dir='ltr'><strong>Sic</strong></span> <span class='ocrx_word' id='word_1_67' title='bbox 598 1066 634 1127; x_wconf 91' lang='lat' dir='ltr'><strong>iis</strong></span> <span class='ocrx_word' id='word_1_68' title='bbox 653 1088 670 1125; x_wconf 94' lang='lat' dir='ltr'><strong>a</strong></span> <span class='ocrx_word' id='word_1_69' title='bbox 688 1087 777 1148; x_wconf 77' lang='lat' dir='ltr'><strong>puero</strong></span> <span class='ocrx_word' id='word_1_70' title='bbox 795 1067 852 1127; x_wconf 79' lang='lat' dir='ltr'><strong>fnit</strong></span> <span class='ocrx_word' id='word_1_71' title='bbox 870 1065 1015 1145; x_wconf 86' lang='lat' dir='ltr'><strong>imbutus,</strong></span> <span class='ocrx_word' id='word_1_72' title='bbox 1039 1080 1072 1129; x_wconf 90' lang='lat' dir='ltr'><strong>ut</strong></span> <span class='ocrx_word' id='word_1_73' title='bbox 1089 1065 1237 1148; x_wconf 82' lang='lat' dir='ltr'><strong>quidquid</strong></span> <span class='ocrx_word' id='word_1_74' title='bbox 1253 1067 1299 1130; x_wconf 81' lang='lat' dir='ltr'><strong>di·</strong></span> 
     </span>
     <span class='ocr_line' id='line_1_9' title="bbox 62 1178 1301 1289; baseline 0.005 -49"><span class='ocrx_word' id='word_1_75' title='bbox 62 1193 164 1289; x_wconf 55' lang='grc' dir='ltr'><strong>θοι,</strong></span> <span class='ocrx_word' id='word_1_76' title='bbox 181 1181 327 1262; x_wconf 85' lang='lat' dir='ltr'><strong>quidquid</strong></span> <span class='ocrx_word' id='word_1_77' title='bbox 343 1182 499 1258; x_wconf 76' lang='lat' dir='ltr'><strong>scriberet,</strong></span> <span class='ocrx_word' id='word_1_78' title='bbox 512 1178 657 1262; x_wconf 89' lang='lat' dir='ltr'><strong>quidquid</strong></span> <span class='ocrx_word' id='word_1_79' title='bbox 672 1179 744 1243; x_wconf 85' lang='lat' dir='ltr'><strong>adeo</strong></span> <span class='ocrx_word' id='word_1_80' title='bbox 756 1181 891 1262; x_wconf 78' lang='lat' dir='ltr'><strong>cogitaret</strong></span> <span class='ocrx_word' id='word_1_81' title='bbox 899 1227 910 1257; x_wconf 93' lang='lat'><strong>,</strong></span> <span class='ocrx_word' id='word_1_82' title='bbox 922 1183 1073 1262; x_wconf 86' lang='lat' dir='ltr'><strong>antiquum</strong></span> <span class='ocrx_word' id='word_1_83' title='bbox 1090 1181 1211 1243; x_wconf 78' lang='lat' dir='ltr'><strong>baberet</strong></span> <span class='ocrx_word' id='word_1_84' title='bbox 1226 1181 1301 1247; x_wconf 69' lang='lat' dir='ltr'><strong>cele</strong></span> 
     </span>
     <span class='ocr_line' id='line_1_10' title="bbox 73 1294 1301 1389; baseline 0.002 -34"><span class='ocrx_word' id='word_1_85' title='bbox 73 1315 151 1373; x_wconf 85' lang='lat' dir='ltr'><strong>rere,</strong></span> <span class='ocrx_word' id='word_1_86' title='bbox 180 1316 217 1357; x_wconf 85' lang='lat' dir='ltr'><strong>ex</strong></span> <span class='ocrx_word' id='word_1_87' title='bbox 253 1298 315 1380; x_wconf 79' lang='lat' dir='ltr'><strong>ipsa</strong></span> <span class='ocrx_word' id='word_1_88' title='bbox 343 1295 491 1359; x_wconf 79' lang='lat' dir='ltr'><strong>rideretur</strong></span> <span class='ocrx_word' id='word_1_89' title='bbox 526 1295 697 1375; x_wconf 79' lang='lat' dir='ltr'><strong>antiquitate</strong></span> <span class='ocrx_word' id='word_1_90' title='bbox 730 1296 899 1389; x_wconf 80' lang='lat' dir='ltr'><strong>profectum.</strong></span> <span class='ocrx_word' id='word_1_91' title='bbox 928 1295 1031 1357; x_wconf 69' lang='lat' dir='ltr'><strong>batim</strong></span> <span class='ocrx_word' id='word_1_92' title='bbox 1061 1294 1234 1376; x_wconf 68' lang='lat' dir='ltr'><strong>loquebatur</strong></span> <span class='ocrx_word' id='word_1_93' title='bbox 1267 1297 1301 1357; x_wconf 88' lang='lat' dir='ltr'><strong>in</strong></span> 
     </span>
     <span class='ocr_line' id='line_1_11' title="bbox 72 1408 1301 1493; baseline 0 -22"><span class='ocrx_word' id='word_1_94' title='bbox 72 1408 178 1473; x_wconf 85' lang='lat' dir='ltr'><strong>scholis</strong></span> <span class='ocrx_word' id='word_1_95' title='bbox 201 1411 347 1493; x_wconf 77' lang='lat' dir='ltr'><strong>publicis,</strong></span> <span class='ocrx_word' id='word_1_96' title='bbox 372 1425 405 1472; x_wconf 88' lang='lat' dir='ltr'><strong>ut</strong></span> <span class='ocrx_word' id='word_1_97' title='bbox 425 1431 476 1476; x_wconf 85' lang='lat' dir='ltr'><strong>sua</strong></span> <span class='ocrx_word' id='word_1_98' title='bbox 497 1410 617 1490; x_wconf 88' lang='lat' dir='ltr'><strong>quisque</strong></span> <span class='ocrx_word' id='word_1_99' title='bbox 641 1408 840 1491; x_wconf 77' lang='lat' dir='ltr'><strong>lingua&#39;loqai</strong></span> <span class='ocrx_word' id='word_1_100' title='bbox 863 1409 952 1472; x_wconf 85' lang='lat' dir='ltr'><strong>solet:</strong></span> <span class='ocrx_word' id='word_1_101' title='bbox 980 1412 1128 1475; x_wconf 88' lang='lat' dir='ltr'><strong>imovero</strong></span> <span class='ocrx_word' id='word_1_102' title='bbox 1161 1425 1193 1471; x_wconf 90' lang='lat' dir='ltr'><strong>ut</strong></span> <span class='ocrx_word' id='word_1_103' title='bbox 1214 1410 1301 1493; x_wconf 85' lang='lat' dir='ltr'><strong>pauci</strong></span> 
     </span>
     <span class='ocr_line' id='line_1_12' title="bbox 73 1498 1301 1607; baseline 0.002 -23"><span class='ocrx_word' id='word_1_104' title='bbox 73 1525 240 1604; x_wconf 87' lang='lat' dir='ltr'><strong>loquuntur.</strong></span> <span class='ocrx_word' id='word_1_105' title='bbox 268 1526 341 1605; x_wconf 62' lang='lat' dir='ltr'><strong>Nasu</strong></span> <span class='ocrx_word' id='word_1_106' title='bbox 368 1525 459 1590; x_wconf 86' lang='lat' dir='ltr'><strong>oratio</strong></span> <span class='ocrx_word' id='word_1_107' title='bbox 483 1523 592 1587; x_wconf 85' lang='lat' dir='ltr'><strong>lluebat</strong></span> <span class='ocrx_word' id='word_1_108' title='bbox 613 1545 701 1607; x_wconf 86' lang='lat' dir='ltr'><strong>pura,</strong></span> <span class='ocrx_word' id='word_1_109' title='bbox 723 1523 862 1606; x_wconf 86' lang='lat' dir='ltr'><strong>limpida,</strong></span> <span class='ocrx_word' id='word_1_110' title='bbox 883 1498 1052 1601; x_wconf 77' lang='lat' dir='ltr'><strong>numerosa,</strong></span> <span class='ocrx_word' id='word_1_111' title='bbox 1071 1524 1233 1587; x_wconf 74' lang='lat' dir='ltr'><strong>luminibus</strong></span> <span class='ocrx_word' id='word_1_112' title='bbox 1250 1523 1301 1587; x_wconf 87' lang='lat' dir='ltr'><strong>di-</strong></span> 
     </span>
     <span class='ocr_line' id='line_1_13' title="bbox 71 1616 1300 1723; baseline 0.002 -25"><span class='ocrx_word' id='word_1_113' title='bbox 71 1639 177 1701; x_wconf 88' lang='lat' dir='ltr'><strong>stincta</strong></span> <span class='ocrx_word' id='word_1_114' title='bbox 186 1684 196 1716; x_wconf 92' lang='lat'><strong>,</strong></span> <span class='ocrx_word' id='word_1_115' title='bbox 216 1616 309 1703; x_wconf 75' lang='lat' dir='ltr'><strong>nullis</strong></span> <span class='ocrx_word' id='word_1_116' title='bbox 325 1641 476 1723; x_wconf 70' lang='lat' dir='ltr'><strong>inquinata</strong></span> <span class='ocrx_word' id='word_1_117' title='bbox 490 1638 655 1700; x_wconf 80' lang='lat' dir='ltr'><strong>recentioris</strong></span> <span class='ocrx_word' id='word_1_118' title='bbox 671 1639 735 1700; x_wconf 87' lang='lat' dir='ltr'><strong>aevi</strong></span> <span class='ocrx_word' id='word_1_119' title='bbox 753 1638 903 1701; x_wconf 81' lang='lat' dir='ltr'><strong>sordibus:</strong></span> <span class='ocrx_word' id='word_1_120' title='bbox 924 1653 952 1699; x_wconf 89' lang='lat' dir='ltr'><strong>et</strong></span> <span class='ocrx_word' id='word_1_121' title='bbox 970 1638 1079 1701; x_wconf 83' lang='lat' dir='ltr'><strong>fluebat</strong></span> <span class='ocrx_word' id='word_1_122' title='bbox 1096 1640 1179 1720; x_wconf 80' lang='lat' dir='ltr'><strong>qusai</strong></span> <span class='ocrx_word' id='word_1_123' title='bbox 1197 1653 1300 1721; x_wconf 83' lang='lat' dir='ltr'><strong>sponte</strong></span> 
     </span>
     <span class='ocr_line' id='line_1_14' title="bbox 72 1753 1301 1836; baseline -0.002 -20"><span class='ocrx_word' id='word_1_124' title='bbox 72 1774 143 1829; x_wconf 86' lang='lat' dir='ltr'><strong>sua,</strong></span> <span class='ocrx_word' id='word_1_125' title='bbox 163 1767 212 1830; x_wconf 90' lang='lat' dir='ltr'><strong>ut,</strong></span> <span class='ocrx_word' id='word_1_126' title='bbox 229 1753 301 1834; x_wconf 90' lang='lat' dir='ltr'><strong>quid</strong></span> <span class='ocrx_word' id='word_1_127' title='bbox 318 1768 391 1817; x_wconf 85' lang='lat' dir='ltr'><strong>esset</strong></span> <span class='ocrx_word' id='word_1_128' title='bbox 408 1754 538 1818; x_wconf 76' lang='lat' dir='ltr'><strong>dicemus</strong></span> <span class='ocrx_word' id='word_1_129' title='bbox 557 1753 604 1816; x_wconf 89' lang='lat' dir='ltr'><strong>vel</strong></span> <span class='ocrx_word' id='word_1_130' title='bbox 621 1775 678 1834; x_wconf 89' lang='lat' dir='ltr'><strong>qua</strong></span> <span class='ocrx_word' id='word_1_131' title='bbox 691 1754 800 1815; x_wconf 75' lang='lat' dir='ltr'><strong>radone</strong></span> <span class='ocrx_word' id='word_1_132' title='bbox 810 1753 908 1830; x_wconf 91' lang='lat' dir='ltr'><strong>,haud</strong></span> <span class='ocrx_word' id='word_1_133' title='bbox 925 1755 1049 1836; x_wconf 76' lang='lat' dir='ltr'><strong>cogitare</strong></span> <span class='ocrx_word' id='word_1_134' title='bbox 1067 1754 1226 1818; x_wconf 85' lang='lat' dir='ltr'><strong>videretur.</strong></span> <span class='ocrx_word' id='word_1_135' title='bbox 1263 1753 1301 1817; x_wconf 82' lang='lat' dir='ltr'><strong>Et</strong></span> 
     </span>
     <span class='ocr_line' id='line_1_15' title="bbox 72 1867 1301 1950; baseline -0.002 -19"><span class='ocrx_word' id='word_1_136' title='bbox 72 1880 168 1932; x_wconf 79' lang='lat' dir='ltr'><strong>umen</strong></span> <span class='ocrx_word' id='word_1_137' title='bbox 191 1869 236 1931; x_wconf 89' lang='lat' dir='ltr'><strong>nil</strong></span> <span class='ocrx_word' id='word_1_138' title='bbox 249 1868 466 1934; x_wconf 72' lang='lat' dir='ltr'><strong>desiderabitur</strong></span> <span class='ocrx_word' id='word_1_139' title='bbox 483 1867 524 1933; x_wconf 89' lang='lat' dir='ltr'><strong>ed</strong></span> <span class='ocrx_word' id='word_1_140' title='bbox 544 1867 695 1932; x_wconf 80' lang='lat' dir='ltr'><strong>verborum</strong></span> <span class='ocrx_word' id='word_1_141' title='bbox 712 1869 931 1950; x_wconf 76' lang='lat' dir='ltr'><strong>proprietatem,</strong></span> <span class='ocrx_word' id='word_1_142' title='bbox 959 1869 1148 1950; x_wconf 79' lang='lat' dir='ltr'><strong>elegantiam,</strong></span> <span class='ocrx_word' id='word_1_143' title='bbox 1166 1869 1301 1950; x_wconf 78' lang='lat' dir='ltr'><strong>dispate-</strong></span> 
     </span>
     <span class='ocr_line' id='line_1_16' title="bbox 73 1980 1333 2064; baseline -0.002 -19"><span class='ocrx_word' id='word_1_144' title='bbox 73 1983 162 2045; x_wconf 84' lang='lat' dir='ltr'><strong>tieuis</strong></span> <span class='ocrx_word' id='word_1_145' title='bbox 171 1983 312 2047; x_wconf 76' lang='lat' dir='ltr'><strong>ordinem.</strong></span> <span class='ocrx_word' id='word_1_146' title='bbox 333 1985 391 2045; x_wconf 84' lang='lat' dir='ltr'><strong>Nee</strong></span> <span class='ocrx_word' id='word_1_147' title='bbox 402 1982 559 2047; x_wconf 72' lang='lat' dir='ltr'><strong>haesitabat</strong></span> <span class='ocrx_word' id='word_1_148' title='bbox 578 2003 702 2063; x_wconf 83' lang='lat' dir='ltr'><strong>unquam</strong></span> <span class='ocrx_word' id='word_1_149' title='bbox 713 1983 755 2058; x_wconf 91' lang='lat' dir='ltr'><strong>,si</strong></span> <span class='ocrx_word' id='word_1_150' title='bbox 768 2005 813 2043; x_wconf 90' lang='lat' dir='ltr'><strong>res</strong></span> <span class='ocrx_word' id='word_1_151' title='bbox 826 1982 1016 2045; x_wconf 72' lang='lat' dir='ltr'><strong>declarandae</strong></span> <span class='ocrx_word' id='word_1_152' title='bbox 1029 1997 1080 2044; x_wconf 89' lang='lat' dir='ltr'><strong>aut</strong></span> <span class='ocrx_word' id='word_1_153' title='bbox 1093 1983 1301 2064; x_wconf 67' lang='lat' dir='ltr'><strong>signifieadae</strong></span> <span class='ocrx_word' id='word_1_154' title='bbox 1330 1980 1333 1989; x_wconf 86' lang='lat'>&#39;</span> 
     </span>
     <span class='ocr_line' id='line_1_17' title="bbox 73 2097 1300 2179; baseline 0.003 -22"><span class='ocrx_word' id='word_1_155' title='bbox 73 2111 166 2161; x_wconf 82' lang='lat' dir='ltr'><strong>essent</strong></span> <span class='ocrx_word' id='word_1_156' title='bbox 179 2121 289 2175; x_wconf 80' lang='lat' dir='ltr'><strong>novae,</strong></span> <span class='ocrx_word' id='word_1_157' title='bbox 309 2099 437 2179; x_wconf 87' lang='lat' dir='ltr'><strong>antiquis</strong></span> <span class='ocrx_word' id='word_1_158' title='bbox 455 2099 688 2179; x_wconf 82' lang='lat' dir='ltr'><strong>ignotae,neque</strong></span> <span class='ocrx_word' id='word_1_159' title='bbox 697 2097 840 2160; x_wconf 85' lang='lat' dir='ltr'><strong>habentes</strong></span> <span class='ocrx_word' id='word_1_160' title='bbox 849 2099 955 2159; x_wconf 84' lang='lat' dir='ltr'><strong>iccirco</strong></span> <span class='ocrx_word' id='word_1_161' title='bbox 968 2119 1073 2161; x_wconf 88' lang='lat' dir='ltr'><strong>nomen</strong></span> <span class='ocrx_word' id='word_1_162' title='bbox 1083 2100 1228 2161; x_wconf 73' lang='lat' dir='ltr'><strong>Latium</strong></span> <span class='ocrx_word' id='word_1_163' title='bbox 1250 2097 1300 2161; x_wconf 84' lang='lat' dir='ltr'><strong>Nil</strong></span> 
     </span>
    </p>

    <p class='ocr_par' dir='ltr' id='par_1_3' title="bbox 76 2211 1300 2296">
     <span class='ocr_line' id='line_1_18' title="bbox 76 2211 1300 2296; baseline 0.002 -23"><span class='ocrx_word' id='word_1_164' title='bbox 76 2213 259 2291; x_wconf 82' lang='lat' dir='ltr'><strong>occurrebat3</strong></span> <span class='ocrx_word' id='word_1_165' title='bbox 288 2212 360 2296; x_wconf 90' lang='lat' dir='ltr'><strong>quin</strong></span> <span class='ocrx_word' id='word_1_166' title='bbox 379 2211 588 2294; x_wconf 76' lang='lat' dir='ltr'><strong>significaram</strong></span> <span class='ocrx_word' id='word_1_167' title='bbox 606 2225 671 2292; x_wconf 88' lang='lat' dir='ltr'><strong>apte</strong></span> <span class='ocrx_word' id='word_1_168' title='bbox 698 2225 727 2271; x_wconf 94' lang='lat' dir='ltr'><strong>et</strong></span> <span class='ocrx_word' id='word_1_169' title='bbox 752 2213 900 2293; x_wconf 90' lang='lat' dir='ltr'><strong>perspicue</strong></span> <span class='ocrx_word' id='word_1_170' title='bbox 921 2211 1132 2291; x_wconf 89' lang='lat' dir='ltr'><strong>declararetur,</strong></span> <span class='ocrx_word' id='word_1_171' title='bbox 1156 2226 1189 2275; x_wconf 89' lang='lat' dir='ltr'><strong>ut</strong></span> <span class='ocrx_word' id='word_1_172' title='bbox 1207 2212 1300 2275; x_wconf 89' lang='lat' dir='ltr'><strong>veluti</strong></span> 
     </span>
    </p>

    <p class='ocr_par' dir='ltr' id='par_1_4' title="bbox 72 2324 1298 2423">
     <span class='ocr_line' id='line_1_19' title="bbox 72 2324 1298 2423; baseline 0.002 -37"><span class='ocrx_word' id='word_1_173' title='bbox 72 2326 174 2423; x_wconf 60' lang='lat' dir='ltr'><strong>oeulip</strong></span> <span class='ocrx_word' id='word_1_174' title='bbox 186 2341 303 2409; x_wconf 82' lang='lat' dir='ltr'><strong>pateret.</strong></span> <span class='ocrx_word' id='word_1_175' title='bbox 343 2328 416 2391; x_wconf 84' lang='lat' dir='ltr'><strong>Nam</strong></span> <span class='ocrx_word' id='word_1_176' title='bbox 437 2327 470 2387; x_wconf 87' lang='lat' dir='ltr'><strong>in</strong></span> <span class='ocrx_word' id='word_1_177' title='bbox 493 2324 624 2390; x_wconf 82' lang='lat' dir='ltr'><strong>docendo</strong></span> <span class='ocrx_word' id='word_1_178' title='bbox 648 2325 719 2385; x_wconf 79' lang='lat' dir='ltr'><strong>liaeo</strong></span> <span class='ocrx_word' id='word_1_179' title='bbox 737 2325 891 2406; x_wconf 80' lang='lat' dir='ltr'><strong>singularis</strong></span> <span class='ocrx_word' id='word_1_180' title='bbox 912 2327 1053 2410; x_wconf 80' lang='lat' dir='ltr'><strong>quaedam</strong></span> <span class='ocrx_word' id='word_1_181' title='bbox 1070 2331 1133 2406; x_wconf 86' lang='lat' dir='ltr'><strong>ejas</strong></span> <span class='ocrx_word' id='word_1_182' title='bbox 1150 2326 1202 2390; x_wconf 87' lang='lat' dir='ltr'><strong>dos</strong></span> <span class='ocrx_word' id='word_1_183' title='bbox 1219 2341 1298 2402; x_wconf 89' lang='lat' dir='ltr'><strong>erat,</strong></span> 
     </span>
    </p>

    <p class='ocr_par' dir='ltr' id='par_1_5' title="bbox 73 2439 1299 2531">
     <span class='ocr_line' id='line_1_20' title="bbox 73 2439 1299 2531; baseline 0.002 -30"><span class='ocrx_word' id='word_1_184' title='bbox 73 2441 260 2522; x_wconf 82' lang='lat' dir='ltr'><strong>perspicuitas</strong></span> <span class='ocrx_word' id='word_1_185' title='bbox 286 2464 412 2518; x_wconf 88' lang='lat' dir='ltr'><strong>summa,</strong></span> <span class='ocrx_word' id='word_1_186' title='bbox 432 2443 480 2508; x_wconf 89' lang='lat' dir='ltr'><strong>cui</strong></span> <span class='ocrx_word' id='word_1_187' title='bbox 509 2439 655 2504; x_wconf 84' lang='lat' dir='ltr'><strong>tribuebat</strong></span> <span class='ocrx_word' id='word_1_188' title='bbox 676 2441 762 2503; x_wconf 89' lang='lat' dir='ltr'><strong>etiam</strong></span> <span class='ocrx_word' id='word_1_189' title='bbox 787 2440 970 2531; x_wconf 58' lang='lat' dir='ltr'><strong>plurimum</strong></span> <span class='ocrx_word' id='word_1_190' title='bbox 988 2441 1121 2504; x_wconf 80' lang='lat' dir='ltr'><strong>Solebam</strong></span> <span class='ocrx_word' id='word_1_191' title='bbox 1138 2440 1299 2503; x_wconf 83' lang='lat' dir='ltr'><strong>identidem</strong></span> 
     </span>
    </p>

    <p class='ocr_par' dir='ltr' id='par_1_6' title="bbox 72 2554 1299 2638">
     <span class='ocr_line' id='line_1_21' title="bbox 72 2554 1299 2638; baseline 0 -21"><span class='ocrx_word' id='word_1_192' title='bbox 72 2554 152 2617; x_wconf 88' lang='lat' dir='ltr'><strong>domi</strong></span> <span class='ocrx_word' id='word_1_193' title='bbox 169 2570 320 2638; x_wconf 88' lang='lat' dir='ltr'><strong>reputare,</strong></span> <span class='ocrx_word' id='word_1_194' title='bbox 340 2579 413 2638; x_wconf 89' lang='lat' dir='ltr'><strong>quae</strong></span> <span class='ocrx_word' id='word_1_195' title='bbox 432 2559 464 2621; x_wconf 90' lang='lat' dir='ltr'><strong>in</strong></span> <span class='ocrx_word' id='word_1_196' title='bbox 482 2555 587 2618; x_wconf 84' lang='lat' dir='ltr'><strong>scholis</strong></span> <span class='ocrx_word' id='word_1_197' title='bbox 606 2555 802 2638; x_wconf 83' lang='lat' dir='ltr'><strong>explicuerat,</strong></span> <span class='ocrx_word' id='word_1_198' title='bbox 820 2570 848 2616; x_wconf 92' lang='lat' dir='ltr'><strong>et</strong></span> <span class='ocrx_word' id='word_1_199' title='bbox 865 2555 1031 2637; x_wconf 81' lang='lat' dir='ltr'><strong>recolligere</strong></span> <span class='ocrx_word' id='word_1_200' title='bbox 1049 2577 1133 2618; x_wconf 89' lang='lat' dir='ltr'><strong>voces</strong></span> <span class='ocrx_word' id='word_1_201' title='bbox 1149 2569 1178 2617; x_wconf 89' lang='lat' dir='ltr'><strong>et</strong></span> <span class='ocrx_word' id='word_1_202' title='bbox 1195 2555 1299 2630; x_wconf 88' lang='lat' dir='ltr'><strong>verba,</strong></span> 
     </span>
    </p>

    <p class='ocr_par' dir='ltr' id='par_1_7' title="bbox 72 2644 1298 2753">
     <span class='ocr_line' id='line_1_22' title="bbox 72 2644 1298 2753; baseline 0.001 -24"><span class='ocrx_word' id='word_1_203' title='bbox 72 2644 178 2750; x_wconf 87' lang='lat' dir='ltr'><strong>quibus</strong></span> <span class='ocrx_word' id='word_1_204' title='bbox 194 2673 307 2753; x_wconf 82' lang='lat' dir='ltr'><strong>singula</strong></span> <span class='ocrx_word' id='word_1_205' title='bbox 325 2672 501 2735; x_wconf 84' lang='lat' dir='ltr'><strong>illustrasset.</strong></span> <span class='ocrx_word' id='word_1_206' title='bbox 532 2672 593 2733; x_wconf 82' lang='lat' dir='ltr'><strong>vix</strong></span> <span class='ocrx_word' id='word_1_207' title='bbox 610 2669 769 2751; x_wconf 85' lang='lat' dir='ltr'><strong>quidquam</strong></span> <span class='ocrx_word' id='word_1_208' title='bbox 786 2671 857 2730; x_wconf 89' lang='lat' dir='ltr'><strong>mihi</strong></span> <span class='ocrx_word' id='word_1_209' title='bbox 871 2669 1038 2732; x_wconf 84' lang='lat' dir='ltr'><strong>occurrebat</strong></span> <span class='ocrx_word' id='word_1_210' title='bbox 1055 2672 1112 2731; x_wconf 87' lang='lat' dir='ltr'><strong>nisi</strong></span> <span class='ocrx_word' id='word_1_211' title='bbox 1130 2669 1298 2746; x_wconf 83' lang='lat' dir='ltr'><strong>barbarum,</strong></span> 
     </span>
    </p>

    <p class='ocr_par' dir='ltr' id='par_1_8' title="bbox 73 2783 1298 2869">
     <span class='ocr_line' id='line_1_23' title="bbox 73 2783 1298 2869; baseline 0.001 -25"><span class='ocrx_word' id='word_1_212' title='bbox 73 2804 130 2864; x_wconf 89' lang='lat' dir='ltr'><strong>quo</strong></span> <span class='ocrx_word' id='word_1_213' title='bbox 144 2805 189 2844; x_wconf 87' lang='lat' dir='ltr'><strong>res</strong></span> <span class='ocrx_word' id='word_1_214' title='bbox 208 2789 300 2853; x_wconf 80' lang='lat' dir='ltr'><strong>nostri</strong></span> <span class='ocrx_word' id='word_1_215' title='bbox 323 2789 389 2853; x_wconf 86' lang='lat' dir='ltr'><strong>aeri</strong></span> <span class='ocrx_word' id='word_1_216' title='bbox 411 2785 594 2867; x_wconf 87' lang='lat' dir='ltr'><strong>appellarem.</strong></span> <span class='ocrx_word' id='word_1_217' title='bbox 624 2783 741 2843; x_wconf 86' lang='lat' dir='ltr'><strong>Scilicet</strong></span> <span class='ocrx_word' id='word_1_218' title='bbox 759 2805 818 2846; x_wconf 88' lang='lat' dir='ltr'><strong>non</strong></span> <span class='ocrx_word' id='word_1_219' title='bbox 835 2806 933 2847; x_wconf 85' lang='lat' dir='ltr'><strong>vocam</strong></span> <span class='ocrx_word' id='word_1_220' title='bbox 952 2785 1004 2845; x_wconf 93' lang='lat' dir='ltr'><strong>ille</strong></span> <span class='ocrx_word' id='word_1_221' title='bbox 1023 2798 1211 2869; x_wconf 82' lang='lat' dir='ltr'><strong>usurpaverat</strong></span> <span class='ocrx_word' id='word_1_222' title='bbox 1227 2805 1298 2866; x_wconf 91' lang='lat' dir='ltr'><strong>pro·</strong></span> 
     </span>
    </p>

    <p class='ocr_par' dir='ltr' id='par_1_9' title="bbox 74 2897 1299 2986">
     <span class='ocr_line' id='line_1_24' title="bbox 74 2897 1299 2986; baseline 0.002 -29"><span class='ocrx_word' id='word_1_223' title='bbox 74 2899 165 2978; x_wconf 87' lang='lat' dir='ltr'><strong>priam</strong></span> <span class='ocrx_word' id='word_1_224' title='bbox 190 2901 334 2979; x_wconf 79' lang='lat' dir='ltr'><strong>quandam</strong></span> <span class='ocrx_word' id='word_1_225' title='bbox 359 2915 388 2960; x_wconf 90' lang='lat' dir='ltr'><strong>et</strong></span> <span class='ocrx_word' id='word_1_226' title='bbox 410 2899 601 2986; x_wconf 88' lang='lat' dir='ltr'><strong>peculiarem,</strong></span> <span class='ocrx_word' id='word_1_227' title='bbox 624 2897 676 2958; x_wconf 88' lang='lat' dir='ltr'><strong>sed</strong></span> <span class='ocrx_word' id='word_1_228' title='bbox 701 2911 759 2958; x_wconf 88' lang='lat' dir='ltr'><strong>toto</strong></span> <span class='ocrx_word' id='word_1_229' title='bbox 785 2900 922 2960; x_wconf 88' lang='lat' dir='ltr'><strong>orationis</strong></span> <span class='ocrx_word' id='word_1_230' title='bbox 944 2900 1064 2975; x_wconf 85' lang='lat' dir='ltr'><strong>babitu,</strong></span> <span class='ocrx_word' id='word_1_231' title='bbox 1088 2900 1139 2980; x_wconf 86' lang='lat' dir='ltr'><strong>qui</strong></span> <span class='ocrx_word' id='word_1_232' title='bbox 1162 2900 1299 2980; x_wconf 82' lang='lat' dir='ltr'><strong>antiquus</strong></span> 
     </span>
    </p>

    <p class='ocr_par' dir='ltr' id='par_1_10' title="bbox 74 3010 1297 3094">
     <span class='ocr_line' id='line_1_25' title="bbox 74 3010 1297 3094; baseline 0.004 -24"><span class='ocrx_word' id='word_1_233' title='bbox 74 3025 152 3087; x_wconf 85' lang='lat' dir='ltr'><strong>erat,</strong></span> <span class='ocrx_word' id='word_1_234' title='bbox 172 3014 211 3072; x_wconf 88' lang='lat' dir='ltr'><strong>sic</strong></span> <span class='ocrx_word' id='word_1_235' title='bbox 232 3035 291 3073; x_wconf 90' lang='lat' dir='ltr'><strong>rem</strong></span> <span class='ocrx_word' id='word_1_236' title='bbox 318 3035 422 3079; x_wconf 89' lang='lat' dir='ltr'><strong>novam</strong></span> <span class='ocrx_word' id='word_1_237' title='bbox 444 3010 657 3086; x_wconf 82' lang='lat' dir='ltr'><strong>declaraverat,</strong></span> <span class='ocrx_word' id='word_1_238' title='bbox 679 3025 711 3070; x_wconf 91' lang='lat' dir='ltr'><strong>ut</strong></span> <span class='ocrx_word' id='word_1_239' title='bbox 724 3012 780 3092; x_wconf 91' lang='lat' dir='ltr'><strong>ipsi</strong></span> <span class='ocrx_word' id='word_1_240' title='bbox 801 3013 998 3074; x_wconf 84' lang='lat' dir='ltr'><strong>verosimiliter</strong></span> <span class='ocrx_word' id='word_1_241' title='bbox 1015 3015 1128 3094; x_wconf 89' lang='lat' dir='ltr'><strong>antiqui</strong></span> <span class='ocrx_word' id='word_1_242' title='bbox 1144 3014 1297 3089; x_wconf 76' lang='lat' dir='ltr'><strong>fecissent,</strong></span> 
     </span>
    </p>

    <p class='ocr_par' dir='ltr' id='par_1_11' title="bbox 18 3123 1348 4475">
     <span class='ocr_line' id='line_1_26' title="bbox 18 3123 1319 3208; baseline 0.006 -27"><span class='ocrx_word' id='word_1_243' title='bbox 18 3156 32 3181; x_wconf 63' lang='lat' dir='ltr'><strong>e</strong></span> <span class='ocrx_word' id='word_1_244' title='bbox 73 3127 261 3189; x_wconf 87' lang='lat' dir='ltr'><strong>sinotionem</strong></span> <span class='ocrx_word' id='word_1_245' title='bbox 287 3129 473 3202; x_wconf 86' lang='lat' dir='ltr'><strong>habuissent,</strong></span> <span class='ocrx_word' id='word_1_246' title='bbox 494 3123 582 3187; x_wconf 85' lang='lat' dir='ltr'><strong>verbo</strong></span> <span class='ocrx_word' id='word_1_247' title='bbox 603 3126 781 3186; x_wconf 82' lang='lat' dir='ltr'><strong>caruissent-</strong></span> <span class='ocrx_word' id='word_1_248' title='bbox 808 3127 906 3208; x_wconf 88' lang='lat' dir='ltr'><strong>Itaque</strong></span> <span class='ocrx_word' id='word_1_249' title='bbox 925 3149 1007 3189; x_wconf 89' lang='lat' dir='ltr'><strong>nemo</strong></span> <span class='ocrx_word' id='word_1_250' title='bbox 1024 3127 1297 3204; x_wconf 67' lang='lat' dir='ltr'><strong>sternumentum,</strong></span> <span class='ocrx_word' id='word_1_251' title='bbox 1314 3143 1319 3153; x_wconf 82' lang='lat'><strong><em>¹</em></strong></span> 
     </span>
     <span class='ocr_line' id='line_1_27' title="bbox 73 3233 1348 3326; baseline 0.005 -25"><span class='ocrx_word' id='word_1_252' title='bbox 73 3243 217 3324; x_wconf 84' lang='lat' dir='ltr'><strong>exeeptis,</strong></span> <span class='ocrx_word' id='word_1_253' title='bbox 250 3260 320 3322; x_wconf 85' lang='lat' dir='ltr'><strong>quos</strong></span> <span class='ocrx_word' id='word_1_254' title='bbox 351 3242 411 3324; x_wconf 86' lang='lat' dir='ltr'><strong>ipse</strong></span> <span class='ocrx_word' id='word_1_255' title='bbox 442 3240 582 3318; x_wconf 86' lang='lat' dir='ltr'><strong>vocabat,</strong></span> <span class='ocrx_word' id='word_1_256' title='bbox 621 3233 761 3318; x_wconf 74' lang='grc' dir='ltr'><strong>ἀμούσοις</strong></span> <span class='ocrx_word' id='word_1_257' title='bbox 795 3239 845 3305; x_wconf 78' lang='grc' dir='ltr'><strong>καὶ</strong></span> <span class='ocrx_word' id='word_1_258' title='bbox 879 3235 1075 3323; x_wconf 74' lang='grc' dir='ltr'><strong>ἀπειροκάλως</strong></span> <span class='ocrx_word' id='word_1_259' title='bbox 1105 3236 1297 3326; x_wconf 71' lang='grc' dir='ltr'><strong>ἀνθρώποις,</strong></span> <span class='ocrx_word' id='word_1_260' title='bbox 1345 3242 1348 3247; x_wconf 62' lang='grc'><strong>“</strong></span> 
     </span>
     <span class='ocr_line' id='line_1_28' title="bbox 73 3356 1296 3444; baseline 0.006 -28"><span class='ocrx_word' id='word_1_261' title='bbox 73 3356 145 3436; x_wconf 88' lang='lat' dir='ltr'><strong>quin</strong></span> <span class='ocrx_word' id='word_1_262' title='bbox 164 3356 289 3417; x_wconf 79' lang='lat' dir='ltr'><strong>fructum</strong></span> <span class='ocrx_word' id='word_1_263' title='bbox 311 3369 425 3437; x_wconf 86' lang='lat' dir='ltr'><strong>caperet</strong></span> <span class='ocrx_word' id='word_1_264' title='bbox 450 3376 487 3417; x_wconf 83' lang='lat' dir='ltr'><strong>ex</strong></span> <span class='ocrx_word' id='word_1_265' title='bbox 509 3358 571 3434; x_wconf 86' lang='lat' dir='ltr'><strong>ejus</strong></span> <span class='ocrx_word' id='word_1_266' title='bbox 591 3359 789 3439; x_wconf 87' lang='lat' dir='ltr'><strong>institutione,</strong></span> <span class='ocrx_word' id='word_1_267' title='bbox 810 3361 897 3444; x_wconf 91' lang='lat' dir='ltr'><strong>plane</strong></span> <span class='ocrx_word' id='word_1_268' title='bbox 914 3375 1007 3421; x_wconf 87' lang='lat' dir='ltr'><strong>antem</strong></span> <span class='ocrx_word' id='word_1_269' title='bbox 1033 3383 1116 3423; x_wconf 89' lang='lat' dir='ltr'><strong>nemo</strong></span> <span class='ocrx_word' id='word_1_270' title='bbox 1126 3407 1136 3438; x_wconf 93' lang='lat'><strong>,</strong></span> <span class='ocrx_word' id='word_1_271' title='bbox 1154 3363 1230 3442; x_wconf 90' lang='lat' dir='ltr'><strong>quin</strong></span> <span class='ocrx_word' id='word_1_272' title='bbox 1247 3384 1296 3423; x_wconf 89' lang='lat' dir='ltr'><strong>au·</strong></span> 
     </span>
     <span class='ocr_line' id='line_1_29' title="bbox 73 3469 1306 3552; baseline 0.004 -21"><span class='ocrx_word' id='word_1_273' title='bbox 73 3469 150 3531; x_wconf 88' lang='lat' dir='ltr'><strong>diret</strong></span> <span class='ocrx_word' id='word_1_274' title='bbox 167 3491 231 3531; x_wconf 89' lang='lat' dir='ltr'><strong>eum</strong></span> <span class='ocrx_word' id='word_1_275' title='bbox 251 3469 447 3552; x_wconf 89' lang='lat' dir='ltr'><strong>perlubenter.</strong></span> <span class='ocrx_word' id='word_1_276' title='bbox 478 3470 614 3552; x_wconf 81' lang='lat' dir='ltr'><strong>Lugduni</strong></span> <span class='ocrx_word' id='word_1_277' title='bbox 627 3473 731 3536; x_wconf 88' lang='lat' dir='ltr'><strong>babuit</strong></span> <span class='ocrx_word' id='word_1_278' title='bbox 742 3477 898 3538; x_wconf 87' lang='lat' dir='ltr'><strong>orationem</strong></span> <span class='ocrx_word' id='word_1_279' title='bbox 917 3478 951 3536; x_wconf 84' lang='lat' dir='ltr'><strong>ds</strong></span> <span class='ocrx_word' id='word_1_280' title='bbox 971 3479 1168 3537; x_wconf 80' lang='lat' dir='ltr'><strong>adolescentie</strong></span> <span class='ocrx_word' id='word_1_281' title='bbox 1187 3477 1306 3538; x_wconf 66' lang='lat' dir='ltr'><strong>Rata:</strong></span> 
     </span>
     <span class='ocr_line' id='line_1_30' title="bbox 73 3586 1297 3667; baseline 0.008 -24"><span class='ocrx_word' id='word_1_282' title='bbox 73 3586 156 3643; x_wconf 74' lang='lat' dir='ltr'><strong>ionii</strong></span> <span class='ocrx_word' id='word_1_283' title='bbox 166 3628 175 3660; x_wconf 92' lang='lat'><strong>,</strong></span> <span class='ocrx_word' id='word_1_284' title='bbox 185 3587 403 3664; x_wconf 75' lang='lat' dir='ltr'><strong>e&#39;sssssmplum</strong></span> <span class='ocrx_word' id='word_1_285' title='bbox 413 3594 567 3664; x_wconf 78' lang='lat' dir='ltr'><strong>preposita</strong></span> <span class='ocrx_word' id='word_1_286' title='bbox 579 3590 811 3652; x_wconf 79' lang='lat' dir='ltr'><strong>adolescentibus</strong></span> <span class='ocrx_word' id='word_1_287' title='bbox 823 3590 965 3667; x_wconf 72' lang='lat' dir='ltr'><strong>Boscon,</strong></span> <span class='ocrx_word' id='word_1_288' title='bbox 974 3594 1117 3663; x_wconf 73' lang='lat' dir='ltr'><strong>lanarum</strong></span> <span class='ocrx_word' id='word_1_289' title='bbox 1132 3594 1297 3653; x_wconf 71' lang='lat' dir='ltr'><strong>tatarorum</strong></span> 
     </span>
     <span class='ocr_line' id='line_1_31' title="bbox 73 3699 1294 3789; baseline 0.01 -32"><span class='ocrx_word' id='word_1_290' title='bbox 73 3700 229 3777; x_wconf 79' lang='lat' dir='ltr'><strong>studiosis,</strong></span> <span class='ocrx_word' id='word_1_291' title='bbox 251 3701 384 3777; x_wconf 85' lang='lat' dir='ltr'><strong>unioam,</strong></span> <span class='ocrx_word' id='word_1_292' title='bbox 404 3702 452 3761; x_wconf 91' lang='lat' dir='ltr'><strong>oui</strong></span> <span class='ocrx_word' id='word_1_293' title='bbox 470 3699 602 3781; x_wconf 86' lang='lat' dir='ltr'><strong>equidem</strong></span> <span class='ocrx_word' id='word_1_294' title='bbox 619 3703 753 3766; x_wconf 88' lang='lat' dir='ltr'><strong>interesse</strong></span> <span class='ocrx_word' id='word_1_295' title='bbox 771 3707 863 3788; x_wconf 80' lang='lat' dir='ltr'><strong>potui.</strong></span> <span class='ocrx_word' id='word_1_296' title='bbox 900 3707 963 3783; x_wconf 89' lang='lat' dir='ltr'><strong>Qua</strong></span> <span class='ocrx_word' id='word_1_297' title='bbox 982 3707 1020 3768; x_wconf 90' lang='lat' dir='ltr'><strong>ad</strong></span> <span class='ocrx_word' id='word_1_298' title='bbox 1038 3706 1125 3766; x_wconf 85' lang='lat' dir='ltr'><strong>finem</strong></span> <span class='ocrx_word' id='word_1_299' title='bbox 1142 3707 1294 3789; x_wconf 89' lang='lat' dir='ltr'><strong>perducta,</strong></span> 
     </span>
     <span class='ocr_line' id='line_1_32' title="bbox 73 3811 1296 3900; baseline 0.007 -26"><span class='ocrx_word' id='word_1_300' title='bbox 73 3811 188 3874; x_wconf 88' lang='lat' dir='ltr'><strong>domum</strong></span> <span class='ocrx_word' id='word_1_301' title='bbox 210 3813 339 3875; x_wconf 86' lang='lat' dir='ltr'><strong>redibam</strong></span> <span class='ocrx_word' id='word_1_302' title='bbox 352 3837 418 3876; x_wconf 88' lang='lat' dir='ltr'><strong>eum</strong></span> <span class='ocrx_word' id='word_1_303' title='bbox 440 3817 539 3878; x_wconf 85' lang='lat' dir='ltr'><strong>amicis</strong></span> <span class='ocrx_word' id='word_1_304' title='bbox 559 3831 589 3877; x_wconf 92' lang='lat' dir='ltr'><strong>et</strong></span> <span class='ocrx_word' id='word_1_305' title='bbox 612 3817 678 3879; x_wconf 88' lang='lat' dir='ltr'><strong>aliis</strong></span> <span class='ocrx_word' id='word_1_306' title='bbox 704 3821 773 3881; x_wconf 86' lang='lat' dir='ltr'><strong>item</strong></span> <span class='ocrx_word' id='word_1_307' title='bbox 794 3822 961 3900; x_wconf 86' lang='lat' dir='ltr'><strong>juvenibus.</strong></span> <span class='ocrx_word' id='word_1_308' title='bbox 997 3821 1065 3882; x_wconf 84' lang='lat' dir='ltr'><strong>Erat</strong></span> <span class='ocrx_word' id='word_1_309' title='bbox 1090 3835 1185 3882; x_wconf 88' lang='lat' dir='ltr'><strong>antem</strong></span> <span class='ocrx_word' id='word_1_310' title='bbox 1201 3823 1236 3882; x_wconf 90' lang='lat' dir='ltr'><strong>in</strong></span> <span class='ocrx_word' id='word_1_311' title='bbox 1259 3822 1296 3883; x_wconf 83' lang='lat' dir='ltr'><strong>iis</strong></span> 
     </span>
     <span class='ocr_line' id='line_1_33' title="bbox 73 3918 1293 4015; baseline 0.009 -27"><span class='ocrx_word' id='word_1_312' title='bbox 73 3928 269 4008; x_wconf 88' lang='lat' dir='ltr'><strong>nescioquis,</strong></span> <span class='ocrx_word' id='word_1_313' title='bbox 295 3918 352 3991; x_wconf 87' lang='lat' dir='ltr'><strong>sed</strong></span> <span class='ocrx_word' id='word_1_314' title='bbox 367 3952 420 3993; x_wconf 87' lang='lat' dir='ltr'><strong>nec</strong></span> <span class='ocrx_word' id='word_1_315' title='bbox 444 3931 545 3992; x_wconf 90' lang='lat' dir='ltr'><strong>doctus</strong></span> <span class='ocrx_word' id='word_1_316' title='bbox 569 3953 622 3992; x_wconf 88' lang='lat' dir='ltr'><strong>nec</strong></span> <span class='ocrx_word' id='word_1_317' title='bbox 646 3932 794 3995; x_wconf 71' lang='lat' dir='ltr'><strong>doctrinm</strong></span> <span class='ocrx_word' id='word_1_318' title='bbox 821 3936 981 4011; x_wconf 87' lang='lat' dir='ltr'><strong>studiosus,</strong></span> <span class='ocrx_word' id='word_1_319' title='bbox 1004 3956 1175 4015; x_wconf 87' lang='lat' dir='ltr'><strong>quamquam</strong></span> <span class='ocrx_word' id='word_1_320' title='bbox 1197 3936 1293 3999; x_wconf 82' lang='lat' dir='ltr'><strong>bonus</strong></span> 
     </span>
     <span class='ocr_line' id='line_1_34' title="bbox 73 4043 1296 4131; baseline 0.01 -30"><span class='ocrx_word' id='word_1_321' title='bbox 73 4044 175 4117; x_wconf 89' lang='lat' dir='ltr'><strong>homo,</strong></span> <span class='ocrx_word' id='word_1_322' title='bbox 189 4043 288 4103; x_wconf 86' lang='lat' dir='ltr'><strong>saltem</strong></span> <span class='ocrx_word' id='word_1_323' title='bbox 304 4060 425 4126; x_wconf 79' lang='lat' dir='ltr'><strong>apertus.</strong></span> <span class='ocrx_word' id='word_1_324' title='bbox 447 4045 502 4106; x_wconf 86' lang='lat' dir='ltr'><strong>Hie</strong></span> <span class='ocrx_word' id='word_1_325' title='bbox 517 4048 615 4107; x_wconf 90' lang='lat' dir='ltr'><strong>mirari</strong></span> <span class='ocrx_word' id='word_1_326' title='bbox 631 4068 661 4108; x_wconf 89' lang='lat' dir='ltr'><strong>se</strong></span> <span class='ocrx_word' id='word_1_327' title='bbox 675 4048 896 4130; x_wconf 88' lang='lat' dir='ltr'><strong>dicebat,quod</strong></span> <span class='ocrx_word' id='word_1_328' title='bbox 912 4051 966 4111; x_wconf 87' lang='lat' dir='ltr'><strong>bac</strong></span> <span class='ocrx_word' id='word_1_329' title='bbox 985 4051 1047 4131; x_wconf 85' lang='lat' dir='ltr'><strong>ipsa</strong></span> <span class='ocrx_word' id='word_1_330' title='bbox 1065 4050 1137 4110; x_wconf 88' lang='lat' dir='ltr'><strong>hora</strong></span> <span class='ocrx_word' id='word_1_331' title='bbox 1154 4050 1211 4111; x_wconf 84' lang='lat' dir='ltr'><strong>sibi</strong></span> <span class='ocrx_word' id='word_1_332' title='bbox 1222 4052 1296 4113; x_wconf 84' lang='lat' dir='ltr'><strong>acei-</strong></span> 
     </span>
     <span class='ocr_line' id='line_1_35' title="bbox 71 4157 1297 4228; baseline 0.007 -11"><span class='ocrx_word' id='word_1_333' title='bbox 71 4157 168 4225; x_wconf 84' lang='lat' dir='ltr'><strong>disset.</strong></span> <span class='ocrx_word' id='word_1_334' title='bbox 197 4159 268 4219; x_wconf 86' lang='lat' dir='ltr'><strong>Nam</strong></span> <span class='ocrx_word' id='word_1_335' title='bbox 287 4160 359 4220; x_wconf 86' lang='lat' dir='ltr'><strong>forte</strong></span> <span class='ocrx_word' id='word_1_336' title='bbox 376 4175 404 4221; x_wconf 89' lang='lat' dir='ltr'><strong>et</strong></span> <span class='ocrx_word' id='word_1_337' title='bbox 419 4182 486 4223; x_wconf 88' lang='lat' dir='ltr'><strong>casu</strong></span> <span class='ocrx_word' id='word_1_338' title='bbox 503 4181 534 4222; x_wconf 89' lang='lat' dir='ltr'><strong>se</strong></span> <span class='ocrx_word' id='word_1_339' title='bbox 559 4162 592 4221; x_wconf 91' lang='lat' dir='ltr'><strong>in</strong></span> <span class='ocrx_word' id='word_1_340' title='bbox 611 4161 787 4224; x_wconf 87' lang='lat' dir='ltr'><strong>auditorium</strong></span> <span class='ocrx_word' id='word_1_341' title='bbox 807 4167 934 4228; x_wconf 88' lang='lat' dir='ltr'><strong>venisse:</strong></span> <span class='ocrx_word' id='word_1_342' title='bbox 955 4162 1035 4225; x_wconf 88' lang='lat' dir='ltr'><strong>baud</strong></span> <span class='ocrx_word' id='word_1_343' title='bbox 1054 4165 1122 4225; x_wconf 84' lang='lat' dir='ltr'><strong>satis</strong></span> <span class='ocrx_word' id='word_1_344' title='bbox 1140 4166 1219 4225; x_wconf 88' lang='lat' dir='ltr'><strong>enirn</strong></span> <span class='ocrx_word' id='word_1_345' title='bbox 1236 4166 1297 4226; x_wconf 86' lang='lat' dir='ltr'><strong>La·</strong></span> 
     </span>
     <span class='ocr_line' id='line_1_36' title="bbox 71 4273 1297 4362; baseline 0.007 -30"><span class='ocrx_word' id='word_1_346' title='bbox 71 4273 132 4333; x_wconf 86' lang='lat' dir='ltr'><strong>tine</strong></span> <span class='ocrx_word' id='word_1_347' title='bbox 155 4273 245 4351; x_wconf 88' lang='lat' dir='ltr'><strong>seire,</strong></span> <span class='ocrx_word' id='word_1_348' title='bbox 275 4288 306 4334; x_wconf 88' lang='lat' dir='ltr'><strong>ut</strong></span> <span class='ocrx_word' id='word_1_349' title='bbox 329 4274 427 4336; x_wconf 86' lang='lat' dir='ltr'><strong>doctos</strong></span> <span class='ocrx_word' id='word_1_350' title='bbox 447 4277 514 4339; x_wconf 89' lang='lat' dir='ltr'><strong>illes</strong></span> <span class='ocrx_word' id='word_1_351' title='bbox 538 4277 615 4339; x_wconf 87' lang='lat' dir='ltr'><strong>viros</strong></span> <span class='ocrx_word' id='word_1_352' title='bbox 639 4277 835 4359; x_wconf 78' lang='lat' dir='ltr'><strong>intelligeret:</strong></span> <span class='ocrx_word' id='word_1_353' title='bbox 861 4280 996 4343; x_wconf 85' lang='lat' dir='ltr'><strong>mansisse</strong></span> <span class='ocrx_word' id='word_1_354' title='bbox 1019 4293 1114 4341; x_wconf 88' lang='lat' dir='ltr'><strong>temen</strong></span> <span class='ocrx_word' id='word_1_355' title='bbox 1142 4299 1194 4362; x_wconf 87' lang='lat' dir='ltr'><strong>per</strong></span> <span class='ocrx_word' id='word_1_356' title='bbox 1222 4278 1297 4341; x_wconf 74' lang='lat' dir='ltr'><strong>dass</strong></span> 
     </span>
     <span class='ocr_line' id='line_1_37' title="bbox 70 4370 1300 4475; baseline 0.009 -29"><span class='ocrx_word' id='word_1_357' title='bbox 70 4386 155 4451; x_wconf 85' lang='lat' dir='ltr'><strong>boras</strong></span> <span class='ocrx_word' id='word_1_358' title='bbox 171 4389 324 4471; x_wconf 60' lang='lat' dir='ltr'><strong>eminuas</strong></span> <span class='ocrx_word' id='word_1_359' title='bbox 342 4390 487 4452; x_wconf 88' lang='lat' dir='ltr'><strong>immotum</strong></span> <span class='ocrx_word' id='word_1_360' title='bbox 505 4391 583 4454; x_wconf 84' lang='lat' dir='ltr'><strong>iere:</strong></span> <span class='ocrx_word' id='word_1_361' title='bbox 604 4390 783 4455; x_wconf 80' lang='lat' dir='ltr'><strong>intellexisse</strong></span> <span class='ocrx_word' id='word_1_362' title='bbox 801 4398 880 4459; x_wconf 85' lang='lat' dir='ltr'><strong>enirn</strong></span> <span class='ocrx_word' id='word_1_363' title='bbox 897 4393 1069 4458; x_wconf 74' lang='lat' dir='ltr'><strong>verbotenus</strong></span> <span class='ocrx_word' id='word_1_364' title='bbox 1086 4394 1200 4470; x_wconf 87' lang='lat' dir='ltr'><strong>omnin,</strong></span> <span class='ocrx_word' id='word_1_365' title='bbox 1220 4370 1300 4475; x_wconf 24' lang='lat' dir='ltr'><strong>quael</strong></span> 
     </span>
    </p>
   </div>
   <div class='ocr_carea' id='block_1_3' title="bbox 0 0 1402 5048">
    <p class='ocr_par' dir='ltr' id='par_1_12' title="bbox 0 0 1402 5048">
     <span class='ocr_line' id='line_1_38' title="bbox 0 0 1402 5048; baseline 0 0"><span class='ocrx_word' id='word_1_366' title='bbox 0 0 1402 5048; x_wconf 95' lang='lat' dir='ltr'><strong> </strong></span> 
     </span>
    </p>
   </div>
  </div>
 </body>
</html>
