2774 5048
624 239 682 299 269
976 264 990 295 a

64 407 183 480 doctores,
214 410 334 485 poetae,
361 424 434 482 quae
459 402 507 462 rel
535 403 653 481 ingenio
674 415 865 482 conceperant
891 400 938 461 rel
968 401 1063 461 animo
1083 406 1264 480 sentiebant,

63 506 237 583 saporando
255 503 438 584 potissimum
457 508 524 561 c'um
542 499 712 579 aequalibus
736 512 763 559 et
784 499 905 580 posteris
923 501 1181 563 communicarunt.
1210 504 1267 594 Sqd

64 603 312 664 adinveniendum
332 603 418 661 etiam
438 620 609 680 magnopere
639 597 716 658 valet
745 597 937 678 comparatio:
967 599 1046 677 quod
1066 614 1098 659 ut
1124 599 1267 662 Socratica
1327 592 1346 647 '³-

64 701 232 763 etPlatonica
251 699 403 760 dialectica
423 698 544 780 probat,
574 699 614 757 ita
633 697 742 756 illustri
770 717 838 755 sane
861 693 1033 757 documento
1058 712 1086 758 et
1110 700 1213 780 probat
1239 714 1267 761 et

64 799 164 859 dutrat
189 799 337 880 analytica
363 812 459 857 nostra
485 796 685 867 arithmetica,
711 815 796 873 quam
824 790 978 875 olgebron'a
1006 795 1129 856 solemus
1153 820 1264 860 vocare.

65 898 156 965 (nnat
171 897 244 957 haec
262 910 324 981 totg
345 894 565 975 aequationibus
584 895 654 964 sire⁸
665 891 946 972 comparationibus,
976 893 1082 972 quihus
1101 895 1207 976 plane,
1234 911 1265 957 ut

68 995 238 1055 hSocratica
257 993 441 1072 disquirendi
461 993 526 1067 via,
546 1014 561 1050 a
580 992 656 1050 notis
675 991 712 1051 ad
731 993 828 1071 ignota
848 990 1064 1070 progredimur:
1084 1008 1181 1074 estque
1199 997 1267 1073 illa,
1337 1066 1345 1079 ..

69 1110 109 1163 μ,
122 1093 235 1173 analysi
253 1095 427 1168 conjuncta,
455 1112 524 1152 rero
548 1089 664 1149 nomine
691 1088 818 1150 dicenda
838 1098 1023 1148 inventionis
1041 1093 1215 1172 disciplina.
1239 1095 1269 1177 l)

70 1190 225 1272 ltprofecto
245 1191 284 1249 ita
305 1189 420 1249 demum
449 1190 600 1269 geometria
620 1202 648 1248 et
668 1190 840 1247 astronomia
867 1188 1026 1269 stupendos
1053 1190 1121 1251 illos
1147 1197 1270 1255 saeculis

55 1264 152 1355 'licimo
178 1296 259 1349 sexto
280 1302 309 1346 et
328 1288 448 1368 septimo
472 1307 635 1369 progressus
654 1287 804 1360 fecerunt,
826 1299 977 1366 postquam
995 1288 1065 1347 haec
1084 1292 1270 1373 comparandi

62 1386 276 1477 threniendique
295 1386 461 1468 disciplina
491 1406 558 1445 cum
576 1385 638 1445 illis
656 1385 795 1464 conjungi
815 1399 914 1466 coepta
934 1399 992 1445 est:
1019 1387 1077 1448 imo
1098 1411 1166 1451 vero
1185 1391 1273 1470 hujus

65 1485 183 1565 apsillae
204 1485 241 1544 ad
260 1484 454 1550 inveniendas
474 1483 577 1544 mundi
598 1484 713 1564 physici
736 1483 812 1563 leges
838 1483 1013 1547 valuerunt:
1044 1500 1075 1546 ut
1097 1507 1163 1547 vere
1189 1491 1273 1567 nohis

65 1586 247 1662 pronunciasse
283 1583 454 1656 videamur,
483 1583 508 1641 si
535 1581 715 1655 dixerimus,
746 1583 920 1660 etantiqua
941 1604 1012 1643 aevo
1031 1605 1083 1665 per
1100 1570 1274 1648 Socraticam

66 1698 91 1745 tc
110 1681 283 1742 Platonicam
312 1680 480 1740 methodum
509 1680 669 1755 moralem,
697 1693 725 1740 et
752 1681 910 1739 recentiore
936 1682 1045 1761 pariter
1061 1704 1113 1763 per
1128 1685 1274 1767 algebram

61 1780 199 1858 muna
220 1780 362 1840 mundum
377 1801 393 1837 a
409 1777 589 1860 philosophis
606 1791 634 1837 et
650 1776 780 1858 physicis
799 1779 942 1837 reclusum
962 1800 1030 1839 esse.

76 1874 132 1959 ¹,Sic
148 1878 228 1940 valet
248 1878 287 1939 ad
306 1879 521 1964 inveniendum
539 1877 719 1959 potissimum
739 1875 891 1935 dialectica
911 1876 1049 1938 Platonis.
1091 1881 1153 1955 Qua
1177 1884 1210 1943 in
1229 1905 1274 1958 re,

69 1978 134 2035 inex
151 1977 198 2035 his
217 1977 352 2037 omnibus
368 1989 466 2058 patet,
492 1974 676 2056 quaerendo,
703 1974 906 2054 investigando
926 1988 955 2033 et
975 1997 1041 2055 yero
1060 1981 1274 2061 comparando,

67 2074 171 2137 mnium
192 2089 286 2134 autem
302 2076 427 2133 maxime
447 2077 590 2132 cernendi
599 2075 813 2153 jungendique
832 2072 928 2132 studio
951 2094 983 2131 ac
1012 2074 1165 2155 diligantid
1183 2080 1275 2160 profi-

66 2168 143 2233 ciuos.
171 2175 222 2233 Uti
241 2187 335 2232 autem
355 2173 408 2232 hoc
429 2173 488 2253 ipse
509 2174 658 2255 perspexit
684 2170 892 2253 philosophus,
914 2172 972 2246 ita,
992 2172 1064 2252 quid
1084 2175 1121 2234 sit
1139 2184 1276 2239 invenire

66 2272 330 2349 thucmadmodum
346 2285 428 2353 parta
452 2273 513 2331 sint
526 2273 691 2351 gravissima
719 2272 861 2345 invento,
889 2269 925 2330 de
944 2271 1087 2332 industria
1109 2276 1275 2355 exquisivit.

69 2366 136 2445 Quod
154 2392 190 2430 cx
210 2373 271 2448 ejus
288 2370 412 2429 Philebo
430 2390 531 2451 operae
549 2371 673 2450 pretium
692 2384 733 2429 est
752 2391 930 2450 cognoscere.
1238 2378 1241 2383 ‘

68 2502 71 2507 ·
95 2472 295 2549 Argumentum
309 2469 397 2546 hujus
415 2463 523 2547 dialogi
541 2469 675 2548 proprie,
692 2480 724 2527 ut
739 2468 825 2548 vulgo
835 2467 955 2536 ¹dicitur
963 2512 972 2541 ,
988 2469 1214 2550 metaphysicum
1225 2489 1276 2535 est.

65 2558 184 2627 Sublimis
204 2566 333 2626 exstabat
352 2567 385 2624 in
405 2564 530 2626 Philolai
548 2566 663 2645 scriptis
682 2568 843 2627 sententia:
864 2558 940 2639 θεός
959 2589 1003 2639 τις
1016 2561 1136 2640 ἀπέδεξε
1152 2567 1189 2632 cd
1204 2568 1276 2635 ἀπέ-

65 2682 163 2741 ραντον,
184 2658 222 2725 rei
242 2659 335 2746 πέρας
355 2661 404 2724 καὶ
425 2657 655 2744 συγκεχυμένον·
677 2670 750 2726 deus
770 2668 885 2745 aliquis
904 2680 1148 2730 commonstravit
1166 2678 1276 2752 infini-

69 2770 138 2841 tam,
159 2769 293 2846 finitum
313 2777 343 2826 ot
362 2775 502 2826 mistum.
533 2764 561 2847 l)
585 2767 650 2826 Non
677 2767 772 2846 potuit
791 2764 860 2824 haec
890 2786 950 2825 non
980 2765 1129 2827 advertere
1149 2771 1278 2833 Platonis

65 2879 171 2925 nentem
184 2911 196 2956 ,x
221 2887 265 2925 res
286 2886 385 2925 omnes
408 2866 467 2939 sic,
496 2878 529 2923 ut
557 2864 704 2939 vidimus,
731 2877 943 2938 secernentem,
973 2865 1175 2948 cernendoque
1201 2869 1277 2929 defi-

65 2962 175 3022 nientem
193 2979 221 3023 et
241 2965 417 3045 sapientem,
449 2984 506 3043 quo
524 2962 580 3022 sibi
599 2964 685 3022 unice
704 2961 858 3021 videbatur
886 2962 1033 3022 veritatem
1052 2985 1134 3044 posse
1153 2972 1275 3049 assequi.

66 3052 116 3133 Quo
136 3062 220 3121 facile
242 3060 458 3136 adducebatur,
488 3075 538 3136 ut,
568 3061 646 3140 quod
662 3062 753 3143 ipsius
782 3061 886 3119 inesset
907 3061 1043 3140 ingenio,
1062 3063 1093 3122 id
1121 3065 1153 3126 in
1180 3090 1276 3129 rerum

68 3171 182 3219 naturam
204 3161 390 3220 transferret:
421 3161 517 3241 prouti
548 3181 599 3219 suo
625 3159 710 3243 nobis
735 3148 798 3219 loco
818 3158 938 3238 patebit.
966 3156 997 3236 2)
1023 3161 1107 3222 Nunc
1125 3166 1275 3227 exordium

67 3270 205 3335 pectamm
223 3258 349 3339 dialogi,
371 3259 478 3340 quippe
499 3259 684 3318 dialecticum
704 3271 731 3317 et
752 3258 821 3317 artis
839 3258 911 3317 adeo
929 3258 1074 3337 fastigium
1094 3263 1178 3324 nohis
1198 3264 1274 3326 indi·

67 3368 136 3432 etus,
154 3365 366 3417 inventionem.
412 3378 425 3410 o
437 3358 489 3417 Est
507 3358 596 3432 haec,
623 3359 663 3418 ait
681 3356 827 3429 Socrates,
847 3377 981 3436 perversa
1006 3357 1157 3420 'hominum
1186 3366 1275 3441 ratio,

71 3462 95 3509 rt
111 3476 199 3516 unum
228 3470 340 3547 ponant
368 3470 396 3515 et
421 3458 538 3529 multo,
569 3477 629 3515 non
656 3476 724 3516 vero
744 3455 942 3534 distinguant,
969 3465 1039 3533 quot
1062 3457 1121 3516 sint
1147 3481 1275 3521 numero.

70 3544 116 3610 Ποῦ
141 3555 308 3615 dialecticae
330 3569 390 3630 est,
419 3554 497 3613 illud
517 3554 662 3613 eristicae:
692 3552 771 3612 unde
792 3552 918 3632 pueriles
938 3553 1080 3611 exsistunt
1098 3553 1275 3635 litigantium

70 3655 257 3714 ontenriones.
298 3653 427 3729 Quodsi,
452 3654 586 3733 germanh
612 3653 654 3710 usi
674 3651 843 3724 dialectica,
872 3665 949 3709 recte
968 3650 1146 3730 distinguere
1165 3651 1275 3715 didice-

66 3720 155 3831 ⁸htrrrrs,
179 3765 240 3811 tum
260 3751 376 3812 demum
395 3766 423 3811 et
442 3752 584 3811 cristinam
608 3751 704 3832 pueris
724 3749 939 3829 relinquemus,
966 3763 994 3808 et
1021 3750 1077 3831 ipsi
1097 3772 1161 3810 curu
1188 3754 1274 3814 inve-

69 3854 303 3881 χ-...ῄ

85 3918 113 3987 4)
127 3926 201 3979 vider.
229 3927 319 3978 Euleri
341 3929 415 3978 initio
437 3927 559 3995 metrae.
589 3925 619 3977 11.
642 3925 667 3976 1.
689 3924 791 3976 Nullum
809 3924 885 3977 lacile
904 3925 930 3975 in
949 3924 1000 3976 hoc
1018 3942 1116 3995 genere
1132 3943 1198 3994 opos
1216 3946 1274 3982 rna-

62 3998 131 4074 llllm
158 4033 192 4091 et
209 4024 401 4091 perspicuitatis
428 4031 454 4074 et
473 4021 645 4089 philosophae
674 4005 820 4094 ἀκριβείας
848 4020 951 4072 laudem
979 4021 1063 4093 hahet.
1108 4023 1274 4077 Memorabile

64 4108 126 4167 ctiam
153 4127 209 4181 est,
242 4117 311 4184 quod
342 4133 434 4168 recens
461 4115 574 4182 prodiit,
600 4118 687 4167 Moliri
709 4116 843 4182 scriptum:
871 4118 911 4167 die
927 4116 1035 4184 Alqebro
1053 4119 1080 4168 ia
1099 4118 1273 4171 bmristisclrer

58 4183 163 4255 Methone.
181 4203 316 4254 Eisenoch.
336 4201 410 4253 1837.

91 4280 112 4348 2)
127 4289 218 4341 Phileb.
236 4286 278 4340 23.
300 4288 328 4339 0.

90 4366 112 4434 3)
127 4375 184 4427 lluo
206 4375 348 4426 haedere
366 4384 424 4426 ante
442 4375 490 4427 hos
507 4390 605 4443 paucos
622 4390 703 4427 annos
719 4361 851 4442 praeclaro
865 4375 1015 4445 prodierunt
1035 4378 1145 4445 scripta,
1165 4377 1271 4428 alterurn

55 4438 191 4525 Platorem,
213 4468 320 4512 auctore
336 4461 470 4525 licentiato,
486 4461 593 4513 alterurn
603 4460 759 4513 Stollhouars'a'
770 4463 797 4512 in
811 4461 926 4514 Platonis
942 4462 1066 4513 Philebum
1081 4465 1270 4515 commentatio.
