2774 5048
670 112 730 171 280

82 274 186 335 ordine
203 272 342 357 disponas
359 287 446 353 atque
461 274 610 356 explices,
627 271 707 353 quod
727 273 796 332 fecit
816 272 984 333 Aristoteles
1002 271 1035 331 in
1053 271 1219 352 primariis,
1234 292 1299 350 qnos

83 373 318 448 memoravimus,
338 373 376 435 de
403 374 556 433 rhetorico
581 372 684 448 libris,
706 386 769 433 tum
788 373 894 447 etiam,
911 369 991 450 quod
1011 369 1089 430 idem
1108 370 1143 430 in
1172 368 1295 452 Orpsao,

82 471 322 550 quemadmodum
342 470 553 551 perficiendum
573 484 665 546 esset,
693 469 923 546 demonstravit,
943 469 981 529 ab
1005 469 1148 529 inanibus
1176 468 1293 529 adveru-

82 570 189 628 riorum
208 570 447 630 cavillationibus
464 582 542 628 recte
562 569 705 628 vindices.
748 568 796 627 Sic
824 590 874 628 sua
897 570 1003 647 cuique
1030 569 1116 628 aetati
1146 581 1188 655 est
1214 566 1292 628 diale-

82 667 173 726 cticae
192 667 361 742 methodus,
382 688 436 726 nec
455 668 594 726 minorem
621 666 709 726 habet
733 668 918 727 Aristotelica
943 667 1034 741 ratio,
1054 686 1142 745 quam
1168 664 1291 726 Socraties
1333 698 1337 739 .=

83 778 133 823 aut
152 765 319 838 Platonica,
348 764 386 824 ad
416 765 577 826 excolenda
607 766 724 845 ingenia
752 767 812 827 vim
840 779 868 825 et
896 765 1154 848 opportunitatem
1201 762 1290 837 Quu-

84 861 183 921 obrem
201 875 314 922 tantum
332 862 430 937 abest,
453 877 485 922 ut
503 863 667 944 spernenda
696 865 732 923 sit
761 864 938 944 syllogistica
961 861 1144 936 Aristotelis,
1173 872 1222 936 nt,
1247 882 1302 949 nou¹
1333 850 1336 861 ¹

84 961 152 1020 satis
171 980 240 1019 eam·
251 960 481 1042 provectioribus
494 962 660 1040 juventutis
679 960 783 1022 studiis
799 963 832 1021 in
852 961 1015 1022 academiis
1032 958 1169 1019 adhiberi
1177 1004 1186 1034 ,
1206 957 1291 1019 dolen·

84 1057 153 1117 dum
173 1058 317 1119 videatur.
332 1056 361 1137 1)
381 1059 453 1118 Nam
473 1059 497 1118 si
512 1058 585 1139 quid
596 1059 633 1120 ad
652 1074 784 1120 accurate
794 1058 913 1121 dicendi
932 1055 1139 1137 scribendique
1147 1057 1290 1117 uenata

82 1156 260 1233 acuendam,
281 1155 319 1216 ad
339 1155 481 1217 firmanda
508 1158 776 1238 corroborandaque
796 1159 934 1239 ingenia,
962 1157 1001 1218 ad
1027 1174 1158 1215 caussam
1183 1154 1290 1217 verium
1335 1212 1337 1217 .

82 1254 198 1316 naviter
214 1255 456 1337 propugnandam
476 1256 571 1317 valet:
603 1257 702 1318 valent
725 1278 759 1318 eo
777 1258 809 1317 in
829 1258 930 1338 primis
957 1255 1015 1316 hae
1038 1253 1209 1315 dialecticae
1230 1274 1288 1313 eru·

82 1353 245 1413 citationes.
271 1353 329 1415 Sed
338 1353 422 1414 abusi
432 1368 500 1414 sunt
508 1354 685 1435 syllogistica
702 1356 888 1438 philosophi,
909 1354 1053 1434 indeque,
1076 1366 1107 1413 ut
1121 1353 1184 1431 jam
1201 1349 1289 1431 alique

80 1451 135 1510 ties
152 1453 332 1527 monuimus,
352 1472 493 1511 summum
509 1455 587 1534 cepit
603 1454 790 1535 philosophia
811 1454 1025 1514 detrimentum.
1065 1451 1116 1526 Si,
1136 1448 1216 1530 quod
1230 1468 1288 1530 pnt-

4 1568 9 1577 ·
81 1549 158 1630 cepit
186 1549 355 1610 Aristotcles
380 1551 553 1631 faciuntque
578 1552 792 1629 mathematici,
823 1573 855 1612 ea
884 1552 938 1612 hac
959 1549 1095 1611 methodo
1119 1559 1289 1630 exponeret

82 1645 277 1727 demonstrare
307 1648 504 1725 studuissent,
524 1671 598 1729 quae
617 1650 667 1711 vel
688 1671 756 1712 vera
775 1650 823 1712 vel
842 1662 919 1709 certe
937 1650 970 1708 in
989 1649 1092 1730 primis
1108 1645 1253 1708 evidentia
1266 1662 1288 1703 ar
1327 1632 1330 1639 ¹

80 1744 246 1826 probabilia
267 1761 379 1822 essent,
400 1748 506 1828 optime
532 1749 628 1808 meriti
657 1748 695 1809 de
721 1748 906 1830 philosophia
933 1747 1069 1806 fuissent.
1110 1745 1196 1805 Nunc
1222 1762 1289 1827 verr,

80 1841 159 1923 quod
175 1858 204 1903 et
221 1842 310 1904 Stoici
331 1858 359 1904 et
377 1843 548 1905 Scholastici
566 1847 691 1905 maxime
709 1846 805 1906 medio
824 1865 896 1906 aevo
914 1846 1047 1904 lecerunt
1056 1888 1065 1919 ‚
1086 1857 1193 1903 temere
1211 1858 1290 1925 potet

81 1954 150 2000 runt
177 1962 365 2021 quaeeunque
376 1988 386 2018 ,
416 1944 477 2025 sive
504 1965 590 2018 vera,
616 1946 677 2006 sive
706 1944 798 2019 falsa,
818 1963 959 2004 assumere
986 1941 1124 2018 lubebat,
1159 1941 1218 2000 imo
1240 1956 1292 2000 tert

79 2039 153 2099 falsa
171 2061 391 2120 ponere,=quae
409 2041 657 2117 demonstrarent,
677 2042 842 2119 malebant,
867 2062 926 2121 quo
956 2042 1091 2119 majorem
1119 2039 1233 2099 scilicet
1255 2037 1292 2095 iu·

83 2138 162 2217 genii
181 2137 298 2197 laudem
316 2159 348 2197 ac
370 2139 491 2219 gloriam
509 2154 655 2220 caperent.

123 2236 194 2294 Cum
226 2256 294 2295 vero
314 2236 385 2297 haec
413 2237 451 2296 sit
473 2238 560 2297 trium
588 2238 706 2297 illarum
734 2237 932 2298 methodorum
961 2249 1066 2297 natura
1093 2249 1123 2295 et
1150 2234 1242 2308 ratio,
1265 2228 1293 2291 tlt
1335 2242 1337 2249 '

81 2352 179 2391 earum
194 2333 256 2410 jam
272 2353 357 2414 porro
375 2354 441 2393 cum
461 2355 535 2409 usu,
557 2349 619 2395 tum
640 2336 767 2397 utilitate
786 2334 978 2418 dispiciamus
996 2333 1186 2415 singulatim·
1204 2329 1294 2393 Valent

80 2444 202 2489 cunctae
220 2430 260 2491 ad
289 2432 521 2511 cognoscendum
549 2455 668 2511 verum,
699 2435 770 2509 sed,
800 2448 832 2494 ut
858 2433 1023 2494 Socraticae
1039 2446 1083 2493 est
1105 2431 1243 2506 rationis,
1264 2424 1294 2485 sl

78 2530 293 2589 inveniendum
310 2552 363 2589 nos
376 2550 586 2609 praeparare,
607 2533 824 2608 Aristotelicas,
844 2542 970 2592 invento
999 2534 1082 2591 nobis
1105 2528 1294 2608 persuadeat,

48 2634 54 2646 '
79 2627 120 2686 ita
139 2627 305 2688 Platonicae
320 2642 363 2689 est
382 2628 414 2687 id
437 2630 550 2710 ipsum,
570 2652 627 2711 quo
652 2631 777 2692 tetendit
804 2631 953 2706 Socrates,
983 2629 1120 2708 undeque
1140 2624 1293 2688 Aristotele·

78 2726 220 2806 profecit,
240 2732 379 2785 insanire
398 2749 515 2790 ewam.
556 2729 690 2812 Simplici
708 2729 761 2788 illa
785 2730 985 2811 interrogandi
1013 2725 1227 2789 consuetudine
1242 2742 1294 2807 pur·

78 2823 162 2902 gabat
181 2823 311 2884 Socrates
327 2824 511 2886 audientium
530 2828 639 2887 animos
664 2827 870 2910 praejudicatis
889 2826 1099 2908 opinionibus,
1121 2824 1295 2903 eliciebatqut

78 2934 107 2978 et
127 2921 272 2981 excitabat
291 2923 324 2982 in
347 2923 383 2982 iis
402 2938 431 2983 et
449 2924 577 2985 studium
602 2940 631 2985 et
651 2926 818 2985 facultatem
836 2925 1030 3001 inveniendi,
1052 2938 1084 2984 ut
1113 2931 1294 2993 niterentur,

78 3017 157 3097 quod
177 3016 320 3093 diximus,
340 3018 372 3100 2)
402 3022 555 3083 invenire:
579 3024 657 3084 uude
677 3038 752 3083 recte
772 3027 835 3102 ejus
854 3024 1013 3105 disciplina
1031 3015 1204 3103 μαιευταή,
1230 3014 1294 3099 ἕλη·

24 3119 27 3122 ’
76 3137 145 3196 χος,
166 3110 329 3199 κάθαρσις,
360 3112 500 3201 ἐπαγωγή
521 3136 648 3183 vocatur.
684 3123 883 3182 Aristotelicae
901 3143 968 3181 usus
985 3123 1164 3205 disciplinae
1182 3120 1293 3205 egregius
1335 3122 1337 3129 '

76 3220 144 3279 item
172 3234 240 3294 est,
270 3242 441 3301 quamquam
469 3222 616 3282 disemum
644 3221 823 3302 propositum
858 3219 973 3279 habet:
1013 3222 1143 3303 pertinet
1176 3220 1216 3281 ad
1240 3236 1292 3301 pu*

76 3318 258 3379 suadendum
278 3319 463 3395 hominibus,
493 3319 571 3398 quod
590 3319 744 3379 inventum
769 3331 828 3376 est:
852 3319 1003 3398 valuitque
1033 3321 1142 3380 iccirco
1166 3313 1291 3397 hujusit

77 3417 178 3496 primis
196 3418 271 3477 ratio
290 3418 329 3478 ad
350 3419 530 3497 eloquentiae
558 3416 738 3498 expleudum
758 3438 882 3492 munus,
912 3417 990 3495 quod
1019 3418 1223 3499 persuadendo
1245 3430 1289 3475 cet·

77 3515 166 3574 nitur.
215 3516 326 3590 Quodsi
346 3517 513 3578 methodum
542 3517 724 3595 quaerimus,
755 3536 811 3594 qua
839 3516 962 3575 maxime
981 3519 1023 3576 uti
1044 3516 1232 3599 philosophos
1249 3512 1289 3572 de·

76 3625 139 3687 cet,
167 3614 309 3692 siquidem
336 3636 476 3674 summum
502 3616 642 3694 attingere
662 3615 695 3673 in
717 3613 921 3699 philosophia,
952 3615 972 3673 i.
993 3636 1017 3675 e.
1039 3638 1145 3674 oerum
1165 3617 1198 3675 in
1222 3609 1288 3673 ΝΜ

75 3711 210 3770 omuibus
240 3713 351 3787 velint,
383 3727 424 3773 est
451 3735 518 3774 sane
549 3713 698 3772 Platonica
727 3712 863 3792 analysis.
919 3712 1056 3773 Inductio
1085 3715 1166 3773 enim
1194 3704 1287 3794 proptit

73 3823 115 3867 est
133 3809 172 3869 ad
192 3825 267 3870 recte
288 3811 363 3870 hanc
382 3811 593 3871 instituendam
613 3811 793 3892 praeparatio
813 3810 971 3889 quaedam3
992 3812 1174 3892 syllogistica
1193 3824 1285 3875 anun,

75 3920 107 3965 ut
129 3909 280 3988 synthesim
300 3911 393 3989 parit,
414 3910 455 3969 ita
483 3909 534 3968 sui
559 3910 621 3990 ipsa
652 3909 755 3968 naturai
784 3929 849 3968 cum
878 3909 988 3969 linibus
1008 3911 1096 3970 arctis
1125 3905 1285 3969 includitur

108 4130 134 4195 1)
152 4133 231 4186 Dolet
255 4137 396 4199 Haerentes,
417 4135 530 4204 quidque
548 4137 606 4204 ipse
622 4138 728 4200 juvenis
747 4137 786 4188 bis
809 4136 1038 4188 exercitationibus
1060 4136 1192 4199 debuerit,
1209 4134 1282 4186 factu

74 4220 186 4287 ingenue
206 4221 231 4271 in
247 4216 440 4291 elegantissima
459 4223 528 4272 vitae
549 4238 611 4274 suae
635 4223 822 4290 descriptione.
846 4223 917 4291 (Opp.
938 4223 957 4273 l.
974 4217 1027 4285 25.)

108 4301 135 4368 2)
154 4305 232 4356 Initio
256 4324 282 4373 p.
310 4306 372 4371 151,
389 4305 456 4371 243,
474 4305 532 4358 246.
757 4298 764 4305 ”
