2774 5048
623 244 682 305 tte

75 405 118 486 iper
140 406 277 467 cernendo
301 404 509 485 jungendoque
534 405 674 485 procedit.
716 407 774 467 Nos
805 404 836 465 id
861 406 1041 488 philosophis
1071 388 1274 492 peragendunl

73 503 248 584 relinquimus,
268 503 319 582 qui
343 503 490 583 prolecto,
510 524 568 581 quo
584 503 754 584 diligentius
772 504 848 564 hanc
874 506 1003 566 nativam
1030 506 1157 573 hominis
1180 510 1267 570 inve-

72 602 147 663 niendi
164 599 349 663 strationem
366 613 395 659 et
414 601 580 661 facultatem
599 601 833 683 exploraverint,
860 623 893 662 eo
910 602 1055 665 efficacius
1074 628 1128 668 nos
1144 629 1210 667 cum
1228 607 1266 667 ad

71 711 137 761 trun
153 698 364 782 explicandum
387 697 559 774 Philebum,
581 712 642 757 tum
671 698 709 758 ad
738 699 789 758 has
815 700 1046 780 interpretandis
1074 706 1203 767 Platonis
1229 705 1267 766 de

71 799 167 859 amicae
185 812 214 857 et
234 798 384 857 literarum
404 797 575 857 inventione
594 798 751 857 sententias
774 796 966 876 adjuvabunt.
1008 803 1100 875 Quam
1127 805 1204 863 enim
1222 806 1265 864 in·

70 896 157 957 hatum
184 917 244 957 esse
262 895 395 954 diximus
413 895 628 970 conditionem,
649 908 699 969 ut,
720 916 792 973 quae
812 897 882 976 ipsis
900 897 1025 977 primum
1042 901 1182 962 videntur
1200 924 1268 963 con·

70 994 127 1071 lua,
164 993 311 1055 cernendo
347 991 582 1073 numerandoque
615 992 746 1053 acoirate
776 1013 945 1073 cognoscere
970 995 1108 1072 discant,
1147 1001 1268 1065 eandem

72 1090 161 1177 lheuth
180 1092 227 1151 illi
246 1091 404 1173 Aegyptio,
424 1091 486 1151 sive
505 1091 673 1165 literarum,
702 1092 868 1170 quicunque
890 1093 1007 1153 tandem
1026 1095 1131 1171 fuerit,
1161 1100 1269 1159 inven-

72 1190 121 1265 hss,
145 1190 251 1249 tribuit
276 1189 368 1248 Plato.
410 1188 536 1247 Primum
565 1189 618 1250 ille
645 1190 676 1248 in
708 1188 826 1249 infinita
847 1189 899 1249 illa
927 1212 1060 1252 sonorum
1079 1196 1269 1258 multitudine

70 1298 94 1347 tt·
105 1289 235 1367 varietate
260 1307 326 1346 ctun
354 1286 467 1347 vocales
495 1285 640 1362 attendit,
670 1302 730 1346 turn
762 1308 920 1362 consonas,
946 1290 1015 1349 item
1041 1312 1112 1371 quas
1139 1315 1191 1353 nos
1219 1316 1269 1354 vo·

68 1404 113 1447 ttae
126 1399 216 1447 mutas
236 1385 334 1444 literas
360 1383 491 1445 solemus.
534 1385 608 1443 Tum
635 1406 776 1444 consonas
803 1397 831 1443 et
862 1398 973 1461 mutas,
995 1389 1157 1469 pariterque
1186 1413 1269 1453 voca-

68 1480 109 1559 ln,
125 1504 250 1564 quaeque
266 1482 378 1549 mediae
399 1484 558 1558 dicuntur,
577 1481 718 1543 discrevit
736 1503 751 1541 a
771 1484 958 1560 seinvicem,
978 1486 1071 1547 donec
1091 1488 1268 1569 singularum

66 1578 208 1659 iugulatim
228 1600 377 1641 numerum
405 1594 524 1656 nactus,
556 1582 701 1641 communi
731 1576 880 1641 universas
899 1586 1016 1644 nomine
1043 1587 1189 1648 eleneentc
1207 1590 1268 1649 sive

66 1676 150 1738 burae
166 1679 338 1761 appellavit.
378 1680 491 1773 Inque
517 1692 576 1739 toto
604 1679 719 1758 negotio
747 1697 829 1737 mens
849 1681 911 1757 ejus
937 1683 1083 1743 cernendo
1105 1687 1269 1768 jungendo·

65 1794 122 1853 que,
138 1779 255 1837 omnino
273 1777 452 1841 numerando
471 1777 651 1859 procedens,
679 1777 866 1836 inventorum
887 1781 1001 1861 peperit
1021 1781 1106 1862 longe
1125 1784 1270 1863 pulcerri-

64 1890 123 1935 Μ
137 1874 282 1937 scribendi
300 1896 352 1957 per
374 1875 472 1936 literas
490 1874 687 1958 alphabeticas
709 1876 858 1934 rationem.

186 2071 408 2152 Quatenus
435 2071 697 2144 Aristoteli,
727 2072 776 2129 od
805 2073 1128 2154 syllogisticum

237 2171 531 2246 tractandam,
563 2179 672 2228 aiom
702 2170 1064 2239 munivitPloto?

90 2363 159 2425 Haec
186 2366 294 2444 habui,
315 2387 390 2448 quae
413 2365 449 2427 de
469 2368 500 2427 vi
520 2378 549 2426 et
569 2366 697 2426 ubertate
725 2366 893 2427 dialecticae
921 2369 1105 2447 Platonicae,
1133 2392 1170 2431 ex
1199 2372 1269 2452 ipsis

63 2458 169 2525 Platonis
196 2467 332 2548 scriptis,
360 2467 393 2525 in
414 2467 507 2526 lucem
534 2466 711 2546 proferrem:
744 2465 822 2524 unde
852 2487 917 2526 cum
944 2467 1021 2543 alia,
1045 2490 1120 2550 quae
1147 2469 1185 2530 de
1213 2470 1268 2531 hac

62 2573 107 2621 ttte
121 2565 327 2645 pronunciavit
344 2564 552 2646 philosophus,
582 2563 811 2643 intelliguntur,
840 2577 902 2623 tum
930 2565 984 2625 hoc
1014 2569 1076 2644 eius
1105 2567 1268 2649 explicatur

62 2658 172 2723 filum:
200 2665 311 2723 doraum
330 2685 396 2722 eum
424 2685 484 2722 essa
503 2664 655 2721 divinitus
682 2663 722 2721 od
747 2663 883 2721 domines
910 2664 1063 2722 delutum:
1084 2685 1155 2722 ream
1182 2686 1269 2743 quoe·

61 2774 156 2837 unque
179 2763 220 2821 od
236 2774 320 2821 ortes
336 2770 495 2839 portinent
506 2806 515 2836 ,
536 2762 591 2819 hoc
621 2783 681 2820 esse
707 2767 841 2819 invento.
866 2757 895 2840 l)
936 2762 1044 2825 Novam
1073 2760 1182 2822 deinde
1211 2783 1268 2822 me·

61 2850 162 2921 llodum
180 2859 303 2920 induxit
321 2859 505 2934 Aristoteles,
526 2880 609 2939 quam
630 2859 691 2940 ipse
713 2852 932 2940 συλλογιστικήν
952 2859 1130 2941 appellavit:
1153 2854 1268 2938 eratqul

61 2946 130 3032 leto,
150 2972 181 3017 ut
197 2980 284 3040 supra
302 2959 485 3034 monuimus,
505 2972 564 3018 tota
583 2981 599 3018 a
618 2957 761 3021 Socratica
781 2974 809 3019 et
828 2961 976 3021 Platonica
996 2958 1134 3031 diversa,
1161 2959 1269 3039 quippe

61 3048 296 3135 adprobandum,
317 3056 394 3137 quod
420 3058 543 3138 positum
572 3071 731 3132 erat,1ron
753 3059 790 3120 ad
817 3057 1047 3131 inveniendum,
1077 3055 1154 3135 quod
1181 3076 1265 3135 quae·

61 3148 175 3233 ulatur,
200 3157 420 3217 accommodata.
461 3155 553 3216 Abusi
580 3171 649 3215 sunt
678 3157 710 3215 ei
740 3171 797 3217 tam
823 3157 956 3236 antiqui,
985 3175 1070 3234 quam
1098 3155 1267 3214 recentioris

61 3249 108 3308 tevi
125 3253 289 3336 philosophi
300 3301 317 3331 ‚.
338 3267 366 3314 et
384 3276 452 3315 vero
470 3255 510 3313 sic
530 3255 598 3313 sunt
623 3254 723 3330 abusi,
745 3269 795 3330 ut,
820 3256 877 3335 qud
898 3254 1056 3335 disciplinh
1083 3253 1166 3313 nulla
1195 3265 1266 3311 emet

61 3342 248 3413 *incitanda
269 3354 387 3433 ingenia
405 3353 660 3434 reperiendamque
678 3354 828 3414 veritatem
848 3353 966 3434 aptior,
987 3350 1086 3411 eadem
1105 3350 1188 3411 nulla
1217 3351 1266 3409 vi-

61 3436 155 3509 luetur
171 3451 229 3532 ipsi
246 3450 466 3533 philosophiae,
487 3451 507 3510 i.
529 3472 554 3510 e.
575 3450 733 3531 sapientiae
751 3448 865 3526 studio,
883 3451 1026 3512 contraria
1048 3449 1146 3530 magis.
1193 3448 1264 3507 Nam

60 3538 192 3608 inultas
211 3570 271 3608 non
290 3551 460 3630 opiniones,
487 3549 672 3628 quantumvis
692 3560 720 3606 et
737 3548 876 3608 absurdas
904 3562 932 3607 et
945 3620 948 3625 ι
959 3549 1076 3608 veritati
1102 3566 1265 3627 repugnan-

59 3641 102 3716 ¹tt,
119 3644 348 3726 syllogismorum
363 3637 401 3707 ¹vi
428 3656 456 3706 'et
480 3646 648 3705 auctoritate
675 3644 798 3705 tuendas
817 3661 953 3727 usurpata
973 3658 1024 3705 est,
1066 3645 1264 3704 Veruntamen

56 3725 102 3808 lPtt
119 3742 286 3817 methodus,
309 3756 341 3801 ut
360 3745 489 3824 exposita
515 3742 552 3801 ab
578 3741 730 3801 Aristotele
757 3743 870 3818 fuerat,
892 3765 951 3802 non
971 3743 1066 3801 minus
1077 3788 1086 3818 ,
1107 3764 1191 3822 quam
1220 3745 1263 3803 in.

55 3820 138 3899 lectio
158 3852 186 3897 et
204 3841 331 3922 analysis
342 3885 351 3916 ,
379 3854 497 3900 naturae
517 3854 577 3900 erat
596 3852 805 3915 consentanea,
836 3855 966 3920 recteque
986 3840 1118 3901 adhibita
1138 3843 1264 3922 ingeniis

55 3919 195 4013 llvenum,
215 3940 253 3999 ad
271 3939 412 3999 firmanda
433 3940 487 3998 illa
506 3952 534 3997 et
559 3937 787 4013 corroboranda,
809 3939 865 3997 imo
884 3960 952 3999 vcro
971 3939 1008 3999 ad
1029 3941 1176 4001 veritatem
1195 3959 1265 4018 pro-

55 4034 222 4115 regnandam
252 4039 368 4098 naviter
395 4052 478 4117 atque
504 4038 541 4097 ab
561 4036 698 4096 inanibus
725 4037 961 4097 cavillationibus
986 4037 1124 4097 tuendam
1151 4033 1266 4098 valebat

55 4135 157 4214 tregia.
208 4137 361 4217 Attigimus
385 4138 454 4196 haec
478 4158 583 4216 supra,
613 4158 721 4215 quum,
740 4136 869 4218 appositi
898 4134 1075 4217 syllogistici
1087 4181 1095 4209 ‚
1116 4132 1265 4193 declarare

55 4316 295 4345 Nm

74 4445 97 4508 rr
116 4447 195 4498 rama
217 4465 242 4523 p.
264 4448 321 4500 aso.
341 4448 379 4500 or.
399 4466 424 4515 p.
443 4449 482 4499 vo.
