2796 5048
668 221 727 281 309

80 389 110 437 et
129 379 248 437 tertium
273 389 302 438 et
327 380 441 461 saepius
469 369 620 461 legerunt,
642 384 731 442 etsie
760 396 969 443 contraxerunt
995 403 1060 442 cum
1090 398 1204 444 auctore
1231 384 1313 461 quasi

80 477 310 537 familiaritatem
336 479 502 557 quandam:
542 492 604 538 tum
633 502 703 541 vero
733 483 834 540 mirari
873 482 1016 541 disinunt.
1068 481 1166 560 Ipsum
1195 494 1314 540 naturae

81 574 218 634 ordinem
246 576 279 634 in
299 576 336 635 iis
356 575 600 657 deprehendunt,
628 577 787 657 inquibus
807 581 926 640 omnino
956 579 1089 639 ordinem
1117 592 1184 637 ante
1203 579 1314 638 deside-

80 686 241 732 raverant:
271 694 339 731 nam
361 673 434 751 qnid
454 689 574 734 naturae
593 675 749 755 respondet
768 677 822 735 illa
847 679 959 736 ratione
984 678 1091 757 magis,
1112 677 1236 755 quaein
1258 699 1314 734 me·

80 772 136 828 diu
153 791 207 829 nos
222 773 335 850 negotia
349 773 440 852 rapit,
461 773 633 853 singulaque
653 774 791 855 deinceps
810 776 978 855 singulatim
998 777 1144 833 cernendo
1164 775 1313 854 explicat?

80 868 199 928 Tenuia
217 882 311 927 autem
329 869 382 929 illa
401 883 430 928 et
448 870 525 933 levia
542 872 620 951 apud
640 870 804 948 Platonem,
826 873 878 933 uhi
905 873 1079 932 dramaticae
1105 873 1227 931 rationis
1252 874 1313 932 vim

80 978 111 1023 et
132 986 216 1024 usum
236 982 447 1048 perceperunt,
467 969 587 1041 maximi
609 989 670 1028 esse
688 971 826 1045 momenti
848 969 952 1032 vident
974 968 1012 1028 111
1037 971 1166 1028 animum
1192 969 1315 1049 legentis

79 1061 278 1144 capiendum,
303 1065 464 1125 tenendum
492 1079 521 1125 et
550 1086 619 1127 vero
646 1067 719 1125 illuc
749 1067 950 1141 evehendum,
976 1087 1034 1145 quo
1062 1067 1187 1126 maxime
1215 1066 1311 1125 tendit

81 1162 146 1241 ipsa
165 1160 370 1242 philosophia,
391 1163 412 1223 i.
434 1183 459 1224 e.
481 1162 689 1226 1111111111111
717 1165 752 1225 in
779 1164 866 1225 rebus
895 1165 1070 1244 gravissimis
1087 1163 1311 1242 assequendam:

81 1279 158 1337 qnae
168 1259 213 1319 vis
223 1257 404 1322 inductionis
421 1274 464 1319 est
481 1282 547 1321 cum
565 1261 712 1341 analytica
735 1263 847 1323 ratione
865 1264 1047 1340 conjunctae.
1074 1261 1230 1335 sentiunt,
1247 1264 1313 1340 qui,

81 1357 126 1415 111
154 1353 295 1436 legendo,
322 1370 382 1416 1111
409 1358 607 1434 Herodotum,
632 1381 718 1438 quam
746 1360 897 1420 Platonem
924 1373 1016 1419 totum
1039 1361 1141 1429 ,animo
1170 1359 1314 1438 complexi

81 1466 172 1541 sunt,
192 1455 342 1529 sentiunt,
369 1454 428 1514 alia
445 1476 475 1515 se
494 1457 610 1532 omnia,
639 1471 715 1517 certe
734 1458 819 1539 plura
838 1459 998 1538 percepisse
1025 1458 1140 1533 animo,
1171 1479 1257 1536 quam
1277 1455 1314 1515 ab

82 1551 171 1609 initio
189 1565 419 1639 autumaverunt.
460 1554 533 1613 Nam
550 1555 730 1615 Herodotum
746 1556 838 1629 secuti
857 1554 978 1630 ducem,
1001 1577 1060 1614 non
1080 1555 1230 1614 historiam
1250 1558 1314 1614 uni·

81 1668 116 1706 ce
142 1647 336 1726 Graecorum,
360 1645 433 1710 belli
451 1652 559 1710 Persici
580 1664 639 1711 tem
660 1674 726 1728 ore,
759 1666 790 1711 ut
811 1653 889 1712 tradi
911 1651 947 1710 ab
976 1653 1120 1712 historicis
1141 1651 1233 1727 solet,
1264 1652 1315 1712 sod

82 1745 216 1804 universi
236 1746 315 1806 orbis
331 1747 435 1807 iisdem
451 1672 817 1830 temporibushistoriam,
844 1751 902 1808 imo
922 1768 990 1811 vero
1011 1748 1124 1808 nullius
1142 1770 1203 1808 non
1222 1751 1315 1830 gentis

82 1843 253 1923 regionem,
282 1863 393 1920 mores,
422 1846 572 1921 indolem,
601 1847 710 1906 studia
726 1848 958 1926 investigarunt:
990 1847 1155 1926 pariterque
1185 1846 1316 1926 legendis

79 1941 318 2020 meditandisque
346 1943 476 2003 Platonis
505 1943 647 2023 dialogis,
668 1945 850 2023 quaestiones
870 1965 931 2003 non
952 1944 1045 2002 solum
1066 1945 1100 2002 in
1128 1943 1312 2024 philosophia

80 2040 285 2118 gravissimas,
315 2039 366 2099 sed
385 2042 484 2100 minus
512 2041 598 2100 etiam
622 2061 742 2120 graves,
764 2054 796 2101 ut
816 2042 955 2106 videntur
982 2041 1118 2120 quidem,
1139 2042 1236 2121 prouti
1258 2040 1314 2099 loci

81 2137 210 2196 11111111
229 2157 353 2213 amm,
369 2137 406 2197 de
427 2141 547 2196 artibus
557 2182 566 2214 ,
597 2138 635 2198 111
652 2140 844 2217 disciplinis,
865 2138 902 2197 111
926 2140 1095 2216 eloquentia
1116 2153 1144 2198 ct
1165 2141 1316 2197 scribendi

81 2242 153 2289 orte
163 2278 172 2307 ,
194 2232 245 2292 has
263 2235 354 2315 igitur
373 2237 571 2314 quaestiones,
591 2257 680 2314 quae,
702 2251 734 2295 ut
753 2236 900 2311 vidimus,
921 2237 1051 2318 proxime
1073 2251 1141 2295 sunt
1162 2258 1227 2295 curn
1247 2235 1315 2316 phi-

82 2329 217 2410 losophia
243 2334 436 2411 conjunctae,
466 2333 613 2415 explicare
643 2333 731 2393 simul
761 2348 789 2393 et
818 2333 1019 2415 philosophiae
1047 2333 1143 2393 studio
1178 2333 1317 2392 abhibere

81 2426 264 2500 didicerunt.
638 2508 640 2513 Ι

124 2525 241 2599 Quibus
274 2527 485 2589 animadversis
516 2528 668 2603 omnibns,
701 2527 800 2610 dispar
832 2527 1009 2608 intelligitur
1041 2529 1203 2608 analyticae
1236 2529 1318 2588 illius

80 2623 253 2703 scriptionis
278 2637 307 2683 et
330 2624 510 2704 syntheticae
535 2627 572 2705 in
598 2626 703 2684 animis
730 2624 890 2704 legentium
910 2627 1035 2701 qffectus.
1087 2626 1165 2683 Haec
1185 2627 1318 2683 assentiri

80 2742 138 2780 nos
158 2722 236 2800 cogit
254 2721 601 2802 scriptoris'sententiae:
632 2743 699 2780 nam
721 2722 815 2781 omnis
835 2720 869 2780 in
888 2740 922 2781 eo
943 2735 985 2780 est
995 2767 1004 2796 ,
1026 2734 1059 2780 ut
1077 2721 1154 2779 hanc
1175 2719 1316 2779 definien-

81 2818 143 2894 do,
163 2817 334 2898 probando,
354 2816 581 2879 demonstrando
609 2820 693 2878 nohis
713 2816 904 2900 persuadeat:
925 2818 979 2876 illa
999 2839 1068 2878 vero
1088 2816 1213 2877 liberum
1232 2815 1318 2877 nohis

76 2915 229 2996 judicium
255 2915 416 2994 relinquite
446 2931 559 2975 tantum
587 2917 659 2976 adeo
688 2916 799 2991 abest,⁸
824 2929 856 2973 ut
885 2935 986 2975 verum
1016 2937 1067 2975 nos
1094 2915 1257 2975 existimare
1283 2915 1316 2974 id

79 3026 185 3094 cogat,
205 3012 284 3093 qnod
304 3014 400 3109 placet
417 3015 527 3073 auctori
538 3059 547 3090 ,
568 3028 597 3074 et
614 3028 693 3094 regat
707 3013 855 3091 judicium
875 3012 1024 3088 nostrum,
1046 3028 1079 3073 ut
1104 3015 1164 3075 veri
1192 3033 1317 3072 amorem

81 3113 117 3170 in
136 3110 366 3173 animisnostris
394 3113 517 3187 excitet,
544 3113 651 3192 quippe
679 3110 874 3171 discernendo
902 3111 1134 3192 explicandoque
1160 3110 1317 3191 spectanda

81 3208 172 3269 nobis
190 3210 332 3290 praebens
341 3255 351 3286 ,
371 3230 445 3289 quae
462 3210 520 3291 ipsi
536 3209 711 3289 judicemus.
753 3211 818 3282 Quo
845 3208 1022 3289 praeclarius
1042 3208 1090 3268 illi
1109 3210 1261 3289 scriptores
1281 3206 1317 3265 de

80 3326 189 3387 genere
210 3307 337 3367 humano
357 3320 526 3367 meruerunt
536 3352 545 3381 ,
565 3308 616 3385 qui
637 3306 833 3385 qualicunque
862 3308 894 3365 in
921 3302 1096 3387 shriptorum
1115 3325 1218 3386 genere
1244 3326 1316 3363 ana·

66 3403 205 3485 'lyticam
224 3405 366 3464 rationem
387 3418 574 3485 usurparunt.
616 3407 688 3463 Nam
709 3404 743 3462 fit
764 3403 843 3463 illud
867 3426 928 3464 non
956 3403 1079 3483 dialogis
1106 3417 1219 3461 tantum
1249 3402 1317 3459 scri·

81 3500 208 3561 hendis:
229 3501 308 3561 idem
324 3503 434 3578 effecit,
456 3516 489 3562 ut
517 3501 735 3561 attendentibus
754 3514 850 3582 patet,
872 3501 1039 3561 Aristoteles
1056 3520 1151 3558 rerum
1173 3499 1317 3557 naturali-

83 3617 137 3657 um
154 3611 185 3656 et
202 3598 389 3678 politicarum
403 3600 602 3680 expositione:
620 3598 715 3673 idem,
736 3613 768 3657 ut
788 3619 868 3658 nunc
885 3598 1029 3672 vidimus,
1050 3596 1214 3656 Herodotus
1228 3595 1317 3656 histo·

83 3694 132 3753 rit
151 3696 331 3757 anananda:
349 3695 446 3771 idem,
466 3697 633 3775 quicunque
652 3695 810 3754 scribendo
829 3695 977 3775 explicare
997 3708 1213 3774 argumentum,
1230 3715 1317 3773 quam

83 3811 156 3851 1111
172 3793 294 3872 probare
312 3795 464 3875 opiniones
484 3793 659 3852 maluerunt.
702 3793 740 3851 Et
771 3813 839 3853 vero
868 3792 1060 3873 philosophi,
1081 3812 1138 3871 quo
1164 3794 1262 3851 minus
1287 3812 1316 3849 se

80 3887 194 3949 abduci
208 3891 356 3952 statuendi
370 3891 468 3953 studio
481 3893 628 3965 siverunt,
644 3913 701 3970 quo
715 3891 804 3969 magis
822 3889 997 3948 Socraticam
1008 3890 1089 3950 illam
1101 3904 1129 3949 et
1139 3889 1317 3948 Platonicam

78 3987 272 4066 inquirendi,
288 3991 320 4048 in
336 3991 437 4070 primis
448 3988 588 4048 cernendi
596 3988 800 4068 jungendique
811 3986 979 4046 methodum
989 3989 1022 4048 in
1033 3988 1147 4067 scriptis
1157 3986 1216 4043 suis
1226 3985 1316 4042 secuti

77 4099 170 4162 sunt,
190 4107 223 4146 eo
243 4100 271 4146 et
294 4087 411 4146 avidius
430 4087 497 4147 lecti
517 4088 602 4160 siunt,
624 4100 651 4145 et
670 4087 776 4145 certius
802 4083 1004 4162 efficaciusque
1023 4084 1143 4142 lectores
1164 4080 1202 4143 ad
1221 4081 1318 4159 inqui-

77 4182 207 4243 rendam
227 4184 490 4265 assequendamque
516 4186 665 4245 veritatem
684 4183 871 4261 adjuverunt.
924 4182 982 4240 Nec
1010 4201 1077 4240 sane
1103 4193 1209 4237 temere
1236 4175 1319 4236 affir-

74 4301 161 4344 mare
181 4282 253 4341 mihi
272 4283 392 4358 videor,
420 4283 491 4341 hinc
519 4282 697 4362 potissimum
717 4281 777 4340 vim
800 4277 1005 4360 explicandam
1032 4297 1105 4350 esse,
1126 4295 1212 4352 quam
1239 4277 1318 4335 omni

78 4400 158 4440 aevo
181 4380 213 4438 in
238 4380 332 4440 studia
352 4379 592 4462 philosophorum
610 4378 717 4457 scripta
734 4377 863 4437 Platonis
887 4376 1062 4435 hahuerunt.
1105 4374 1177 4432 Nam
1206 4386 1234 4430 11
1264 4372 1317 4432 hae
