2796 5048
661 259 718 319 198

78 426 229 504 exigantur
249 424 345 483 unice.
419 445 439 483 n
458 408 608 479 audiretur
624 419 712 480 hodie
730 422 791 479 sive
811 418 1000 501 philosophus
1018 416 1082 481 sive
1102 430 1218 496 orator,
1237 420 1296 499 qui,

65 510 111 581 'ut
128 523 232 581 Romae
254 521 330 579 Carn
358 592 361 599 Ι
422 517 488 595 ,de
503 519 538 597 ju
567 518 598 531 ‘'
636 516 796 598 disputaret
811 518 937 598 copiose,
958 516 1008 576 sed
1029 514 1114 577 idern
1127 515 1295 599 disputatio-

79 640 144 679 nem
179 638 258 676 suam
287 606 428 698 postridie
452 638 507 677 con
559 602 566 617 ⁴
624 613 821 696 disputatione
844 614 1048 690 subverteret,
1089 628 1118 675 et
1147 616 1293 693 justitiam,

79 737 164 795 quam
187 702 613 797 p1·idic,laudasset,ptollere't.·
632 711 662 794 l)
702 714 800 772 Pueris
829 710 1054 792 relinquendum
1081 713 1137 773 hoc
1160 712 1291 773 ludicrum

80 816 224 894 negotium
244 826 376 893 putamus
385 837 392 888 ;
421 796 549 871 ultionis
568 834 635 875 vero
655 806 1016 884 laudamus'sententiam‘,
1034 810 1090 870 hoc
1112 831 1175 870 esse
1192 812 1225 871 in
1239 810 1290 871 ela·

79 913 197 992 quentia
226 880 383 982 sumnffim,
416 923 447 968 ut
475 911 506 970 di
526 900 540 979 ζ’
603 950 611 967 .-
625 910 755 969 homines
780 929 845 967 cum
871 908 909 967 ad
929 909 1079 968 veritatem
1105 908 1214 985 ducat,
1234 874 1287 969 hi

79 1012 155 1092 ipsos
182 1009 323 1069 emendet.
365 1009 402 1068 Et
426 986 562 1087 quamdi·
575 1004 681 1093 iffitlgus
694 1006 868 1111 Quotam,
899 1019 930 1064 ut
950 1006 1021 1077 solet
1041 1026 1173 1088 semper,
1201 1006 1285 1067 enu-

80 1129 159 1167 nunc
187 1107 325 1167 inanibus
351 1106 512 1165 simulacris
537 1106 683 1185 capiatur:
712 1104 844 1183 quamvis
873 1104 932 1162 sint
951 1104 1019 1162 item
1038 1104 1145 1191 bodie,
1174 1090 1283 1184 qui,'tt

81 1226 173 1285 errare
193 1204 352 1263 humanum
370 1218 430 1309 eff>
451 1205 491 1263 ita
508 1224 616 1262 errores
634 1224 699 1263 suos
708 1248 717 1277 ,
738 1203 832 1283 specie
851 1202 908 1282 ipsi
928 1203 1020 1287 verita
1035 1203 1045 1221 ⁴
1065 1202 1205 1293 ’decemb
1222 1202 1281 1262 omni

81 1302 279 1364 commendare
298 1316 325 1361 et
345 1301 700 1381 tueri·eloquentiaeyttrte
720 1300 871 1360 studeant:
893 1216 1126 1388 quamsfflapd
1142 1300 1235 1363 desint
1249 1300 1287 1377 hit,

81 1403 186 1461 nostris
211 1402 295 1460 etiam
320 1401 515 1481 temporibus,
546 1401 613 1478 qui,
632 1380 677 1458 *ut
695 1399 814 1480 Gorgias
833 1398 902 1457 olim
921 1411 949 1457 et
967 1398 1053 1459 Polus
1088 1390 1092 1395 ¹
1143 1406 1203 1461 'aut
1219 1398 1293 1479 vulgi

29 1548 34 1558 .
81 1497 207 1558 dicendo
227 1498 437 1597 scriberfflrque
456 1512 570 1578 captare
588 1512 709 1558 aveant:
731 1482 828 1556 tarhen
847 1495 927 1561 haud
946 1495 1034 1556 facile
1217 1514 1289 1579 rept-

82 1599 192 1670 riatur,
220 1598 271 1674 qui
298 1596 417 1677 publice
442 1595 563 1677 probare
584 1596 753 1677 sophisticas
772 1596 826 1656 has
841 1608 933 1670 artes,
964 1616 1065 1674 easque
1085 1580 1299 1671 drilocticarh

82 1694 262 1772 eloquentiae
290 1696 406 1754 nomine
433 1694 631 1754 commendare
656 1696 804 1754 sustineat.
836 1693 902 1753 ‘sed
929 1716 986 1774 quo
1003 1696 1125 1772 majores
1144 1696 1186 1754 ita
1203 1692 1325 1753 scrib·

83 1792 121 1865 ad
147 1793 337 1851 matruitatem
356 1815 435 1852 suam
452 1813 615 1874 progressus
632 1813 720 1872 genus
739 1792 897 1850 humanum
917 1791 1051 1871 videtur,
1072 1812 1106 1851 eo
1124 1813 1178 1851 nos
1193 1790 1321 1851 diales*

81 1891 170 1949 ticam
198 1911 464 1970 ve1·am„quacum
491 1893 646 1970 conjuncta
671 1908 730 1950 esse
754 1910 822 1951 vera
846 1891 1010 1968 eloquentia
1030 1889 1136 1966 debet,
1169 1890 1325 1970 indagare

84 2002 194 2069 oportet
212 1988 400 2069 diligentius:
431 2009 492 2048 eam
511 1989 595 2064 dico,
626 2009 717 2069 quae,
744 2002 776 2047 ut
793 1989 919 2069 primum
940 1988 1060 2049 inducta
1078 2011 1096 2048 a
1115 1988 1227 2049 Socrate
1240 1998 1272 2047 est
1299 2016 1325 2053 ε

84 2087 123 2146 ita
150 2084 188 2144 ad
215 2085 427 2167 praejudicatas
455 2085 642 2167 deponendas
666 2088 835 2167 opiniones,
867 2106 1022 2164 verumque
1049 2088 1082 2146 in
1106 2088 1186 2147 omni
1208 2091 1325 2146 causta

84 2205 149 2244 cum
168 2183 380 2244 inveniendum
399 2185 535 2260 solerter,
561 2199 622 2243 tum
641 2186 754 2245 naviter
773 2183 1015 2266 propugnandum
1031 2186 1175 2266 pertinet,
1204 2184 1325 2244 unice*

84 2303 139 2362 que
163 2281 259 2342 valere
284 2279 322 2339 ad
346 2281 546 2363 philosophiae
569 2281 710 2342 tuendum
730 2281 835 2357 decus,
867 2296 928 2342 tum
948 2304 1017 2344 vero
1036 2283 1123 2342 etiam
1142 2283 1180 2344 ad
1199 2300 1325 2366 prore*

83 2379 211 2440 hendam
227 2399 278 2459 per
296 2379 508 2461 philosophiam
527 2381 647 2441 humani
668 2382 778 2461 generis
798 2381 919 2441 salutem
938 2395 966 2440 et
983 2381 1153 2442 felicitatem
1172 2396 1200 2444 et
1214 2380 1325 2464 putu.

86 2492 114 2537 et
138 2477 233 2537 debet.
275 2479 368 2552 Quam
391 2479 416 2539 si
440 2481 620 2557 quaerimus,
636 2479 722 2540 'Plato
740 2480 842 2556 nobis,
862 2480 916 2541 hoc
935 2480 1004 2539 item
1020 2481 1187 2561 proposito,
1207 2479 1325 2562 legen*

86 2576 141 2637 dus
167 2576 290 2635 maxime
313 2575 525 2658 diligenterque
545 2577 739 2660 explicandus
755 2577 883 2640 videtur.
924 2579 952 2637 Is
972 2579 1069 2653 enim,
1099 2592 1132 2639 ut
1149 2592 1236 2639 artem
1250 2578 1325 2639 iu*

86 2674 169 2735 venit
191 2675 360 2755 scriptisque
384 2675 444 2735 suis
463 2677 640 2752 celebravit,
670 2696 761 2756 quae,
787 2666 825 2737 'ut
843 2697 929 2757 supra
947 2697 1000 2736 nos
1020 2675 1221 2759 vidimus,·2)
1243 2672 1325 2743 fik-

85 2773 209 2832 maxime
233 2772 330 2854 pulcri
355 2794 479 2833 amorem
502 2776 534 2836 in
558 2797 712 2857 puerorum
731 2776 836 2839 animis
854 2774 1021 2849 suscitaret,
1040 2777 1195 2835 eminatam
1211 2778 1314 2835 ιιιιιιίν

86 2892 169 2947 com,
200 2871 306 2930 artium
331 2873 513 2955 principem,
543 2874 681 2953 cujusque
704 2875 766 2955 ipse
790 2872 886 2933 studio
907 2873 1031 2949 ductus,
1052 2888 1096 2933 ut
1118 2874 1204 2935 nobis
1223 2870 1288 2935 molt

86 2970 199 3051 patuit,
225 2967 257 3049 3)
282 2991 391 3031 novum
415 2970 533 3035 dicendi
556 2970 760 3050 scribendique
785 2991 875 3052 genus
894 2971 1031 3032 induxit:
1058 2960 1288 3033 siceratores·-

11 3071 14 3077 ’
87 3067 242 3127 aSocrate
269 3081 414 3148 acceptam
438 3071 559 3129 eum-in
583 3069 701 3130 modum
724 3090 790 3130 cum
813 3071 1001 3145 informavit,
1031 3084 1093 3129 tum
1118 3069 1158 3131 ad
1182 3067 1288 3135 vertent

88 3184 210 3224 amorem
229 3167 263 3224 in
281 3186 435 3245 puerorum
453 3168 558 3234 animis
574 3167 712 3229 alendum
730 3167 881 3244 adhibuit,
905 3182 936 3229 ot
954 3190 1030 3230 nova
1044 3169 1194 3231 videretur
1207 3170 1288 3252 plaut,

88 3277 164 3323 certe
190 3262 228 3321 ad
253 3263 351 3323 nullas
377 3287 437 3325 non
460 3266 660 3347 provehendas
685 3265 849 3342 doctrinas,
878 3268 970 3349 ipsam
993 3266 1201 3330 illustrandam
1222 3282 1289 3329 tatu·

88 3361 210 3440 damque
228 3361 458 3444 philosophiam,
479 3385 536 3424 una
557 3378 628 3424 esset
644 3365 773 3424 omnium
792 3363 995 3426 efficacissima.
1023 3366 1060 3425 Et
1079 3368 1219 3429 verullae
1231 3364 1289 3441 ide!

89 3459 266 3541 disciplina,
297 3475 329 3537 ut
356 3463 482 3521 caeteris.
500 3458 570 3523 item
596 3464 796 3544 gravioribus,
827 3463 878 3523 sed
905 3464 959 3523 hac
988 3478 1084 3525 tamen
1112 3454 1289 3547 potissimtfl,

89 3557 167 3617 illud
186 3557 373 3647 efficiendum
391 3562 503 3622 censuit
521 3576 550 3622 et
562 3562 705 3641 quomodo
724 3560 886 3622 efficeretur
904 3562 1130 3639 demonstravit,
1152 3580 1186 3627 ut
1199 3566 1289 3627 anino

89 3655 126 3715 ab
145 3656 192 3716 his
211 3678 230 3715 u
298 3657 320 3715 's
338 3648 475 3739 falsisque
495 3661 557 3721 veri
577 3661 741 3741 speciebus,
761 3661 868 3741 quibus
887 3660 1025 3723 delectari
1041 3662 1148 3743 volgus
1162 3662 1289 3725 hominu

90 3752 239 3831 videmus,
266 3770 459 3833 averteretur,
485 3772 617 3837 totusque
642 3758 795 3840 adipsum
819 3781 919 3837 rerum
939 3762 1197 3843 contemplandum
1214 3761 1288 3823 rebat

90 3871 145 3930 que
161 3851 310 3912 hominum
330 3854 531 3917 adhibendum
551 3871 782 3932 converteretur,
803 3860 976 3939 omninoque
994 3880 1010 3919 e
1028 3859 1139 3922 mundo
1155 3860 1209 3923 hoc
1226 3872 1287 3941 tp*

90 3950 174 4009 rabili
192 3953 225 4009 iu
246 3972 330 4028 eum,
349 3956 400 4034 qui
419 3956 478 4016 sola
496 3970 591 4016 mente
609 3971 637 4018 et
654 3958 825 4038 cogitatione
844 3960 1023 4040 percipitur,
1043 3952 1153 4045 voqrdv
1170 3958 1285 4027 rotaldi

91 4047 269 4114 educeretur.
1258 4054 1261 4059 ¹
