2774 5048
651 194 706 287 ite

74 389 155 450 dium
167 390 332 470 praesertim
350 388 584 470 philosophorum
602 391 790 463 acerrimum,
810 409 866 466 quo
886 402 1009 448 mentem
1028 386 1185 447 humanam
1203 388 1276 448 inda-

75 484 197 566 gabant,
218 488 333 566 ejusque
362 486 523 545 discernere
547 485 696 546 facultates
719 487 846 546 diversas
870 485 1037 545 tentabant:
1069 485 1148 545 unde
1175 488 1278 546 criticae

73 583 271 665 philosophiae
291 599 319 644 et
338 606 441 644 nomen
456 584 565 644 exstitit
583 583 690 645 deinde
704 599 732 644 et
750 585 901 643 auctoritas
920 604 1036 643 summa.
1058 583 1278 644 Sedhincetiam

47 715 50 719 ·
75 680 209 770 infinitus
234 682 373 742 librorum
401 703 553 756 numerus,
571 683 621 760 qui
650 682 747 741 ubivis
774 680 951 763 prodierunt
972 681 1008 740 de
1033 694 1111 740 recte
1135 680 1281 742 excolendo

75 773 209 854 homine,
229 779 248 839 i.
268 801 292 840 e.
312 780 348 839 de
367 801 519 860 puerorum
537 779 722 853 educatione,
747 779 783 838 de
797 780 903 859 optima
917 778 1042 838 docendi
1059 779 1150 861 viaet
1170 781 1282 854 ratione,

75 876 115 937 de
127 876 266 936 doctrinis
283 877 320 937 ad
339 898 516 937 communem
533 878 660 935 omnium
677 899 757 935 usum
777 890 805 935 et
825 877 977 936 utilitatem
987 876 1184 935 adhibendis:
1207 878 1283 936 omni·

78 997 134 1052 no,
162 990 194 1035 ut
220 996 279 1034 rem
304 976 404 1056 paucis
430 973 620 1054 complectar,
635 977 764 1033 scholam
783 977 909 1053 reliquit
923 976 1111 1052 philosophia
1129 985 1160 1033 et
1178 981 1285 1035 versari

76 1080 112 1132 itt
130 1075 281 1133 hominum
300 1075 365 1130 luce
383 1082 413 1130 et
429 1073 601 1130 celebritate
619 1080 721 1150 coepit.

116 1169 173 1231 Sed
199 1171 330 1250 quamvis
352 1167 497 1250 praeclara
524 1169 633 1230 fuerint
657 1184 806 1251 parentum
836 1183 996 1229 nostrorum
1023 1171 1055 1229 in
1083 1164 1287 1252 philosophiam

77 1270 195 1343 merita,
216 1266 346 1348 quamvis
355 1265 427 1325 adeo
436 1280 536 1347 sponte
545 1267 728 1346 antiquorum
743 1267 861 1348 ingressi
876 1267 935 1326 sint
952 1269 1081 1347 vestigiis
1094 1266 1198 1346 eosque
1216 1286 1287 1347 supe

77 1366 206 1426 raverint
223 1362 368 1438 subinde,
387 1376 456 1422 sunt
472 1377 567 1423 tamen
587 1365 696 1441 multa,
716 1365 839 1444 quaein
863 1386 959 1424 eorum
979 1365 1084 1425 studiis
1111 1385 1179 1424 cum
1204 1385 1288 1446 repre

77 1461 233 1525 hendenda
250 1462 310 1521 sint
332 1460 435 1536 nobis,
449 1473 510 1520 tum
530 1476 611 1521 caute
621 1463 750 1522 vitanda.
769 1463 883 1522 Nam—
894 1483 930 1521 ne
949 1461 1043 1522 dicam
1058 1463 1095 1523 de
1105 1461 1289 1543 popularitate

77 1560 145 1635 illa,
165 1559 212 1618 cui
223 1559 306 1618 cessit
318 1558 397 1620 haud
413 1581 477 1620 raro
495 1561 616 1620 interior
633 1581 728 1620 rerum
746 1559 1028 1642 inquisitio-quod
1036 1561 1111 1620 Baco
1131 1573 1159 1619 et
1174 1559 1292 1619 Lochias

78 1671 162 1717 antea
179 1657 382 1732 instituerant,
404 1671 434 1717 ut
454 1656 599 1717 hominem
619 1658 821 1739 explorarent,
841 1656 894 1716 hoc
922 1659 962 1716 ita
988 1660 1129 1738 persecuti
1149 1671 1217 1717 sunt
1239 1672 1293 1717 tun

75 1753 166 1835 angli
185 1754 333 1836 plerique,
353 1768 414 1814 tum
431 1754 611 1816 Gallofranci
631 1756 814 1837 philosophi,
837 1769 868 1814 ut
896 1776 993 1815 sensus
1016 1754 1200 1817 attenderent
1227 1755 1293 1816 dili-

78 1853 239 1933 gentissime
265 1853 393 1934 corporis
420 1852 540 1915 humani
551 1900 561 1930 ,
588 1855 648 1916 vim
677 1853 802 1913 hominis
830 1855 991 1929 internam,
1013 1855 1161 1913 internum
1186 1872 1293 1914 sensum

79 1950 132 2013 vix
149 1938 340 2011 attenderent.
381 1953 445 2027 Quo
468 1953 639 2026 effecerunt,
661 1965 711 2025 ut,
732 1952 846 2032 partim.
861 1951 977 2010 homine
1001 1951 1106 2010 eximie
1135 1952 1293 2034 explorato,

79 2047 133 2108 hac
151 2069 220 2111 vero
238 2063 319 2131 parte
343 2050 499 2132 praecipua
523 2050 653 2135 neglecto
677 2071 809 2130 prorsus,
831 2050 925 2129 ipsum
948 2049 1094 2108 hominem
1105 2094 1113 2123 ,
1131 2050 1152 2109 i.
1171 2071 1195 2110 e.
1215 2062 1293 2110 natu-

79 2166 140 2205 ram
157 2146 311 2222 moralem,
331 2147 493 2205 aeternitati
517 2146 705 2221 destinatam,
727 2168 787 2205 non
815 2160 928 2205 tantum
947 2168 1007 2205 non
1031 2147 1231 2226 explicarent,
1250 2142 1293 2206 sed

82 2244 267 2304 obscurarent
281 2265 405 2324 prorsus.
447 2244 628 2304 Exstiterunt
651 2244 722 2304 adeo
733 2289 742 2319 ,
762 2245 812 2324 qui
836 2243 951 2324 plantae
976 2244 1141 2318 hominem,
1163 2243 1232 2319 alii,
1250 2241 1293 2323 qui

82 2341 231 2400 machinae
250 2342 378 2419 facerent
396 2340 536 2416 similem,
558 2341 714 2417 nonnulli,
735 2343 785 2421 qui
805 2355 833 2400 et
851 2342 997 2401 bominem
1016 2355 1045 2400 et
1063 2363 1160 2401 rerum
1180 2343 1293 2402 univer·

82 2439 194 2497 sitatem
212 2436 280 2496 solis
297 2439 405 2499 moveri
424 2437 598 2498 mechanicis
616 2438 728 2501 viribus
747 2438 913 2519 legibusque
933 2438 1152 2500 contenderent.
1174 2441 1293 2515 Quorum

61 2535 153 2595 ‘libri
172 2533 234 2617 ipsi
252 2533 323 2610 illa,
344 2558 400 2615 qua
420 2536 571 2618 perscripti
587 2551 681 2613 erant,
701 2539 905 2619 perspicuitate
925 2551 953 2597 et
970 2537 1181 2619 popularitate,
1202 2535 1293 2597 multia

83 2633 293 2716 persuadebant
321 2633 472 2715 opiniones
497 2635 600 2711 hasce,
626 2657 713 2716 eoque
737 2634 949 2717 persuadebant
977 2633 1094 2694 facilius
1123 2636 1293 2714 certiusque,

84 2753 142 2812 quo
165 2733 299 2810 majorem
327 2730 414 2811 vulgo
440 2731 571 2792 homines
597 2733 688 2793 oculis
707 2733 817 2793 habent
845 2732 949 2807 fidem,
969 2753 1055 2812 quam
1082 2723 1228 2809 internis,
1253 2723 1293 2792 sel

85 2829 299 2890 obscurioribus
316 2830 404 2889 animi
424 2830 564 2891 sensibus.
585 2831 683 2891 Alieni
702 2831 739 2891 ab
758 2830 836 2890 hisce
854 2831 1025 2912 opinionum
1043 2833 1211 2892 commentis
1228 2849 1291 2891 matt

87 2940 186 2986 serunt
203 2927 330 2987 melioris
349 2927 542 3007 graviorisque
570 2928 678 2989 indolis
703 2930 779 3003 viri,
800 2949 899 3013 neque¹
920 2929 1030 2988 exstitit
1055 2928 1134 3009 apud
1152 2927 1292 2989 Germauot

87 3024 244 3087 Batavosve
260 3025 348 3107 paulo
364 3024 482 3104 quidem
500 3026 652 3087 humanior
671 3027 866 3107 celebriorque
890 3026 1097 3107 philosophus,
1118 3027 1169 3108 qui
1188 3025 1291 3107 indign

87 3121 157 3181 baec
176 3121 292 3183 homine
306 3123 414 3204 placita
427 3126 488 3185 sive
501 3126 641 3206 proferret
658 3126 690 3184 in
706 3125 799 3184 lucem
815 3126 875 3184 sive
892 3123 1120 3184 commendaret:
1143 3125 1195 3186 sed
1208 3122 1290 3185 eorm·

89 3219 154 3278 dem
172 3218 379 3280 Germanorum
396 3220 475 3283 haud
493 3224 578 3304 pauci
598 3224 734 3297 fuerunt,
753 3222 957 3304 posterioribus
981 3223 1105 3281 maxime
1132 3221 1290 3305 temporibus

89 3315 186 3392 hisce,
207 3317 256 3396 qui
275 3317 443 3397 inquirendi
463 3319 633 3401 diligentiae
663 3322 864 3400 severitatique
891 3341 1023 3396 omnem,
1045 3321 1097 3382 vix
1125 3321 1217 3380 ullam
1242 3334 1290 3402 pet

90 3415 236 3496 spicuitati
249 3437 362 3496 operam
381 3432 537 3493 natantes,
548 3433 576 3478 et
590 3419 648 3478 suis
665 3421 791 3500 ipsorum
801 3418 915 3498 placitis
935 3431 962 3476 et
980 3419 1032 3477 toti
1051 3418 1248 3500 philosophiae
1261 3410 1291 3474 ait

91 3511 221 3572 tenebras
243 3513 441 3590 offunderent,
467 3530 498 3575 ut
520 3515 556 3575 ab
576 3519 637 3593 ejus
656 3518 752 3578 studio
770 3531 798 3576 et
823 3516 1004 3596 cognitione,
1025 3518 1154 3598 exceptis
1182 3516 1291 3601 philott-

91 3608 174 3690 phis,
194 3626 318 3672 caeteros
340 3612 469 3673 homines
492 3614 680 3676 excluderent
698 3636 803 3675 omnes.
846 3615 938 3689 Quam
966 3614 1194 3694 philosophandi
1220 3611 1291 3674 ratic

92 3728 177 3783 nem,
197 3709 293 3770 ubivis
312 3710 399 3770 hodie
419 3712 451 3770 in
471 3709 532 3771 dies
547 3713 770 3774 invalescentem
785 3713 888 3792 magis,
902 3724 959 3770 tarn
973 3710 1085 3770 artibus
1100 3713 1290 3791 doctrinisque

92 3827 177 3884 quam
194 3808 250 3890 ipsi
268 3807 466 3891 philosophiae
486 3809 666 3891 vehementer
681 3832 796 3885 nocere,
812 3831 895 3871 nemo
913 3823 972 3884 est,
987 3811 1061 3889 quin
1081 3824 1184 3892 sponte
1200 3807 1290 3871 videat

93 3915 121 3962 et
141 3903 195 3983 ipsi
214 3905 342 3964 fatentur·
361 3905 516 3986 dolentque
536 3908 665 3968 cultioris
684 3909 796 3988 ingenii
815 3908 961 3968 Germani.

133 4000 261 4083 Longum
279 4002 352 4077 hoc,
373 4001 451 4062 dicat
468 4004 591 4084 aliquis,
618 4007 794 4086 prooemium
810 4020 869 4065 est:
899 4000 1015 4087 μακρόν
1036 3999 1073 4066 cti
1094 3988 1290 4086 rtpooiparoeft³

93 4094 287 4179 ἒπιθυμυῦντι
309 4094 437 4160 ἀκοῦσαι.
472 4104 580 4163 Verum
598 4117 725 4163 nostrum
745 4127 804 4165 non
824 4105 877 4165 hoc
899 4098 990 4166 unice*
1003 4109 1184 4188 propositum
1201 4105 1290 4179 est,¹1

93 4199 303 4282 philosophiam
331 4202 460 4276 Platonis
487 4203 724 4283 interpretemur,
746 4202 824 4263 illud
853 4218 1011 4284 spectamus
1039 4207 1128 4280 item,
1154 4203 1231 4287 quod
1244 4203 1290 4280 jntt

94 4296 197 4377 aliquis
214 4299 250 4357 ah
271 4301 426 4380 interprete
444 4298 586 4380 postulet,
597 4312 629 4358 ut
647 4300 864 4380 interpretanda
877 4302 909 4361 el
923 4303 1122 4382 praesentibus
1138 4297 1290 4385 tenporibrt

96 4396 284 4457 consulamus.
325 4399 414 4458 Nemo
440 4412 499 4473 est,
518 4399 591 4478 quin
616 4413 694 4480 optet
713 4398 865 4475 ardenter,
896 4415 946 4475 ut,
976 4423 1062 4482 quam
1092 4402 1170 4463 viam
1196 4398 1290 4461 inire
