2796 5048
274 1133 759 1210 ·PHILOSOPHIA
811 1134 967 1208 VERI

585 1371 670 1418 SIVE

419 1568 478 1627 DE
512 1567 683 1628 MUNDO
712 1562 834 1648 νοητῷ.

485 1836 572 1902 {altit
599 1843 657 1918 δεῖ,
685 1835 712 1903 el
736 1835 890 1917 nahor,
912 1839 1000 1904 ἕκεῖσε
1019 1839 1142 1935 βῇἕπεὶν.
1156 1884 1195 1894 -

526 1947 607 2021 tut,-
637 1938 659 2028 ἢ
685 1939 714 2006 d’
738 1938 781 2019 ὅς.
803 1983 842 1991 -
872 1942 925 2019 Εἰς
948 1939 1003 2027 τήν
1023 1942 1198 2031 φιλοσοφίαν

524 2045 579 2131 τῆς
599 2046 724 2129 ψυχῆς,
745 2044 795 2108 καὶ
816 2042 921 2108 ἐννοεῖν
942 2036 985 2110 ὦν
1009 2039 1198 2112 ἕπεταικαὶ
1235 2054 1238 2059 ’

526 2145 598 2214 οἵων
619 2147 731 2232 ἐφίεται
753 2142 884 2228 ὁμιλιῶν.
900 2187 940 2197 —

72 2531 126 2597 luit
144 2555 212 2596 sane
231 2553 333 2614 magna
357 2546 385 2591 et
403 2532 573 2612 optimarum
596 2533 700 2591 artium
724 2531 827 2591 studiis
857 2532 1006 2608 salutaris,
1033 2555 1104 2612 quae
1121 2548 1234 2617 patrum

58 2635 152 2694 renoril
169 2633 298 2706 exstitit,
317 2630 515 2711 philosophiae
535 2626 726 2689 commutatio.
767 2632 840 2688 Nam
857 2631 987 2708 quamvis
1005 2631 1074 2690 haec
1094 2647 1177 2690 antea
1187 2678 1196 2707 ,
1216 2655 1233 2691 a

58 2734 126 2792 naris
144 2731 214 2792 inde
232 2731 341 2804 literis,
363 2751 377 2787 e
396 2728 564 2787 scholastica
583 2727 716 2786 barbarie
733 2741 820 2809 caput
840 2728 1000 2803 extulerat,
1021 2728 1234 2810 repudiatisque

58 2824 235 2891 ialecticorum
259 2828 341 2890 vanis
365 2841 392 2886 et
416 2825 548 2885 absurdis
571 2826 825 2899 contentionibus,
853 2847 951 2885 verum
978 2826 1125 2905 exquirere
1141 2827 1235 2903 ,nullh

59 2942 87 2983 on
102 2930 144 2988 ria
163 2942 190 2987 et
210 2927 318 2985 ratione
337 2938 480 3005 coeperat,
500 2938 609 2998 tamen,
629 2945 702 3002 quae
719 2937 877 3004 temporum
902 2924 1018 2983 illorum
1034 2925 1127 2984 fuerat
1150 2928 1223 2987 ratio

59 3024 113 3083 ortis
134 3027 220 3084 unice
243 3025 431 3102 acutiorisque
454 3023 564 3102 ingenii
587 3023 658 3082 viris
687 3022 888 3096 consuluerat,
909 3024 1028 3082 caeteris
1045 3036 1158 3082 tanturn
1175 3046 1235 3083 non

58 3135 117 3191 mota
133 3137 284 3182 manserat.
325 3124 349 3180 Α
373 3120 467 3180 medio
492 3142 560 3180 vero
585 3120 654 3179 inde
678 3121 821 3200 superiore
848 3121 960 3180 saeculo
985 3123 1141 3182 communis
1164 3123 1233 3182 haec

58 3220 146 3281 ttaluit
164 3243 216 3303 per
238 3221 400 3279 universam
425 3219 484 3277 fere
499 3220 642 3300 Europam
660 3217 895 3300 philosophorum
913 3221 1054 3279 sententia
1065 3266 1073 3294 ,
1094 3222 1155 3280 istis
1175 3244 1235 3281 non

58 3314 127 3378 nibus
149 3318 341 3378 cohibendam
365 3338 423 3376 esse
449 3316 677 3397 philosophiam,
706 3317 756 3376 sed
771 3317 924 3398 procedere
948 3338 1009 3376 eam
1027 3317 1129 3393 latius,
1151 3334 1178 3379 et
1198 3319 1235 3378 ad

58 3417 114 3475 nnis
130 3417 240 3498 generis
264 3416 495 3495 conditionisque
512 3414 644 3475 homines
662 3416 813 3498 pervenire
833 3429 960 3494 oportere
970 3461 979 3489 ,
1002 3431 1033 3475 ut
1050 3418 1177 3476 universi
1199 3437 1234 3475 ex

58 3525 88 3569 us
110 3515 203 3575 studio
233 3515 343 3573 fructus
368 3527 502 3595 caperent
528 3515 694 3573 uberrimos.
736 3513 896 3587 Quocirca,
918 3514 1030 3571 remotis
1047 3515 1235 3596 impedimen·

58 3622 81 3681 ὃ,
99 3614 200 3693 quibus
218 3615 279 3691 ejus
298 3612 392 3671 aditus
406 3611 503 3695 adhuc
523 3612 616 3670 fuerat
638 3612 781 3692 plerisque
806 3610 996 3683 interclusus,
1016 3612 1182 3695 philosophi
1207 3630 1234 3675 et
1272 3660 1275 3665 -

60 3702 76 3763 d
92 3714 193 3791 quique
212 3710 312 3790 lingula
330 3692 472 3784 scrihere,
490 3723 518 3769 et
532 3709 647 3768 suarius
666 3708 897 3788 elegantiusque,
918 3730 1003 3786 quam
1023 3710 1084 3769 fieri
1113 3734 1235 3772 consue-

58 3823 103 3869 *rat
109 3813 159 3885 ,in
167 3809 269 3890 primis
279 3808 456 3889 populariter
465 3805 662 3888 philosophari
682 3806 886 3863 instituerunt:
909 3823 1104 3885 argrunentum
1122 3826 1231 3887 autem,

58 3906 100 3966 lod
121 3906 351 3989 philosophando
380 3906 581 3987 explorarent,
601 3904 678 3963 illud
705 3904 760 3963 sibi
788 3919 996 3984 proposuerunt
1015 3909 1156 3986 maxime,
1178 3934 1233 3989 quo

58 3998 134 4064 lllum
160 4019 257 4065 tenere
281 4006 369 4084 magis
393 4002 508 4084 quosvis
534 4003 662 4062 homines
690 4001 823 4076 deberet,
844 4003 938 4083 ipsum
958 4005 1112 4067 honrinem.
1155 4012 1232 4071 llinc

58 4105 235 4183 squisitiones
258 4102 364 4161 multae
384 4103 535 4180 variaeque
552 4101 588 4160 de
608 4100 726 4160 historia
744 4099 947 4175 humanitatis,
967 4102 1072 4180 quibus
1092 4120 1119 4164 et
1138 4109 1233 4168 homi-

58 4213 69 4250 S
89 4216 114 4260 et
133 4202 251 4282 generis'
262 4201 381 4260 humani
400 4214 502 4260 natura
520 4220 553 4258 ac
573 4200 651 4260 varia
671 4198 759 4260 variis
772 4198 843 4257 locis
856 4199 1086 4280 temporibusque
1104 4206 1233 4269 conditio

58 4301 226 4373 ponebatur.
277 4301 354 4359 Hinc
378 4299 554 4359 eruditorum
580 4298 773 4371 consuetudo,
794 4310 845 4371 ut,
864 4295 1054 4377 quodeunque
1081 4315 1234 4368 tractarent

58 4400 168 4458 ctrinae
188 4420 291 4480 genus,
311 4399 455 4480 principia
475 4400 536 4475 ejus
556 4396 692 4455 ducerent
716 4416 751 4453 ex
775 4392 899 4454 hominis
922 4408 1032 4457 natura.
1073 4401 1150 4463 Hinc
1170 4421 1232 4465 stu.

1062 4498 1097 4557 8*
