2796 5048
73 116 105 164 et
122 103 352 185 contemplatus,
373 116 405 162 ut
422 102 514 180 Deum
531 103 657 183 aliquem
676 103 746 164 colit
765 105 921 180 amasium,
939 119 985 180 et,
1005 106 1063 164 nisi
1086 90 1235 167 tereretur
1260 109 1323 181 in-,

78 204 173 262 sanine
190 200 527 285 speciem,·sacrificaret
543 201 631 283 plane
653 201 719 277 illi,
745 215 883 282 tanquam
901 215 1009 263 statuae
1028 218 1056 263 et
1078 205 1147 265 Deo.
1190 207 1309 266 Intuen-

78 309 131 359 tem
148 321 241 377 vero,
263 300 433 358 exhorrere
452 298 505 358 illo
519 300 605 380 capit
623 319 688 357 eum
706 300 798 361 veluti
823 302 1006 362 commutatio
1024 298 1164 381 quaedam
1192 303 1309 363 insolita

15 396 24 409 '
81 408 104 452 et
118 399 209 459 sudor
229 413 258 457 et
281 397 384 457 calor.=
418 398 490 455 Nam
516 418 568 479 per
595 397 692 456 oculos
721 400 881 479 suscipiens
908 399 1116 481 pulcritudinis
1144 401 1289 461 effluvium
1301 448 1309 478 ,

10 506 20 543 '-
82 497 152 569 quod
170 496 286 556 emollit
304 511 332 554 et
350 495 429 575 quasi
450 496 599 574 liquefacit
617 497 745 555 animum
754 541 763 570 ,
784 496 934 556 incalescit
952 511 1028 556 totus
1046 512 1074 557 et
1093 498 1251 578 germinare
1274 501 1308 560 in

10 532 31 699 h
87 595 172 677 auimo
189 595 339 675 incipiunt
358 593 429 653 alae.
471 589 550 651 Hine
568 595 714 674 pruritus:
735 593 805 655 hinc
826 590 956 670 dolores,
979 609 1010 654 ut
1029 595 1159 656 dentium
1179 596 1311 656 oborien-

10 712 28 745 ι-
89 678 166 751 ium:
186 692 260 751 hine
278 692 371 751 fervet
390 692 542 751 universus
564 693 692 751 animus·
706 706 734 752 et
761 707 887 768 aestuat,
907 714 961 752 nec
982 693 1108 768 lenitur,
1130 695 1187 754 nisi
1215 694 1311 775 pulcri

10 804 27 839 u
92 788 234 873 adspectu,
256 788 307 849 sed
323 789 424 848 absens
443 789 567 848 furentis
590 805 631 850 est
659 791 763 851 similis
782 812 843 871 ¹nee
861 805 949 850 noctu
979 793 1057 872 capit
1080 813 1228 867 somnum,
1258 812 1311 851 nec

10 900 32 957 tp
91 883 206 947 interdiu
235 888 382 962 consistit,
406 886 456 946 sed
485 889 597 965 quaerit
624 888 721 950 ubivis
747 890 900 970 pulcrum,
926 892 1008 969 cujus
1035 891 1111 949 ferre
1139 911 1198 948 non
1219 903 1312 971 potest

10 1000 25 1036 ³
87 983 262 1046 desiderium.
303 985 475 1066 Adspiciens
495 1000 588 1045 autem
608 988 704 1048 denuo
731 1003 760 1047 et
778 988 914 1049 hauriens
937 988 1029 1048 veluti
1049 1008 1085 1047 ex
1109 989 1201 1047 oculis
1229 987 1312 1046 efflu³

83 1084 157 1142 tium
177 1083 345 1166 cupidinis,
374 1081 429 1143 τοῦ
449 1078 569 1167 ἱμέρου,
590 1107 647 1165 que
672 1086 804 1166 liquescit
831 1086 946 1161 denuo,
967 1087 1106 1167 respirat,
1131 1085 1311 1165 stimulisque

10 1174 25 1236 t'
75 1195 99 1240 et
118 1182 275 1242 doloribus
292 1183 449 1260 liberatus,
471 1186 525 1245 hac
550 1186 657 1245 fruitur
673 1183 848 1244 'dulcissima
872 1184 1030 1265 voluptate.
1073 1186 1213 1261 Quocirca
1233 1185 1310 1245 ultro

10 1280 22 1365 r}
70 1300 225 1360 nunquam
244 1280 384 1360 relinquit
402 1283 555 1364 pulcrum,
577 1305 629 1344 nee
648 1283 806 1362 quidquam
824 1283 925 1365 pulcro
943 1284 1036 1364 pluris
1055 1285 1145 1360 facit,
1170 1283 1220 1344 sed
1246 1304 1310 1343 ma-

10 1398 22 1457 q
68 1379 146 1453 tris,
164 1379 306 1454 fratrum,
326 1381 480 1440 amicorum
495 1382 696 1456 obliviscitur,
717 1403 770 1440 nec
790 1395 872 1440 curat
890 1402 949 1440 rem
969 1382 1159 1458 familiarem,
1179 1382 1310 1461 quamvis

10 1501 13 1521 =
68 1465 254 1557 negligentia
278 1493 389 1558 pereat,
418 1481 476 1539 imo
501 1479 636 1540 decorum
664 1493 692 1538 et
718 1479 889 1554 honestum,
909 1500 965 1559 quo
992 1493 1076 1538 antea
1102 1501 1131 1538 se
1160 1480 1310 1555 efferebat,

19 1634 22 1639 ,
68 1576 238 1635 contemnit
254 1590 283 1635 et
301 1577 497 1659 servit'plane
515 1579 639 1653 amasio,
659 1598 712 1636 nec
731 1577 855 1637 discedit
874 1576 910 1635 ab
935 1598 967 1636 eo
992 1591 1097 1652 noctu,
1118 1579 1224 1659 quippe
1252 1599 1312 1637 nou

10 1699 24 1736 a.
70 1687 233 1733 teneratur
250 1687 380 1749 tantum,
401 1676 451 1735 sed
470 1676 628 1735 remedium
647 1697 712 1734 eum
730 1675 817 1734 habet
835 1676 1065 1756 gr·avissim0rum
1088 1676 1229 1736 dolorum.
1253 1673 1281 1754 l)

12 1779 23 1851 ,l
106 1769 172 1830 Hic
191 1770 401 1849 enthusiasmus
418 1786 459 1832 est
483 1764 603 1849 ainoris,
625 1774 658 1834 in
680 1796 737 1854 quo
761 1773 952 1847 describendo
972 1795 1038 1833 cum
1065 1775 1156 1855 poetis
1184 1774 1312 1851 antiquis

73 1883 253 1930 concertasse
280 1869 397 1931 videtur
424 1871 513 1933 Plato.
555 1858 627 1932 Naris
649 1893 764 1932 carmen
792 1885 834 1932 est
862 1873 1160 1954 plarre,·quamquam
1190 1871 1311 1952 plenum

11 1992 37 2052 ap,
76 1962 297 2048 philosophiae:
328 1982 356 2028 et
379 1970 415 2029 ab
445 1971 531 2031 initio
553 1971 668 2031 dixerat
695 1971 840 2045 Socrates,
862 1971 998 2030 refertum
1025 1988 1054 2031 se
1081 1984 1181 2052 pectus
1205 1968 1311 2029 habere

10 2088 36 2126 nr
78 2080 195 2140 eorum,
215 2088 286 2145 quae
311 2089 329 2125 a
346 2069 493 2150 poetis,a
522 2068 676 2150 Sapphone
702 2071 734 2130 in
757 2071 862 2150 primis
890 2084 918 2129 et
945 2074 1124 2129 Anacreonte
1151 2080 1309 2150 acceperat.

10 2167 38 2223 ih
79 2157 134 2217 Nec
165 2163 274 2225 Graeca
303 2166 408 2245 aliquis
436 2188 521 2225 sensu
547 2168 703 2247 affectuque
727 2169 840 2247 legerit,
862 2169 934 2247 quin
954 2168 1127 2249 Sapphicam
1145 2167 1309 2228 vereratio·

24 2283 38 2320 r
80 2274 142 2317 nem
163 2262 422 2343 sublimitatemque
441 2267 598 2344 agnoverit.
640 2269 733 2325 Pauca
756 2266 840 2325 nobis
868 2282 1021 2348 supersunt
1041 2266 1157 2327 Lesbiae
1183 2265 1309 2345 poetriae

12 2374 45 2431 st,
79 2349 250 2436 fragmenta,
267 2362 318 2422 sed
333 2379 459 2444 superest
469 2366 570 2423 amoris
584 2364 753 2445 descriptio,
765 2386 824 2424 una
838 2367 929 2425 instar
941 2366 1131 2446 plurimorum
1141 2365 1309 2424 carminum.

10 2471 29 2513 ⁵*
239 2463 244 2469 ’
335 2516 374 2527 --
398 2473 438 2554 ώς
457 2474 514 2563 γάρ
537 2475 608 2540 eido)
631 2500 676 2554 σε,
698 2474 828 2560 βραχέας
848 2502 885 2558 με
908 2478 1009 2560 φωνᾶς

661 2576 748 2642 οὐδὲν
769 2576 811 2642 ἔτ’
830 2577 898 2656 iisse,

336 2680 409 2746 ἄλλα
430 2682 546 2764 καμμὲν
566 2679 673 2765 yloioo'
695 2678 773 2765 ἔαγε·
795 2679 902 2746 terres
923 2678 951 2746 δ’

314 2783 434 2848 αὐτίκα
454 2789 524 2871 χρῶ
544 2787 603 2871 πῦρ
625 2781 878 2875 ὑποδεδρόμακεν,

335 2884 509 2952 όαπάτεσσιν
531 2884 558 2950 d'
578 2885 665 2951 οὐδὲν
687 2882 790 2972 dppp’,
813 2886 936 2970 ἐπιβομ-

658 2993 740 3074 βοῦσι
762 2988 790 3053 d‘
811 2986 907 3054 ἄκουε·

331 3093 416 3178 redd
436 3092 527 3181 ἱδρώς
547 3091 669 3181 ψυχρός
690 3091 803 3177 girum,
824 3090 936 3179 τρόμος
958 3092 993 3156 δὲ

333 3200 429 3261 πᾶσαν
450 3195 534 3283 α’γρεῖ
553 3237 596 3285 -Ι

10 2670 32 2709 ρ,

11 2766 21 2804 l

10 3362 12 3399 ζ
70 3366 333 3395 '’x-*m

10 3445 13 3499 3
100 3454 132 3523 ¹)
158 3474 263 3527 Phaedr.
286 3474 386 3543 250-
404 3473 462 3527 252
480 3475 510 3527 Β.
535 3415 811 3540 Animadvertendum,
831 3482 977 3579 corruptum
995 3472 1079 3527 videri
1097 3474 1182 3526 locum
1200 3475 1258 3528 249.
1278 3473 1310 3528 D

12 3534 151 3611 Ἕσῖι
184 3554 224 3641 dri
255 3554 307 3620 οὖν
336 3530 473 3643 deripe
455 3584 470 3621 o
503 3560 561 3635 πᾶς
595 3583 676 3643 quma
713 3554 799 3640 λόγος
829 3558 895 3659 napi
927 3558 982 3641 τῆς
1012 3553 1154 3643 τετάρτης
1185 3558 1310 3645 μανίας,

10 3674 14 3682 “
74 3657 145 3713 ΨΜ
173 3671 215 3721 vix
242 3666 365 3720 Graecum
391 3678 438 3720 est.
476 3663 539 3722 Leni
567 3671 748 3723 emendatione
773 3654 934 3739 legendum:-
952 3657 1032 3723 Ἔστι
1064 3657 1104 3743 δη
1140 3657 1191 3724 ουν
1223 3663 1311 3746 δεῦρο

65 3754 314 3842 Ἤθῦσήκων
296 3785 312 3823 ο
337 3786 405 3836 πας
431 3755 567 3842 λογος-
595 3774 643 3824 litte
664 3775 740 3840 ipimr
755 3775 862 3841 pertinet
878 3775 954 3824 omnis
969 3791 1048 3825 sermo
1065 3777 1094 3826 de
1111 3784 1201 3841 quarta
1215 3777 1312 3839 suroris

70 3861 163 3922 ῬΝ
187 3872 306 3923 Ficinus:
335 3871 417 3923 Tendit
437 3875 512 3940 e'prtur
537 3875 585 3924 hee
608 3875 684 3924 onmis
705 3890 791 3924 sermo.
815 3873 920 3940 ltemp.
939 3872 1034 3925 2453.
1059 3858 1141 3943 μηδὲ
1163 3887 1207 3937 τις
1232 3857 1312 3945 ἡμᾶς

70 3932 163 4033 ²⁰2‘09
191 3960 359 4044 θορυβείτω
390 3957 607 4042 δεδιττόμενος,
641 3958 682 4037 οἷς
711 3987 770 4046 προ
804 3964 860 4026 τοῦ
883 3960 1065 4128 κεκαημένρυ
1090 3988 1144 4026 τον
1171 3958 1311 4047 σώφρονα

51 4039 109 4098 ,δεῖ
131 4068 347 4148 προαιρεῖσθαι
362 4064 490 4144 φίλον
460 4076 641 4145 legendum
655 4085 695 4128 est
711 4065 838 4149 θορυβεῖ
836 4088 878 4129 τω
901 4092 920 4127 α
925 4061 1156 4148 ῑνιττόμενος.
1176 4073 1215 4125 cf
1225 4077 1309 4127 Stetit.

68 4141 145 4207 {th
169 4166 185 4218 l
204 4169 322 4221 Fieinus:
341 4188 400 4220 nere
417 4170 468 4221 ulla
487 4188 529 4220 nos
551 4172 615 4221 ratio
634 4172 783 4234 absterreat,
801 4174 924 4224 ostendens
940 4201 971 4212 —·
1213 4178 1215 4182 “
