2796 5048
684 189 742 281 aas

82 377 162 439 dere
187 377 227 438 ad
251 399 394 439 summum
419 378 522 454 decet,
553 380 604 457 qui
633 380 672 439 ad
699 382 761 442 reri
786 384 937 443 scientiam
957 384 1104 458 tendunt,
1124 390 1256 448 accursse
1273 388 1325 448 hos

81 477 175 537 Plato
191 475 349 553 delinivit,
370 499 424 537 nos
441 491 536 536 autem
556 478 643 537 facile
662 500 677 538 e
697 477 785 538 dictis
804 478 971 541 efficiemus.

183 671 491 755 Degrodidua,
522 675 678 751 quibua
706 680 748 730 in
777 675 970 732 mundum
995 669 1171 755 νοητδν,
1201 679 1251 736 od

370 771 488 830 ideae
516 773 766 847 spectandas
794 777 1077 857 reconditur.¹

128 965 264 1039 Quatuor
290 978 359 1024 sunt
386 964 434 1025 illi
461 965 541 1046 apud
565 964 732 1040 Platonem,
754 987 876 1043 quorum
895 989 1022 1030 summus
1041 942 1144 1051 adquae
1164 984 1223 1030 cst:
1247 967 1325 1028 unde

80 1053 262 1142 ἐπιστήμη,
293 1070 423 1124 scientio
450 1072 516 1121 veri
526 1110 535 1140 ,
567 1057 735 1123 αὐτοῦτοῦ
757 1055 998 1136 flavescentia
1027 1072 1149 1131 exsistit.
1191 1064 1276 1141 Quod
1296 1079 1326 1126 ut

79 1175 156 1242 apte
178 1161 324 1222 Glauconi
344 1157 520 1220 demonstret
536 1162 685 1238 Socrates,
705 1185 792 1243 quam
810 1158 1032 1243 diligentissime
1053 1191 1069 1228 a
1087 1165 1198 1227 mundo
1217 1178 1325 1244 specta·

80 1258 145 1319 hili
166 1257 385 1337 intelligibilem
405 1258 579 1337 distinguit,
601 1258 648 1318 illi
669 1261 815 1340 quidquid
835 1256 978 1331 δοξαστὸν
999 1280 1060 1341 est,
1080 1266 1150 1325 huic
1171 1255 1210 1322 ed
1227 1280 1325 1341 γνωσ-

79 1348 142 1417 niv
163 1356 306 1415 tribuens.
347 1353 405 1413 Sed
434 1355 529 1433 ipsum
557 1356 676 1416 illorum
704 1377 882 1436 sermonem,
905 1376 937 1421 ut
954 1384 1000 1422 res
1017 1363 1104 1443 plene
1123 1363 1327 1442 intelligatur,

80 1474 278 1538 apponamus.
324 1451 467 1526 «Veluti,
497 1453 612 1532 inquit,
634 1455 750 1534 acceptl
770 1455 849 1516 linea
868 1458 1007 1540 bipartito
1026 1461 1059 1518 in
1078 1460 1212 1539 aequales
1230 1473 1327 1539 partes

80 1553 233 1626 dissecta,
272 1563 422 1628 utramque
456 1563 585 1629 partem,
616 1551 733 1610 alteram
772 1556 940 1633 spectabilis
966 1558 1097 1636 generis,
1128 1554 1328 1636 intelligibilis

80 1651 230 1725 alteram,
249 1646 278 1728 l)
308 1647 398 1706 simili
427 1648 539 1706 ratione
564 1670 662 1708 rursus
677 1648 805 1708 disseca:
826 1653 912 1712 facile
930 1654 971 1713 ita
990 1655 1022 1713 in
1043 1655 1088 1713 his
1109 1655 1245 1733 utrinque
1264 1653 1326 1712 cla-

79 1751 205 1809 ritatem
234 1760 262 1804 et
286 1744 491 1804 obscuritatem
519 1745 709 1826 comparabis.
761 1749 797 1808 ln
826 1750 979 1831 spectabili
1008 1772 1112 1830 genere
1140 1751 1231 1811 altera
1257 1772 1325 1831 pars

79 1858 177 1907 erunt
205 1842 377 1903 simulacra:
409 1840 476 1900 dico
503 1856 597 1901 autem
626 1843 795 1919 simulacra,
816 1850 943 1925 primum
964 1848 1099 1922 umbras,
1121 1863 1183 1907 tum
1201 1849 1325 1926 quaein

78 1944 171 2024 aquis
200 1953 357 2022 apparent,
388 1959 518 2017 quaeque
549 1940 582 1998 in
612 1939 698 1999 rebus
728 1941 890 2022 quibusque
911 1944 1029 2020 densis,
1051 1944 1197 2019 lactibus,
1219 1944 1342 2003 lucidis.

78 2041 198 2102 adsunt
218 2052 247 2097 et
263 2036 410 2117 quidquid
437 2036 636 2115 hujuscemodi
656 2051 713 2097 est:
736 2043 878 2100 tenesne?
899 2080 935 2091 -
966 2044 1064 2101 Teneo
1084 2062 1162 2117 vero.
1177 2081 1213 2091 -
1241 2041 1326 2101 Alte-

80 2159 150 2199 ram
176 2149 287 2218 partem
314 2155 390 2215 pone
416 2133 469 2192 illa
497 2136 611 2215 negotia
636 2137 806 2211 continere,
836 2159 959 2215 quorum
977 2139 1062 2212 haec,
1083 2159 1156 2217 quae
1176 2134 1324 2211 diximus,

78 2234 242 2296 simulacra
260 2245 348 2306 sunt,
368 2231 507 2292 animalia
526 2232 657 2317 scilicet,
677 2255 750 2312 quae
768 2235 847 2314 apud
866 2257 918 2294 nos
935 2249 1003 2294 sunt
1016 2256 1171 2315 omnesque
1190 2234 1324 2294 arborum

78 2347 114 2395 et
141 2331 330 2413 plantarum,
361 2350 457 2387 rerum
487 2329 557 2388 item
584 2344 646 2389 arte
672 2333 814 2389 factarum
839 2333 956 2412 species.
975 2370 1011 2382 -
1051 2333 1139 2392 Pono.
1159 2369 1194 2380 -
1231 2331 1322 2390 Visne

77 2430 174 2493 ctiam
193 2441 341 2504 utramque
361 2425 436 2485 hanc
456 2440 567 2506 partem
586 2427 746 2487 secundum
766 2427 817 2502 id,
838 2430 917 2507 quod
935 2419 1037 2489 verum
1056 2442 1145 2488 estet
1165 2428 1243 2508 quod
1262 2450 1323 2488 non

77 2541 129 2589 est
159 2546 279 2599 verum,
310 2522 457 2599 discerni,
479 2537 530 2598 ut,
557 2524 799 2602 quemadmodum
820 2546 852 2584 ea
870 2547 943 2605 quae
964 2535 1127 2604 opinamur
1144 2527 1182 2585 ad
1200 2547 1233 2584 ea
1250 2546 1323 2603 quae

77 2632 276 2706 eognovimus
295 2643 324 2681 sc
343 2606 467 2696 bibent,
487 2624 528 2681 sic
551 2622 704 2682 simulacra
724 2623 761 2682 ad
782 2623 834 2703 illa
850 2643 880 2682 se
894 2623 1022 2682 habeant
1041 2643 1113 2700 quae
1130 2622 1324 2681 referunt?-

77 2723 186 2785 Velim
215 2719 358 2799 equidem.
373 2756 410 2767 —
439 2720 517 2780 Vide
543 2722 604 2798 jam
630 2719 831 2798 intelligibilis
857 2720 970 2800 generis
987 2721 1161 2790 sectionem,
1182 2718 1324 2796 quemad-

77 2819 203 2883 modum
226 2816 430 2877 dissecandum
449 2820 496 2878 sit.
517 2858 552 2868 -
592 2818 656 2890 Qua
676 2816 732 2875 tibi
752 2819 863 2876 ratione
881 2816 1022 2877 videtur?
1039 2853 1075 2865 -
1105 2817 1218 2888 Haece,
1240 2828 1272 2872 ut
1290 2817 1322 2875 in

78 2917 178 2979 altera
206 2928 287 2996 parte
317 2915 431 2975 animus
459 2915 540 2988 illis,
570 2935 643 2992 quae
672 2913 756 2972 modo
775 2914 984 2989 discrevimus,
1005 2927 1143 2991 tanquam
1162 2911 1323 2971 simulacris

79 3030 191 3088 utens,
223 3012 370 3090 inquirere
385 3019 516 3091 'cogatur
543 3011 581 3069 ab
601 3004 780 3071 ὑποθέσεσιν
800 3013 890 3086 inde,
912 3032 972 3070 non
993 3012 1032 3071 ad
1051 3009 1249 3090 principium,
1270 3009 1321 3069 sed

77 3112 124 3175 ad
153 3111 244 3170 linem
269 3108 474 3189 progrediens:
505 3111 537 3169 in
566 3112 657 3170 altera
683 3133 752 3171 vero
778 3123 859 3191 parte
878 3107 917 3167 ad
935 3109 1114 3188 principium
1135 3101 1322 3168 ἀνυπόθετον

58 3209 203 3284 ¹tendat,
226 3228 262 3267 ex
281 3199 425 3281 ὑπσθέσιι
445 3209 623 3286 escendens,
644 3231 675 3268 ac
696 3209 759 3268 sine
777 3206 958 3279 simulacris,
979 3225 1052 3283 quae
1071 3206 1128 3265 huc
1141 3209 1322 3281 referuntur,

77 3307 156 3391 ipsis
187 3306 261 3366 ideis
286 3328 340 3387 per
365 3306 451 3366 hasce
478 3306 554 3386 ipsas
581 3307 692 3366 ratione
720 3305 915 3387 procedens.»
941 3300 992 3382 2)·
1013 3302 1100 3376 Quod
1125 3318 1276 3383 postquam
1306 3326 1321 3364 e

58 3404 256 3487 ‘geometriae
285 3426 318 3464 ac
344 3404 518 3469 ,dialecticae
538 3403 697 3484 disciplina
716 3401 877 3463 declaravit
896 3399 1046 3473 Socrates,
1067 3399 1180 3459 Glauco
1203 3421 1218 3453 a
1230 3401 1320 3459 intel-

77 3502 162 3585 ligo,
194 3502 311 3580 inquit,
341 3522 423 3583 aegre
451 3500 589 3579 quidem,
619 3521 672 3559 nec
693 3499 779 3559 satis:
802 3497 912 3559 videris
931 3497 1009 3555 enim
1028 3494 1100 3552 mibi
1121 3496 1230 3575 grande
1249 3517 1320 3576 opus

78 3599 182 3661 moliri
189 3624 200 3677 3
218 3599 308 3660 -velle
336 3613 431 3659 autem
456 3612 485 3656 te
513 3599 660 3678 suspicor,
689 3597 796 3654 clarius
824 3614 883 3652 esse
902 3591 1000 3665 illud,
1021 3592 1101 3670 quod
1121 3593 1153 3651 in
1170 3586 1225 3667 iis,
1245 3615 1318 3671 quae

77 3710 154 3759 sunt
181 3710 212 3756 et
239 3711 335 3756 mente
362 3696 584 3778 weipiuntur,
615 3695 785 3753 dialecticae
813 3690 934 3749 scientia
955 3702 1117 3768 spectatur,
1138 3711 1223 3769 quam
1242 3692 1321 3770 quod

75 3814 137 3877 per
158 3807 239 3855 artes
254 3792 368 3871 aliquis
388 3792 500 3872 assequi
519 3790 633 3852 studeat
643 3837 652 3866 ,
673 3790 779 3869 quibus
799 3788 947 3899 principia
967 3778 1126 3860 υποθέσιις
1146 3804 1230 3848 sunt:
1254 3788 1320 3848 dta-

73 3887 151 3979 »yrlqa
170 3888 254 3950 illi
245 3911 277 3949 ιιι
303 3889 460 3971 spectando
491 3890 534 3948 uti
564 3887 693 3962 debent,
714 3909 774 3946 non
805 3876 994 3965 αἰσθήσεσιν·
1018 3882 1068 3947 dui
1090 3885 1126 3949 δὲ
1147 3883 1184 3948 τό
1205 3913 1249 3970 μη
1273 3882 1320 3947 e‘n’

58 3960 186 4179 *ff
210 3982 393 4062 ἀνελθόντας
421 3988 551 4061 σκοπεῖν,
580 3980 700 4058 ἄλλ’ἔξ
724 3979 915 4063 νπσθέσεων,
941 3987 1028 4049 νοῦν
1053 3984 1105 4050 οὐκ
1132 3985 1226 4069 ἴσχειν
1252 3987 1322 4071 περὶ

588 4076 603 4103 0

113 4194 146 4261 1)
164 4193 203 4261 (ln
222 4191 325 4245 Graecia
340 4165 447 4242 confusa
466 4197 526 4241 sunt
548 4187 682 4256 quaedam.
717 4187 821 4241 Rectius
833 4189 915 4241 verba
935 4176 972 4243 τό
992 4205 1023 4243 τε
1043 4203 1097 4242 τον
1084 4174 1319 4262 ορωμένσν-

69 4269 245 4355 ωουμῶσν
267 4289 396 4347 ponantur
416 4290 476 4335 aute
497 4269 585 4336 ncilla
605 4271 748 4354 τέμνε-
752 4270 915 4357 lo'yovffl
947 4280 1007 4346 Ed.)

111 4375 143 4442 2)
167 4375 214 4430 cu.
234 4377 346 4429 adhaec
368 4378 517 4445 explicanda
537 4394 603 4446 quae
624 4395 702 4446 supra
722 4381 913 4448 monuimusp.
933 4377 1002 4443 230,
1021 4376 1088 4442 234,
1106 4377 1166 4430 289.
