2796 5048
659 242 716 303 128

80 406 111 464 in
138 417 262 463 mentem
285 402 357 462 milri
387 404 485 465 venit:
517 423 582 462 cum
609 403 670 464 sint
696 404 764 464 illae
785 405 916 463 ‘numeru
948 402 1103 479 infinitae,
1134 400 1301 463 conando·

76 519 155 578 esse,
203 512 235 557 ut
272 518 331 555 una
363 496 674 578 comprehenderentur
713 497 831 578 specie,
877 518 934 577 qua
970 498 1195 579 appellarentur
1231 520 1302 559 cun·

78 609 168 654 ctae.»
199 592 228 675 l)
268 593 353 669 Quod
370 609 518 676 postquam
542 607 607 675 apte
632 593 771 672 docteque
802 593 953 674 exposuit,
983 592 1113 653 Socrates
1133 596 1300 670 adminm,
1326 594 1332 613 “

82 693 210 773 «optime
227 712 278 752 vos
294 693 422 751 omnium
431 738 440 767 ,
461 693 576 770 inquit,
597 713 614 750 o
632 694 732 772 pueri:
754 693 887 769 quocirca
906 690 1074 751 Theodorus
1092 678 1169 752 milii
1190 690 1302 755 videtur

80 811 140 850 non
159 791 225 854 salsi
242 809 300 848 esse
320 792 474 850 testimonii
494 811 569 849 reus.
592 790 700 847 -Hic
728 789 815 848 solers
840 788 1026 865 adolescens,
1055 792 1156 869 atqui,
1190 790 1301 869 inquit,

81 911 141 950 non
159 909 273 970 possum
296 908 345 967 ego
365 887 403 946 ad
421 909 471 964 ea,
491 908 563 966 quae
587 885 624 946 de
646 888 767 945 scientia
786 889 972 966 quaesivisti,
994 889 1034 946 sic
1053 886 1255 968 respondere,
1272 898 1301 947 ot

80 987 118 1046 dc
146 986 334 1069 potestatibus
362 985 435 1045 mihi
463 985 547 1045 licuit
575 986 608 1044 in
631 986 827 1065 geometricis5
859 985 1042 1064 quamobrem
1070 986 1163 1044 falsus
1188 998 1302 1069 apparet

80 1085 178 1145 denuo
197 1084 375 1144 Theodorus.
397 1113 430 1123 -
451 1084 525 1142 Tum
543 1083 594 1142 ille
604 1128 614 1159 ,
634 1082 731 1163 quid?
752 1084 811 1158 ait,
832 1085 856 1143 si
876 1086 901 1143 is
919 1097 977 1142 tea
996 1085 1135 1145 currendi
1152 1084 1302 1146 velocitate

83 1183 224 1259 laudans,
245 1181 361 1242 nullum
379 1202 408 1241 se
428 1181 537 1241 diceret
555 1175 764 1241 adolescentem
784 1181 910 1257 vidisse,
931 1182 981 1262 qui
1004 1195 1061 1243 tam
1080 1184 1140 1242 cito
1159 1195 1300 1259 currerat

83 1296 116 1344 tu
136 1302 206 1343 vcro
224 1301 343 1340 currens
361 1279 499 1341 velociter
508 1325 517 1356 ,
537 1280 575 1338 ah
592 1279 692 1340 adulto
710 1294 805 1339 tamen
821 1295 848 1339 et
867 1284 996 1341 omnium
1012 1280 1196 1344 velocissimo
1215 1282 1301 1343 rictu

84 1399 176 1455 esses,
196 1379 293 1437 minus
319 1390 352 1438 tu
378 1377 457 1439 hunc
480 1377 590 1438 diceres
617 1400 684 1441 vere
710 1392 738 1438 te
767 1378 921 1440 laudasse?
944 1410 976 1420 -
997 1379 1084 1439 Haud
1107 1379 1254 1460 equidem.
1273 1408 1300 1419 -

33 1495 35 1500 ·
86 1477 241 1537 Scientiam
260 1497 346 1552 vero,
367 1492 452 1556 quem
476 1476 559 1536 modo
586 1478 756 1553 memoravi,
776 1478 929 1554 invenire,
951 1477 1015 1539 leve
1043 1476 1191 1556 quoddam
1220 1497 1301 1559 nego-
1334 1536 1336 1565 ÷

87 1577 160 1635 uum
177 1595 235 1634 esse
249 1587 352 1656 putas,
377 1596 437 1634 non
457 1578 638 1636 marimum?
660 1607 692 1616 —
711 1577 764 1635 Per
783 1576 885 1636 Jovem
903 1574 1054 1654 equidem,
1075 1590 1103 1634 et
1123 1596 1195 1637 vero
1214 1576 1299 1636 onni-

74 1694 137 1748 Ιιιιιι
163 1673 327 1734 memorum.
360 1703 391 1715 ·-
422 1674 541 1734 Confide
566 1676 654 1755 igitur
677 1674 789 1736 viribus
813 1675 889 1750 tuis,
910 1687 938 1733 ct
966 1674 1151 1734 Theodorum
1176 1675 1297 1735 existima

88 1792 158 1836 rere
172 1769 285 1849 dicere,
307 1773 438 1832 annitere
458 1788 552 1833 autem
571 1775 650 1833 omni
668 1773 764 1833 studio
784 1793 848 1831 cum
872 1770 909 1830 de
928 1775 1064 1850 caeteris,
1085 1786 1147 1832 turn
1167 1771 1295 1833 etiandt

87 1871 150 1950 ipsa
168 1870 306 1948 scientia,
319 1872 475 1948 rationem,
490 1872 563 1953 quid
577 1874 633 1950 sit,
653 1873 798 1951 consequi.
809 1894 842 1904 -
853 1870 884 1930 Si
902 1871 1032 1931 studium
1050 1872 1161 1952 agitur,
1180 1894 1199 1933 o
1213 1871 1295 1933 Som-

88 1985 149 2046 tes,
166 1969 278 2051 patebit
302 1971 440 2052 profecto.
464 1994 493 2004 ··
515 1976 573 2053 Age
601 1974 707 2053 igitur:
728 1972 830 2052 pulcre
858 1971 936 2029 enim
959 1971 1097 2052 coepisti3
1120 1970 1160 2030 da
1178 1986 1292 2052 operam,

89 2083 138 2146 ut,
158 2068 396 2149 quemadmodum
413 2085 582 2152 potestates,
601 2092 673 2150 quae
696 2071 802 2128 multae
825 2083 912 2144 sunt,
934 2090 991 2127 una
1010 2070 1105 2150 specie
1123 2064 1291 2152 comprehu-

89 2169 178 2244 disti,
202 2188 282 2226 nunc
292 2213 301 2244 ,
321 2172 501 2250 temetipsum
527 2171 663 2245 imitans,
683 2169 817 2228 scientias
837 2168 945 2248 pariter
965 2188 1023 2228 una
1042 2166 1219 2229 definitione
1236 2182 1291 2227 cc*

88 2267 241 2349 plectere.»
290 2267 402 2341 Quibus
432 2268 528 2328 verbis
555 2289 572 2326 a
599 2268 712 2327 Socrate
735 2268 879 2342 monitus,
900 2287 979 2325 nunc
999 2267 1121 2326 maxime
1142 2267 1295 2327 Theaettttt

91 2388 151 2425 non
170 2365 332 2425 doctrinam
354 2387 451 2442 suam,
472 2365 523 2426 sed
549 2369 697 2448 proprium
723 2367 780 2425 sihi
808 2365 961 2425 doctrinae
982 2365 1110 2425 studium
1134 2374 1299 2442 amoremqe

91 2461 215 2544 prodit.»
253 2463 331 2524 Scito
350 2484 417 2527 vcro
427 2511 436 2542 ,
456 2466 570 2545 inquit,
591 2487 608 2525 o
624 2465 769 2525 Socrates:
790 2485 993 2546 saepenumero
1010 2463 1087 2523 illud
1106 2464 1304 2545 equidemper·

93 2563 202 2643 spicere
221 2578 339 2624 conatus
357 2585 437 2641 sum,
458 2586 547 2645 quum
565 2565 616 2625 has
634 2587 651 2624 a
669 2579 696 2625 te
711 2565 825 2625 institui
841 2565 1020 2644 quaestiones
1034 2563 1167 2623 audirem
1177 2587 1186 2641 ;
1210 2572 1309 2624 verua·
1334 2580 1336 2585 ·

94 2673 190 2720 tamen
207 2683 300 2742 neque
324 2663 385 2744 ipse
404 2664 477 2723 milri
498 2664 580 2747 potui
607 2661 796 2746 persuadere,
818 2683 862 2723 me
889 2676 965 2721 recte
985 2660 1023 2721 ad
1048 2683 1095 2722 eas
1121 2659 1315 2744 responderes

93 2781 186 2840 neque
206 2760 243 2820 ab
266 2763 324 2822 alio
343 2763 416 2822 mihi
440 2764 568 2845 accipere
596 2763 699 2838 licuit,
719 2763 770 2842 qui
797 2763 838 2821 sic
849 2807 858 2838 ,
880 2775 910 2820 ut
927 2774 969 2820 *tu
983 2761 1087 2839 jubes,
1108 2759 1319 2843 responderat

94 2879 148 2919 nec
168 2873 264 2919 tamen
290 2881 340 2943 spe
358 2862 440 2944 potui
460 2861 612 2939 excidere,
642 2863 722 2937 fore,
753 2873 785 2919 ut
812 2860 891 2920 illud
909 2881 1072 2940 assequerer
1094 2857 1263 2938 aliquando.
1286 2836 1323 2919 ᾗ)

95 2959 170 3017 Tum
187 2979 256 3018 vero
283 2958 426 3037 Socrates,
448 2948 576 3020 animum
599 2960 788 3022 adolescentis
815 2960 1009 3041 perspiciens,
1030 2961 1204 3040 optimarum
1223 2954 1327 3015 rerufl

26 3086 33 3093 ·
96 3054 200 3115 studiis
225 3056 346 3138 plenum
373 3072 400 3118 et
419 3060 499 3139 quasi
529 3061 698 3140 gravidum:
736 3053 886 3131 Ὠδίνεις
916 3052 1002 3140 γάρ,
1033 3059 1149 3138 inquit,
1179 3046 1207 3117 ol
1239 3046 1329 3137 pil*

97 3150 290 3236 Θεαίτητε,
318 3150 378 3216 dcci
403 3151 446 3217 td
470 3152 521 3241 μή
546 3153 648 3234 κενός
674 3154 745 3220 ἀλλ’
771 3154 934 3241 ἐγκύμων
960 3153 1061 3220 εἶναι.
1103 3157 1133 3215 P
1144 3152 1332 3217 (ινέιινίΙ

98 3260 292 3335 scilieet,
327 3282 342 3319 o
376 3269 505 3320 amice
548 3262 794 3341 Theaeteto,
828 3274 1064 3343 propterca
1101 3259 1207 3339 quod
1239 3254 1335 3317 ποθ’

99 3379 257 3418 vacuus
287 3381 344 3435 ee,
365 3361 721 3443 sedpraegnans.»
746 3361 778 3445 3)

112 3484 119 3499 ·
140 3456 187 3516 Sic
207 3478 297 3517 sermo
316 3458 446 3540 procedit
472 3459 543 3535 ille,
564 3474 638 3520 totus
661 3461 699 3521 ad
721 3461 908 3522 excitandum
930 3461 1013 3542 pueri
1040 3459 1192 3538 ingenium
1210 3460 1336 3515 accola*

101 3557 248 3636 modatus3
270 3577 302 3615 ac
320 3559 429 3641 profert
448 3557 518 3618 dein
535 3558 704 3621 Theaetetus
727 3576 755 3621 et
776 3563 858 3642 quasi
876 3563 952 3641 parit
971 3560 1089 3638 ingenio
1114 3557 1210 3618 varias
1237 3552 1336 3613 ides

101 3655 191 3716 tidem
210 3656 345 3716 scientiae
361 3657 555 3719 definitiones.
582 3658 638 3719 Sed
656 3661 739 3720 nobis
755 3661 804 3720 hic
819 3659 979 3742 paullisper
998 3654 1224 3717 subsistendum.
1249 3650 1336 3711 sert·

85 3745 193 3814 'tentia
211 3757 288 3815 enim
307 3757 376 3817 haec
394 3757 533 3834 Socratis,
553 3760 731 3840 paucissimis
746 3760 843 3822 verbis
862 3779 946 3838 quam
964 3756 1088 3838 plurima
1109 3768 1136 3814 et
1154 3746 1336 3833 gravissi&

103 3855 255 3914 continens
264 3901 273 3932 ,
294 3857 432 3933 ejusmodi
451 3870 492 3916 est
501 3903 510 3934 ,
532 3872 580 3935 ut,
601 3856 672 3938 quid
691 3857 796 3917 efficiat
814 3859 847 3917 in
864 3868 977 3940 pectore
992 3842 1205 3914 hominis'oeri
1223 3856 1326 3907 amr?
1334 3876 1336 3901 :

102 3974 355 4021 -4-

138 4078 164 4145 1)
183 4081 277 4133 raeaet.
300 4075 351 4125 ιιι
368 4078 399 4128 o.

138 4175 164 4242 2)
184 4161 230 4229 Oti
258 4161 314 4245 μὲν
344 4160 384 4248 δή
416 4158 455 4226 αὖ
478 4160 541 4226 oricl'
567 4161 764 4246 ἀπαλλαγῆναι
790 4162 845 4224 τοῦ
869 4156 990 4242 μέλλειν.
1033 4169 1092 4221 Fuit
1116 4180 1174 4216 cum
1196 4154 1336 4214 nomn!

105 4256 308 4356 tuiipsittdr.
351 4277 467 4329 Ficinus:
490 4285 603 4337 deantere
623 4286 654 4336 at
670 4285 717 4334 laec
730 4285 890 4336 meditatione.
927 4279 979 4333 Sed
999 4257 1175 4344 exquisitioris
1195 4279 1234 4324 eet
1249 4267 1336 4333 tlt-²

108 4395 220 4449 Graecos
236 4412 297 4446 usus
313 4377 438 4463 μέλλέιν,
461 4408 535 4461 quern
550 4400 577 4443 ut
589 4399 686 4443 mutare
701 4392 838 4459 quidquam
859 4391 948 4442 ausim.
975 4386 1032 4437 Vid.
1052 4381 1143 4435 Heiod.
1161 4379 1193 4435 tul
1211 4377 1232 4429 i.
1251 4372 1263 4422 l

141 4489 168 4556 3)
187 4491 247 4543 Eud.
267 4487 317 4542 148
334 4490 363 4542 E.
