2774 5048
65 421 92 487 di
109 418 227 507 ἀριθμοὶ
246 417 345 504 πάσης
365 420 420 504 τῆς
440 415 556 503 φύσεως
577 424 702 506 πρῶται,
728 417 770 483 eoi
790 423 861 483 τῶν
881 417 1051 539 ι’ψθμῶν
1072 428 1251 506 στοιχεῖα,

64 527 113 589 scir
127 521 235 589 ὄντων
255 528 420 606 στοιχεῖα
440 518 584 586 πάντων
605 520 694 587 εἶναι
714 519 892 605 ὑπέλαβον.»
921 527 951 610 l)

90 630 125 690 lb
140 630 186 690 his
204 612 423 709 illi'principiis
443 628 518 702 orsi,
546 650 731 708 quaecunque
749 629 819 710 ipsis
838 622 1025 689 occurreba'nt
1044 651 1102 690 non
1123 631 1253 691 sensibus

58 700 241 811 §arripienda7
270 726 319 786 sed
346 718 417 785 duta
434 741 548 801 tamen,
577 727 623 786 his
646 728 694 790 rel
712 748 862 786 numerum
880 727 928 787 vel
947 742 1051 787 certam
1072 750 1254 790 numerorum

63 811 175 887 rationem
185 872 194 902 ‚
215 827 448 908 proportionem,
468 817 569 897 πάθος
588 827 724 901 omnino,
746 840 882 904 tanquam
900 839 1020 905 typum,
1041 802 1253 909 adscribebant.

62 924 177 999 Qiuirca
187 970 196 998 ,
217 936 251 995 nt
271 922 393 983 affirmat
411 924 486 982 idem
506 927 646 1007 scriptor,
668 925 741 1004 aliis¹
753 922 952 1003 significarunt
969 906 1036 984 sir?
1046 927 1174 985 numeris
1194 928 1255 988 sive

63 1023 198 1083 rationibus
211 1023 368 1101 justitiam,
389 1022 455 1081 aliis
471 1025 618 1097 animum,
640 1022 704 1081 aliis
723 1037 842 1102 tempus.
873 1020 1055 1082 Accedebant
1073 1044 1255 1084 numerorum

62 1121 250 1203 proportiopes,
270 1113 426 1202 ἁρμονικοὶ,
449 1121 554 1199 quibus
571 1144 664 1181 rerum
684 1121 829 1201 ipsiusque
846 1121 975 1181 universi
993 1134 1123 1180 naturam
1140 1137 1167 1182 ct
1183 1144 1255 1183 com·

62 1221 209 1279 motiones
228 1222 420 1303 explicabant.
462 1220 549 1281 Unde
569 1219 762 1299 intelligitur,
784 1230 923 1296 quantum
941 1217 1121 1311 obscuritatis
1140 1236 1256 1281 contra-

62 1314 110 1376 ltre
134 1318 269 1378 debuerit
294 1340 390 1378 eorum
410 1320 559 1379 doctrina:
590 1339 674 1397 quam
695 1317 782 1374 fuerit
801 1317 920 1396 posteris
939 1316 1043 1391 facile,
1072 1319 1122 1395 qui
1140 1319 1257 1399 ignora-

63 1428 108 1474 rut
120 1415 269 1475 doctrinae
285 1419 479 1499 propositum,
497 1418 620 1499 speciem
639 1415 726 1494 vulgo
743 1426 884 1472 ostentare
902 1413 1066 1473 reconditae
1084 1419 1257 1497 sapientiae:

61 1530 125 1590 turm
142 1494 218 1574 iteur
228 1516 312 1575 nobis
330 1517 367 1575 sit
382 1516 519 1590 difficile,
541 1515 684 1573 imovero
702 1526 815 1593 superet
831 1512 917 1592 plane
935 1513 1100 1571 facultatem
1119 1530 1259 1594 nostram,

60 1604 139 1671 lmen
166 1613 305 1673 adhibere
333 1615 460 1674 tenebris
490 1615 560 1673 istis.
603 1612 675 1669 Nam
699 1611 806 1690 optimo
831 1611 975 1690 proposito
1002 1613 1173 1693 Pythagorei
1195 1638 1259 1677 cum

55 1710 176 1789 finam
194 1712 352 1789 quaerendi
372 1715 511 1772 rationem
532 1712 681 1769 instituere
701 1723 890 1782 conarentur,
911 1709 943 1767 in
964 1711 1027 1790 ipso
1047 1714 1111 1772 viae
1132 1710 1259 1796 ingressu

55 1810 225 1873 'flerorum
244 1812 363 1870 veritate
381 1813 457 1892 capti
468 1858 477 1886 ,
507 1829 608 1888 eosque
626 1821 765 1866 sectantes
786 1808 890 1881 unice,
921 1808 953 1866 in
973 1808 1058 1869 devia
1079 1812 1260 1874 deflexerunt

56 1916 80 1963 et
96 1905 217 1966 absurda
235 1909 345 1983 omnia,
376 1908 549 1989 tandemque
570 1908 610 1965 sic
631 1907 705 1966 votis
725 1905 914 1979 exciderunt,
943 1920 975 1964 ut
996 1929 1127 1969 numeros
1145 1933 1197 1992 pro
1217 1934 1259 1971 re-

55 1996 116 2079 ht,
135 2026 188 2085 pro
207 2009 327 2066 veritate
347 2009 469 2088 speciem
489 2009 625 2078 inanem,
646 2026 698 2085 pro
716 2003 872 2083 sapientiae
892 2003 956 2062 luce
975 2008 1110 2086 mysticae
1129 2010 1259 2090 philoso-

55 2098 129 2179 phiae
147 2103 268 2163 nebulas
284 2116 537 2189 consequerentur.
989 2096 1005 2127 ³

88 2201 230 2260 Platonem
250 2203 358 2282 pariter
378 2204 503 2262 numeris
521 2202 655 2261 tribuisse
673 2199 795 2258 multum
816 2212 844 2257 et
863 2199 930 2279 plus
948 2199 1038 2276 adeo,
1068 2225 1153 2282 quam
1169 2207 1273 2287 ipsius¹

55 2294 255 2378 philosophiam
273 2300 403 2375 deceret,
424 2322 520 2360 omnes
538 2315 566 2360 et
585 2301 680 2360 sciunt
700 2312 728 2356 et
747 2319 827 2377 aegre
846 2299 962 2373 ferunt,
983 2301 1033 2377 qui
1054 2304 1114 2379 ejus
1133 2307 1259 2389 scripta,

55 2389 86 2453 ln
98 2380 197 2477 priinis
217 2399 384 2473 Timaeum,
409 2399 548 2479 legerunt.
590 2400 647 2458 Nec
668 2412 763 2456 tamen
781 2411 893 2455 secutus
913 2412 955 2456 est
972 2399 1024 2457 ille
1044 2401 1131 2480 plane
1151 2390 1260 2484 Pytha-

55 2508 151 2569 goreos.
193 2498 348 2572 Numeros,
380 2511 412 2556 ut
440 2499 599 2576 antiquitus
622 2499 682 2574 jam
705 2493 936 2554 animadversum
957 2510 1016 2571 est,
1047 2520 1106 2557 non
1126 2504 1260 2567 confudit

55 2606 114 2651 eum
131 2594 216 2679 rebus
226 2641 234 2670 ,
255 2595 305 2654 sed
323 2596 360 2654 ab
380 2597 416 2654 iis
435 2596 572 2657 discrevit
588 2594 761 2674 diligenter:
783 2612 836 2649 nec
857 2612 925 2650 vero
942 2614 986 2652 res
1004 2596 1151 2674 neglexit,
1172 2622 1260 2679 quum

55 2704 180 2752 umeros
201 2707 348 2774 spectaret.
390 2695 454 2769 Qua
474 2694 511 2754 de
532 2716 561 2752 re
583 2706 614 2751 ut
634 2713 684 2750 suo
705 2691 768 2749 loco
786 2688 983 2774 monebimus,
1004 2693 1043 2751 ita
1063 2717 1141 2754 nunc
1161 2712 1261 2759 tenen·

56 2782 120 2848 dum
147 2791 200 2850 hoc
228 2805 277 2851 est.
319 2793 435 2851 Numeri
462 2794 494 2850 in
522 2791 760 2871 Pythagoreorum
779 2787 892 2867 placitis
912 2805 1109 2868 argumentum
1129 2810 1210 2854 erant
1229 2798 1261 2856 in

56 2889 147 2963 paucis
168 2891 380 2969 gravissimum:
402 2890 570 2948 tribuebant
589 2890 642 2963 iis,
663 2901 695 2946 ut
716 2908 731 2945 e
752 2885 838 2944 dictis
854 2885 1015 2966 colligitur,
1037 2891 1096 2950 vim
1113 2889 1262 2954 divinam:

55 2979 143 3062 iurare
162 2988 234 3047 adeo
253 3010 305 3069 per
324 2989 390 3048 illos
411 2989 539 3049 solebant
560 3001 587 3045 et
608 2985 784 3067 principium
804 2981 873 3040 inde
894 2985 969 3044 vitae
990 2985 1110 3048 ducere:

201 3085 265 3148 Ναὶ
285 3081 329 3165 μοὶ
350 3081 405 3148 τόν
425 3081 554 3170 ἁμετέρα
574 3084 663 3169 ψυχᾷ
682 3075 854 3164 παραδόντα
874 3080 1043 3165 cernamur,

202 3183 300 3269 παγάν
321 3183 426 3249 dacrion
447 3183 572 3270 φύσεως.
595 3188 626 3270 2)
948 3175 959 3199 ’

64 3282 97 3344 ln
111 3291 234 3351 Platonis
254 3313 321 3351 vero
338 3292 521 3373 philosophia
541 3291 652 3349 numeri
672 3305 704 3349 ut
722 3281 868 3369 πάρεργον
887 3305 1056 3350 occurrunt:
1078 3310 1152 3353 certe
1173 3299 1265 3376 perci·

66 3400 122 3461 pere
144 3389 220 3449 hanc
239 3389 324 3464 licet,
356 3389 491 3469 neglectis
519 3389 603 3447 ctiam
632 3388 701 3448 illis.
744 3392 835 3470 Caput
855 3390 940 3467 hujus
960 3388 1158 3471 philosophiae
1178 3409 1264 3455 estet

69 3472 139 3563 ἔφαν
165 3486 242 3566 quod
268 3472 387 3561 tractat,
416 3489 544 3545 hortinis
563 3487 602 3543 ed
619 3495 777 3545 veritatem
795 3498 824 3545 et
841 3495 986 3544 virtutem
1005 3495 1178 3549 institutio:
1206 3493 1264 3553 huc

70 3578 135 3646 illam
152 3588 264 3647 confert
283 3607 465 3645 numerorum
485 3585 659 3658 doctrinam,
681 3606 740 3642 non
760 3583 798 3642 ad
817 3586 893 3643 vitae
911 3586 1055 3664 principia
1073 3592 1264 3668 assequenda,

71 3696 147 3763 noque
164 3685 201 3744 ad
229 3684 361 3743 divinam
381 3697 511 3742 naturam
529 3684 590 3742 sive
610 3683 705 3741 animo
724 3682 991 3762 repraesentandam
1010 3683 1070 3744 sive
1091 3706 1266 3766 cognoscen-

61 3772 148 3843 fltm!
170 3783 331 3843 Socraticus
350 3782 407 3839 fuit
425 3782 525 3855 Plato,
545 3781 711 3861 priusquam
730 3781 969 3869 Pythagoreorum
988 3798 1197 3845 consectaretur
1216 3789 1266 3847 do·

71 3880 177 3967 tuinasf
209 3881 288 3940 unde
312 3879 365 3939 hoc
391 3881 511 3939 retinuit
529 3902 580 3961 por
597 3894 684 3939 totam
704 3879 840 3958 deinceps
858 3879 967 3953 vitam,
998 3894 1029 3939 ut
1049 3881 1086 3941 ad
1104 3883 1265 3961 hominem,

73 3973 250 4041 alhumanae
270 3992 387 4038 naturae
406 3980 610 4059 perfectionem
630 3978 748 4036 referret
768 3977 871 4035 omnia.
913 3977 1064 4038 Probabile
1083 3996 1141 4056 est,
1162 3980 1265 4062 Pytha-

72 4085 151 4146 80rcoc
168 4082 201 4139 in
220 4099 403 4138 numerorum
423 4076 609 4161 explorandis
625 4075 877 4156 proportionibus,
898 4076 929 4135 in
949 4078 1081 4138 universa
1093 4080 1163 4139 adeo
1179 4082 1267 4140 arith-

83 4240 316 4262 x--—-—-

97 4346 118 4414 ¹)
132 4351 242 4404 Aristot,
259 4349 365 4418 Metnph.
384 4349 403 4399 l.
422 4348 447 4396 5.
486 4410 490 4417 ἱ

94 4441 117 4510 a)
134 4446 242 4514 rpng.
265 4435 365 4516 χρυσᾶ
386 4427 441 4514 ἔπη
463 4459 502 4495 α.
521 4441 561 4493 α.
