2796 5048
513 250 524 267 ⁰
616 243 675 303 215

58 403 149 461 iorum
167 398 291 474 studiis,
312 410 509 481 norttpossunt
527 424 587 462 non
607 402 653 461 illi
671 405 778 461 amicae
796 422 854 461 esse
873 415 902 461 et
919 403 1148 482 acceptissimae,
1168 402 1249 463 dixe-

58 504 92 561 im
116 500 194 572 lere,
224 510 279 579 per'
302 500 500 578 cognationem
526 502 703 575 carissimae,
732 501 840 579 quippe
864 500 915 577 qui
941 500 1002 579 ipse
1030 520 1127 559 earum
1155 499 1251 561 studio

58 597 136 657 a'turl
153 595 286 657 ducatur.
316 596 402 656 Unde
421 597 557 687 stppendi
575 598 760 678 explicantur
778 597 895 655 illorum
914 597 947 655 in
965 597 1105 657 doctrinis
1124 619 1250 680 progres-

58 716 104 769 ιο,
129 695 179 773 qui
199 694 303 753 natm*
321 708 389 754 sunt
406 695 582 776 philosophi.
633 694 690 754 Sed
709 693 809 754 indole
828 693 970 774 descripti
986 697 1148 772 juvenum,
1178 715 1249 773 quos

58 790 207 853 rtrdiendos
230 794 422 872 suscepimus,
450 815 506 873 quo
526 792 690 853 evidentius
716 794 801 851 etiam
821 790 905 850 nohis
924 806 952 877 et
969 793 1014 853 tis
1033 793 1121 871 hujus
1139 792 1249 851 indolis

58 903 145 965 ateat,
165 903 194 948 et
213 891 285 948 ratio
304 880 518 966 doctrinarum,
545 891 651 971 quibus
669 912 781 972 operam
801 888 950 949 debebunt
967 911 1073 949 navare
1083 936 1093 966 ,
1113 904 1141 949 et
1158 891 1248 970 ipsius

58 986 109 1047 teo
130 985 346 1068 philosophiae,
377 989 423 1047 cui
452 1010 480 1047 se
507 1002 579 1049 totos
608 989 742 1049 tradituri
771 1002 856 1062 sunt,
886 989 1062 1068 propositum
1090 1008 1248 1061 summum,

58 1102 86 1163 ge
96 1128 107 1159 ,
131 1083 327 1144 discernamus
343 1085 379 1144 ab
399 1087 455 1160 iis,
473 1100 612 1167 quotquot
631 1088 758 1167 ipsorum
776 1085 884 1145 similes
901 1087 961 1145 sint
971 1131 980 1160 ,
1000 1107 1052 1145 nec
1072 1100 1167 1145 tamen
1187 1085 1247 1145 dici

58 1179 194 1263 hilosophi
218 1183 344 1262 possint:
376 1182 585 1265 distinguamus
613 1185 646 1243 in
673 1187 774 1266 primis
799 1206 815 1243 a
842 1183 922 1263 vulgi
948 1187 1133 1269 opinionibus
1153 1203 1247 1242 rerum

58 1282 205 1354 marm,
234 1301 292 1358 quo
313 1282 397 1340 unice
416 1283 651 1343 contendendum
669 1282 710 1343 est
727 1281 915 1365 philosopho:
943 1303 1110 1361 quaeramus
1130 1282 1247 1342 omnino

58 1418 83 1449 .,
105 1377 176 1455 quod
196 1398 282 1457 supra
302 1378 439 1460 deinceps
457 1402 515 1440 esse
535 1381 744 1461 explorandum
765 1381 908 1440 diximus:

72 1496 92 1533 ι

148 1570 320 1650 Quinum
346 1583 522 1652 proprio
547 1575 792 1653 philosophi
812 1586 910 1635 aunt
930 1559 1128 1634 dicendi?

63 1763 140 1826 Nam
167 1782 235 1827 sunt
253 1789 321 1827 sane
340 1768 498 1849 permulti,
529 1771 578 1848 qui
599 1770 722 1851 speciem
742 1758 871 1829 referunt
890 1769 1144 1852 philosophorum:
1175 1789 1245 1848 quos

58 1877 192 1927 {moram
209 1866 242 1924 in
259 1864 362 1925 iisdem
379 1868 557 1927 sermonibus
576 1867 748 1927 Adimantus
771 1865 952 1926 «ridiculum
969 1887 1058 1948 genus
1077 1867 1244 1941 hominum,

58 1976 86 2034 :,
116 1964 138 2022 si
164 1964 197 2022 in
224 1962 405 2045 philoqpphis
434 1969 618 2027 censeantur!
655 1966 705 2024 Nil
734 1988 794 2025 non
822 1979 967 2047 spectare,
996 1964 1040 2023 nil
1067 1987 1125 2024 non
1143 1964 1244 2024 audire

58 2074 132 2121 ent:
161 2062 194 2120 in
221 2061 302 2120 festis
330 2062 498 2123 discurrunt
516 2066 548 2123 in
566 2085 664 2124 omnes
680 2078 795 2144 partes,
826 2076 872 2138 et,
901 2062 982 2142 quasi
1002 2061 1120 2121 auribus
1139 2061 1177 2121 ad
1192 2083 1243 2121 au·

58 2157 165 2218 andum
193 2158 326 2233 elocatis,
355 2161 432 2221 nulli
460 2175 527 2222 sunt
553 2163 633 2222 chori
657 2163 718 2223 site
739 2161 855 2220 urbium
874 2162 934 2221 sive
954 2180 1108 2243 pagorum,
1138 2158 1244 2239 quibus

58 2270 83 2311 n
105 2256 214 2317 adstent
234 2240 409 2319 exaudituri.
451 2261 510 2319 Hos
528 2260 617 2341 igitur
635 2259 797 2319 mortalium
817 2260 976 2325 levissimos
993 2280 1064 2334 nos,
1095 2280 1111 2317 o
1139 2256 1242 2318 Socra-

68 2395 83 2423 ,
118 2356 223 2436 quippe
255 2354 376 2435 cupidos
405 2357 602 2437 studiososque
631 2356 840 2437 cognoscendi,
871 2358 1056 2436 philosophos
1085 2356 1238 2416 dicemus?

58 2452 164 2519 [uidem
182 2446 338 2533 φιληκόοος
356 2455 499 2537 appellem
518 2456 586 2516 istos
603 2469 631 2515 et
648 2448 882 2535 φιλοθεάμονας·
913 2447 1097 2537 φιλοσόφους
1113 2475 1174 2513 non
1192 2474 1240 2533 ap·

58 2538 160 2611 ilem.»
204 2553 250 2613 Ad
279 2576 350 2632 quae
380 2553 569 2613 adolescentis
595 2554 672 2615 dicta
690 2558 730 2615 sic
750 2556 893 2618 Socrates:
927 2557 1003 2616 «hos
1020 2578 1070 2636 ego
1090 2553 1237 2625 homines,

58 2650 135 2725 luit,
155 2672 334 2730 nequaquam
352 2651 467 2733 appello
491 2651 697 2734 philosophos,
728 2655 778 2715 sed
806 2656 1042 2737 philosophorum
1070 2651 1186 2712 similes.
1208 2689 1243 2699 -

58 2739 120 2837 >tic
138 2748 204 2830 τῆς
224 2744 402 2832 ἀληθείας
424 2739 712 2835 φιλοθειοὶμονας·
734 2755 837 2813 illos
857 2777 968 2828 voco,
990 2761 1062 2833 qui
1082 2758 1238 2827 spocta-

94 2858 325 2911 ueritutum
356 2863 534 2914 omont.»
562 2849 591 2932 1)
640 2853 788 2951 Praeclqra
819 2852 980 2926 sententia,
1011 2851 1093 2928 cujus
1120 2847 1175 2905 hoc
1206 2846 1239 2903 in

58 2958 147 3010 mone
156 2995 165 3024 ‚
185 2948 239 3008 hoc
259 2950 321 3011 loco
331 2940 433 3037 ,Quia
451 2964 493 3010 est
506 2952 556 3013 uis
575 2965 603 3017 et
620 2953 782 3011 auctoritas.
818 2951 881 3025 Qua
900 2963 995 3009 tamen
1013 2970 1073 3008 non
1089 2945 1156 3005 satis
1172 2963 1241 3002 con·

58 3053 114 3107 llus
130 3046 302 3113 Adimantus
321 3070 380 3108 rem
400 3050 481 3130 cupit
500 3048 592 3108 fusius
609 3050 760 3132 explicari.
806 3050 920 3109 «Recte
940 3047 1057 3127 quidem
1075 3042 1173 3116 istud,
1194 3041 1239 3100 in·

58 3134 99 3220 lt,
130 3143 181 3205 sed
208 3168 264 3225 quo
291 3146 324 3207 id
341 3146 425 3207 modo
452 3143 603 3230 explices?
634 3152 709 3208 Tum
727 3141 873 3222 sociales,
894 3146 974 3206 haud
993 3144 1079 3205 facile
1100 3140 1237 3223 quidem,

58 3244 245 3320 pendet,'id
264 3245 317 3305 alii
338 3246 498 3327 explicem3
520 3246 570 3306 sed
588 3261 616 3306 te
635 3247 708 3306 mihi
728 3230 802 3328 putri
817 3246 871 3306 hoc
891 3246 1029 3304 continuo
1040 3243 1184 3303 daturum.
1206 3280 1240 3290 -

58 3332 97 3399 ld
123 3341 229 3404 istud?
248 3384 284 3395 -
314 3345 386 3411 Cum
413 3345 492 3426 turpi
523 3346 698 3405 contrarium
724 3347 761 3405 sit
780 3345 931 3427 pulcrum,
963 3340 1022 3400 duo
1041 3341 1093 3400 illa
1114 3361 1181 3399 esse.
1204 3384 1235 3395 .-

57 3430 155 3502 idni?
175 3483 210 3493 -
230 3443 339 3518 Quodsi
360 3442 418 3503 duo
437 3458 523 3518 sunt,
545 3465 635 3503 unum
654 3465 711 3504 esse
733 3459 937 3522 utrumque-
957 3441 995 3500 Et
1004 3440 1058 3499 hoc
1069 3437 1123 3497 tibi
1133 3436 1180 3496 do.
1203 3476 1237 3484 -

58 3550 82 3593 'e
98 3554 193 3600 autem
212 3540 334 3601 eandem
349 3543 421 3619 justi
441 3556 468 3600 et
487 3543 605 3619 injusti,
635 3542 751 3601 boniet
771 3542 857 3617 mali,
890 3540 1018 3599 omnium
1039 3537 1168 3596 idearum
1188 3555 1237 3592 ra-

58 3650 142 3717 tem,
174 3640 268 3719 ipsum
297 3639 414 3718 quidem
441 3638 593 3716 quodlibet
619 3661 710 3699 unum
737 3661 813 3714 esse,
845 3637 1044 3697 communione
1074 3654 1141 3694 vero
1170 3651 1236 3690 cum

58 3724 196 3811 ionibus,
217 3759 282 3796 cum
300 3728 390 3853 τροφέ
403 3737 545 3817 corporeis
565 3750 592 3796 et
611 3759 706 3796 secum
725 3739 868 3812 invicem,
890 3757 961 3814 quae
982 3734 1078 3795 ubivis
1097 3743 1237 3813 apparent

58 3814 101 3888 la
123 3836 233 3913 specie,
264 3857 324 3893 non
343 3856 434 3895 unum
462 3835 590 3916 singula,
620 3834 669 3894 sed
695 3834 780 3916 plura
798 3835 902 3895 videri.
923 3875 958 3885 -
987 3835 1073 3893 Recte
1093 3832 1177 3891 dicis.
1199 3872 1234 3881 -

58 3940 73 3980 C
110 3932 240 4011 equidctit
264 3934 374 3992 ratione
402 3933 567 4013 distinguo,
588 3935 655 3993 illos
674 3955 844 4010 secernens,
865 3955 936 4013 quos
953 3932 1037 3992 modo
1055 3931 1235 4011 memorasti,

58 4031 242 4090 etaculorum
268 4034 428 4111 artiumque
454 4047 590 4093 amatores
608 4021 692 4112 atque
712 4033 744 4092 in
762 4033 848 4093 rebus
867 4019 984 4113 agendis
1002 4045 1142 4104 versatos,
1173 4042 1234 4091 tum
1255 4102 1269 4127 ἦ

67 4161 83 4191 2
107 4123 264 4209 dequibus
283 4152 361 4190 nunc
380 4153 471 4191 sermo
489 4145 531 4190 cst
541 4176 550 4206 ,
570 4153 640 4211 quos
661 4132 734 4191 solos
754 4133 808 4192 rite
829 4133 976 4194 vocaveris
994 4121 1182 4210 φιλοσόφους.
1198 4177 1231 4188 -

58 4232 68 4271 ¹
103 4220 181 4288 illud
211 4230 321 4290 ratione
349 4229 476 4291 definis?
497 4273 531 4283 -
562 4233 619 4308 Qui
649 4222 781 4313 φιλήκοοι
802 4244 915 4292 suntet
936 4223 1162 4313 φιλοθεάμονες,
1184 4236 1233 4313 qui

58 4365 261 4395 X--m

76 4424 128 4484 De
145 4439 207 4507 οφ.
226 4438 255 4490 v.
274 4440 324 4491 its
341 4437 372 4488 ο.
387 4439 416 4489 Ε.
