2796 5048
668 235 728 297 324

86 404 178 483 poitis
205 346 417 476 audiendisqrie
444 397 605 457 oratoribus
623 418 639 455 a
656 411 755 455 tenera
774 395 844 455 inde
864 407 955 454 aetate
985 395 1199 474 suscepimus,
1219 393 1312 469 liberau'
1347 458 1349 465 ,

86 501 225 560 fuerimus
255 497 445 574 conversique
474 509 570 554 ruente
600 494 637 552 ab
655 494 700 552 bis
720 492 940 551 simulacrorum
961 490 1078 550 umbris
1096 491 1139 575 ad
1161 492 1227 573 ipsa
1242 494 1313 551 ιιιιι-
1346 494 1349 535 Ι

88 596 184 670 laica,
214 595 339 672 quaein
358 591 468 652 mundo
488 590 680 672 adspectabili
701 590 833 649 sensibus
853 589 1080 669 percipiuntur·
1105 602 1173 648 tum
1191 610 1245 649 nos
1261 589 1314 663 illa,
1347 594 1349 655 ζ

79 691 168 772 quod
197 692 385 771 praecipuum
412 703 471 765 est,
492 710 528 747 ex
557 687 611 747 bac
633 708 761 746 errorum
779 686 872 745 sede
863 708 897 797 tp
915 685 1062 745 mundum
1084 680 1203 767 νοητιιν
1222 687 1313 747 avebat

87 782 187 849 fflfieit
214 802 309 846 autem
339 787 370 846 id
400 787 517 845 illarum
545 787 743 867 potissimum,
773 805 845 862 quas
870 785 1080 864 exposuimus,
1102 787 1316 869 disciplinaruu

86 887 262 967 opellam
288 886 406 964 propria
433 883 505 942 baec
537 896 579 941 est
603 903 669 940 cum
697 882 929 955 arithmeticae,
955 894 1017 939 tum
1032 893 1253 965 geometriae,
1271 896 1315 941 tun

87 1004 155 1044 vero
173 984 297 1042 maxime
318 984 495 1041 dialecticae
515 981 579 1054 vis,
601 994 652 1054 ut,
673 1000 745 1057 qnae
761 977 840 1057 apud
859 998 911 1037 nos
928 977 1065 1039 deorsum
1086 993 1314 1053 conversasunt,

88 1079 158 1140 baec
179 1101 290 1139 sursum
311 1079 404 1138 tollat.
447 1080 512 1137 Non
532 1078 610 1136 enim
629 1078 662 1135 in
678 1075 724 1134 bis
742 1075 779 1134 de
796 1075 958 1134 simulacris
976 1096 1095 1154 rerum,
1114 1078 1174 1139 sed
1193 1078 1232 1138 de
1249 1077 1316 1137 aba

83 1179 153 1258 ipsis
168 1178 285 1256 agitur.
328 1177 393 1234 Non
419 1176 582 1252 quaerimus
607 1175 640 1232 in
669 1173 850 1233 arithmetica
872 1185 901 1230 et
926 1176 1087 1252 geometria
1114 1173 1265 1235 tradenda
1288 1173 1314 1233 dc

84 1293 269 1334 numerorum
306 1272 519 1352 figurarumque
553 1272 672 1345 formis,
703 1291 775 1348 quae
807 1269 970 1329 delineatae
998 1271 1139 1351 pictaevc
1172 1274 1209 1332 in
1234 1269 1315 1333 tabuit

81 1384 199 1432 exstant
224 1370 372 1447 oculisque
400 1370 623 1449 percipiuntur,
654 1368 705 1427 sed
729 1367 766 1425 de
785 1367 856 1447 ipsis
876 1367 1007 1425 numeris
1026 1388 1197 1448 eorumque
1216 1384 1313 1451 propu-

82 1466 232 1549 tionibus,
263 1467 300 1525 de
319 1467 452 1540 circulo,
473 1466 510 1525 de
526 1464 686 1543 quadrato,
707 1466 744 1525 dc
764 1463 911 1542 triangulo
929 1464 1011 1544 ipso,
1032 1485 1113 1542 quae
1132 1480 1238 1527 mente
1254 1479 1312 1527 are

84 1586 158 1625 mus.
198 1565 263 1637 Quo
291 1563 341 1638 fit,
371 1562 449 1640 quod
469 1563 501 1621 in
522 1562 720 1642 superioribus
746 1559 1023 1637 animadvertimus,
1045 1565 1159 1641 utqui
1181 1563 1312 1623 hisdisti

85 1662 176 1743 plinis
204 1681 320 1740 operam
347 1673 513 1734 naverunt,
542 1658 581 1717 ad
606 1673 732 1718 caeteras
762 1646 989 1717 item'acutiores
1006 1658 1094 1720 liant.
1143 1682 1164 1715 a
1173 1662 1312 1736 Nescisse,

87 1759 184 1837 inquit
212 1757 361 1839 Socrates,
392 1777 456 1832 cos,
487 1758 537 1836 qui
568 1759 671 1816 naturd
699 1770 768 1816 sunt
788 1755 980 1831 arithmetici,
1000 1758 1034 1815 in
1053 1757 1221 1834 omnibus,
1241 1758 1311 1819 utiu

75 1856 200 1929 dicam,
223 1855 390 1935 disciplinis
409 1854 516 1914 celeres
533 1857 695 1935 apparere?
717 1855 824 1932 quique
844 1851 921 1911 tardi
940 1867 1027 1928 sunt,
1040 1855 1067 1913 si
1089 1855 1166 1915 huic
1188 1876 1220 1915 se
1235 1854 1311 1916 studit

86 1955 201 2013 naviter
228 1950 385 2028 dederint,
415 1954 549 2032 quamvis
578 1953 669 2011 alium
693 1951 763 2010 inde
783 1951 909 2009 fructum
931 1950 1048 2009 nullum
1066 1953 1217 2035 capiant,
1235 1968 1311 2013 ιιιιιι

86 2051 140 2110 boc
158 2050 288 2126 assequi,
311 2064 343 2109 nt
363 2052 532 2131 promtiores
553 2051 753 2127 acutioresque
783 2049 920 2127 ingenio,
941 2069 1026 2126 quam
1047 2062 1160 2126 antea,
1182 2049 1278 2111 fiant?
1290 2046 1310 2129 l)

84 2150 127 2208 Dc
156 2146 309 2226 geometria
328 2162 442 2221 autem,
464 2148 589 2221 scimus,
611 2146 728 2224 inquit,
749 2145 788 2203 ad
806 2143 979 2224 disciplinas
994 2167 1097 2207 omnes
1117 2148 1245 2208 facilius
1260 2168 1310 2229 pu·

88 2242 243 2304 discendas
281 2244 419 2302 interesse
458 2265 545 2322 quam
584 2244 726 2317 maxime,
796 2255 931 2321 ttgetrtne
970 2244 1163 2322 geometriam
1203 2244 1309 2324 aliquit,

85 2359 188 2398 necne.
200 2362 215 2394 ιι
239 2336 272 2417 2)
322 2338 398 2398 Sunt
426 2340 538 2399 scilicet
566 2341 672 2403 illae
664 2255 905 2423 rpsttherrtatrs
923 2339 1121 2448 disciplinae:
1143 2340 1308 2403 dubitationi

86 2457 146 2495 non
167 2448 235 2493 sunt
251 2434 394 2511 obnoxia,
414 2458 488 2515 quae
507 2458 559 2517 per
577 2459 623 2497 eas
642 2432 851 2511 inveniuntur,
874 2437 991 2546 verique
1005 2459 1137 2499 amorem
1154 2441 1193 2500 in
1206 2440 1307 2513 animis,

83 2534 109 2593 si
137 2531 229 2611 quid,
260 2532 329 2590 illae
358 2546 387 2592 et
415 2530 545 2595 excitant
573 2537 698 2594 maxime
726 2549 754 2592 et
783 2534 887 2608 alunt,
908 2535 1017 2615 quippe
1038 2536 1139 2615 ipsum
1159 2538 1306 2618 aperienti

83 2642 313 2712 purgantesque,
344 2652 401 2709 quo
430 2634 538 2693 veritas
568 2635 716 2708 cernitur,
746 2631 852 2691 mentis
880 2631 1004 2692 oculum.
1047 2632 1108 2693 Sed
1136 2649 1181 2701 ut¹
1203 2620 1306 2697 ἕιιπιιιι

83 2742 151 2789 suut
177 2720 253 2806 πρός
278 2721 423 2808 ἀλήθειαν
451 2728 504 2788 bae
535 2730 728 2811 disciplinae,
751 2744 783 2788 nt
800 2728 920 2788 trabunt
939 2729 978 2787 ad
997 2731 1157 2793 veritatem
1175 2738 1304 2807 animm,

83 2826 122 2884 ita
141 2827 293 2886 dialectica
313 2851 366 2889 nos
385 2831 473 2888 altius
491 2830 577 2886 etiam
596 2830 629 2886 in
647 2827 789 2886 mnndum
809 2820 917 2907 νοητόν
937 2827 1045 2888 educit.
1083 2830 1182 2908 Nem,
1204 2848 1237 2895 ut
1251 2832 1303 2893 illst

80 2917 240 2998 ὑποθέσιις
261 2926 370 2986 babent
382 2972 391 3002 ,
413 2925 760 3006 unde,proficiscantur,
782 2928 822 2986 ita
850 2927 922 2987 baec
947 2925 985 2986 ad
1005 2919 1108 3007 α’(ιχήν
1129 2923 1303 2994 monicae

80 3024 173 3084 ducit.
216 3027 281 3084 Non
312 3038 380 3083 sunt
409 3022 458 3082 bic
486 3023 571 3082 nobis
598 3021 750 3097 iteranda,
781 3045 854 3100 quae
881 3026 920 3085 ad
947 3028 1126 3107 exponenda
1153 3032 1212 3093 illa
1235 3054 1266 3093 su

81 3121 250 3179 attulimus·
243 3119 303 3200 ,3)
332 3121 598 3180 animadvertamus
627 3141 715 3195 vero,
737 3120 843 3179 instrui
861 3122 965 3182 iisdem
985 3123 1047 3183 illis
1065 3127 1205 3189 studiis
1191 3051 1302 3209 juves

80 3231 172 3276 aetate
199 3239 231 3276 ac
260 3219 425 3298 praeparari
456 3217 606 3291 homines,
638 3231 685 3292 ut,
715 3219 812 3297 prouti
831 3241 910 3278 nunc
929 3242 1064 3281 numeros
1083 3237 1115 3283 et
1131 3225 1257 3306 figuras,
1271 3226 1300 3285 ιι

79 3315 188 3395 pariter
216 3313 325 3373 deinde
355 3313 507 3394 pulcrum,
534 3313 645 3371 bonum
656 3317 813 3392 ,justum,
833 3331 966 3376 sanctum
985 3321 1098 3379 nonin
1118 3323 1211 3385 rebus
1218 3310 1300 3404 ,qm

78 3412 150 3471 inde
177 3432 281 3473 nomen
309 3410 433 3484 habent,
465 3411 703 3490 imperfectaeque
731 3427 799 3472 sunt
823 3427 851 3472 et
867 3416 1041 3492 mutabiles,
1062 3418 1148 3479 sed'
1139 3442 1206 3502 ipsa
1219 3438 1300 3504 perat

78 3524 174 3569 mente
204 3523 409 3587 assequantur,
441 3508 479 3567 ad
505 3529 660 3586 eorumque
680 3511 886 3590 perfectionem
907 3525 992 3591 atque
1011 3461 1229 3579 immutabilem
1244 3540 1300 3579 ωι-

78 3605 220 3665 ditionem
251 3607 341 3666 vitain
370 3606 426 3686 ipsi
456 3627 536 3665 suam
556 3613 623 3665 'tam
652 3607 796 3687 privatam
830 3630 917 3686 quarn
947 3610 1095 3720 publicam
1131 3629 1300 3699 ccmponant.

78 3704 156 3759 Haec
185 3718 243 3776 est,
273 3724 358 3781 quam
387 3703 468 3761 Plato
491 3704 592 3763 voluit
620 3718 704 3783 atque
734 3705 917 3786 speluncae
910 3709 1035 3788 imagine
1054 3709 1241 3791 illustravit
1258 3714 1301 3773 bo·

80 3801 166 3858 minis
186 3820 248 3881 per
277 3798 477 3879 disciplinas
469 3821 501 3858 ιιι
521 3801 664 3860 muudum
683 3800 903 3891 intelligibilem
925 3805 1063 3866 escensio.
1104 3811 1300 3921 Qnoffiju,

77 3898 110 3955 in
137 3896 190 3956 bac
219 3896 411 3954 institutionis
439 3897 562 3976 optimae
581 3896 790 3999 disquisitione.
811 3914 813 3918 '
899 3964 902 3971 Ι
980 3968 984 3975 Ι

79 4015 143 4052 rum
169 3995 235 4061 aliis
255 3993 312 4051 alia
333 3992 482 4052 bominum
503 3986 608 4072 generi
637 3984 759 4055 subsiste
784 4064 789 4073 Ι
900 3990 903 3997 ’
970 4027 972 4042 ·
990 3983 1068 4068 ,ιιΤΪι
1099 4006 1146 4060 ἐ”ἰ
1168 3996 1191 4056 ἰ
1218 4006 1223 4015 ”

774 4068 806 4091 -·.-
886 4072 890 4077 -
1007 4078 1010 4085 -
1182 4076 1207 4099 -2

110 4210 123 4258 1
167 4166 812 4301 euepvu.526.a.sscu1aaap227

110 4292 135 4357 2)
155 4295 230 4344 initia
251 4310 276 4360 p.
289 4292 349 4344 228.

107 4376 134 4439 ιι
154 4379 279 4453 ιιιιι
287 4376 354 4440 ιιι,
372 4377 431 4428 aea
