2796 5048
682 226 741 287 288

99 389 257 463 uitVarro,
279 411 298 446 u
313 390 504 470 putando,
520 390 596 467 quod
611 391 692 449 uolet
706 410 858 468 purum
875 393 1036 464 sucuro.
1061 388 1163 453 Ratio
1175 406 1315 471 putori

98 491 233 563 dieitur,
253 496 287 546 in
308 511 368 567 quc
388 510 504 547 tammo
530 495 573 547 uit
587 508 678 566 puro.
723 488 776 547 Sic
795 496 824 548 ie
843 509 956 562 termo,
985 497 1020 546 in
1045 511 1104 569 quo
1127 474 1213 569 prere
1235 496 1315 573 deep

97 598 217 647 urentur
244 590 360 661 verbe,
389 608 426 644 ne
453 595 496 645 eit
515 587 684 660 consueret,
715 596 804 665 utque
830 597 868 644 ut
894 587 1052 663 diluerat,
1083 591 1212 650 dieitur
1230 594 1314 673 daupu

97 697 173 746 ture.
196 683 225 765 l)
254 684 358 760 Quid?
389 685 467 763 quod
494 683 572 743 idem
598 683 676 743 illud
704 684 872 743 Latinorum
889 696 1001 764 putore
1028 684 1066 745 ad
1097 689 1315 797 calculum&

97 784 271 844 numerandi
310 797 399 845 artem
433 782 614 842 transfertur.
657 785 681 841 A
713 782 842 863 putando
879 784 956 843 enim
985 796 1180 864 supputare,
1210 788 1316 869 eisqu-

97 894 164 943 toro
184 882 300 943 dicitur.
342 882 430 964 Apud
451 881 599 941 Platonem
618 895 713 941 autem
734 880 873 941 cernendi
902 904 947 942 ars
969 883 1002 943 iu
1021 905 1189 964 puerorum
1208 887 1316 949 institu-

96 983 194 1056 tione,
217 996 249 1041 ut
275 981 477 1053 meminimus,
497 1000 583 1057 quam
609 981 740 1060 proxime
760 993 803 1039 est
819 1001 885 1040 cum
904 994 964 1041 arte
988 983 1172 1045 numerandi
1202 988 1316 1067 conjun-

96 1095 151 1141 cta.
172 1080 203 1162 2)
233 1080 281 1140 Sic
301 1080 394 1139 latent
417 1078 529 1137 scilicet
546 1079 578 1137 in
599 1077 721 1159 dialogis
734 1077 796 1137 illis
815 1078 961 1156 Platonis,
980 1081 1012 1139 in
1033 1081 1108 1162 ipsis
1122 1081 1202 1145 adeo
1220 1083 1315 1167 linguis

96 1179 354 1261 praestantissimae
373 1176 460 1254 hujus
478 1177 548 1235 artis
568 1191 681 1237 nostrae
692 1177 857 1257 principia.

135 1278 237 1337 Natam
265 1276 341 1335 hanc
370 1295 429 1333 esse
459 1273 587 1334 diximus
615 1297 630 1334 e
660 1274 802 1334 cernendi
830 1288 890 1334 arte
911 1275 1058 1351 Platonis,
1079 1291 1117 1337 ut
1134 1281 1250 1360 posteri
1266 1298 1313 1345 eu

96 1375 210 1435 demum
221 1421 229 1450 ,
249 1388 386 1453 tanquam
406 1386 494 1431 artem
514 1373 659 1451 quandam
674 1373 897 1455 disciplinante
915 1374 1109 1456 peculiarem,
1130 1378 1312 1443 excoluerint

95 1474 180 1549 Quod
210 1494 246 1532 ex
274 1472 328 1531 hac
358 1474 419 1551 ejus
448 1458 491 1532 vi¹
507 1472 653 1547 naturali,
684 1494 768 1550 quam
798 1473 881 1532 Plato
906 1472 1104 1552 significavit,
1127 1474 1310 1556 intelligitur:

94 1571 178 1632 modo
205 1585 281 1630 recte
308 1569 344 1627 ab
371 1569 505 1650 analysi,
536 1590 658 1648 quacum
680 1569 824 1630 confundi
844 1592 861 1628 a
878 1570 978 1630 multis
998 1570 1090 1647 solet,
1112 1572 1310 1655 distinguntur.

94 1673 181 1730 Hunc
198 1669 276 1727 enim
294 1669 327 1728 in
344 1668 461 1728 modum
479 1689 496 1725 a
515 1667 723 1727 recentioribus
743 1667 943 1749 philosophiae
959 1667 1095 1729 adhibita
1113 1685 1174 1746 est,
1199 1685 1234 1732 ut
1250 1670 1309 1733 ite·

93 1770 141 1844 el,
171 1766 248 1848 quod
276 1766 388 1846 analysi
407 1766 509 1840 Plato,
530 1765 708 1825 intellexisse
726 1765 891 1826 videantur.
934 1768 1051 1848 Proprie
1070 1790 1144 1830 vero
1164 1771 1211 1830 sic
1231 1768 1309 1831 esttl

93 1869 146 1927 illa
171 1866 284 1926 diversa
295 1911 304 1940 ,
335 1879 384 1940 ut,
413 1886 478 1924 curn
498 1878 618 1943 utraque
636 1865 829 1943 inquirendo,
851 1866 1050 1943 inveniendo,
1067 1868 1245 1946 judicando
1260 1890 1308 1953 prt-

93 1964 194 2040 cedat,
225 1964 343 2023 criticae
367 1964 401 2023 in
427 1963 528 2044 primis
558 1983 663 2021 munus
683 1964 720 2022 sit
729 1965 885 2039 judicare.
927 1965 1047 2025 Invenit
1063 1969 1232 2047 analytice
1251 1986 1309 2049 qun

92 2067 213 2127 inventa
239 2077 306 2122 sunt
329 2082 360 2121 ac
384 2062 535 2120 memoriae
553 2060 667 2141 prodita
676 2106 686 2137 ,
706 2069 817 2120 oratioe
836 2061 985 2141 dijudicat
1012 2066 1221 2155 'Quapropter
1238 2088 1309 2149 prue-

91 2163 170 2223 cedit
189 2161 261 2236 illa,
281 2159 351 2219 haec
374 2158 567 2237 subsequitur.
609 2160 704 2219 Habet
724 2161 793 2219 item
811 2175 948 2240 utraque,
969 2183 1025 2241 quo
1043 2164 1235 2245 potissimum
1252 2167 1309 2225 refe

90 2275 179 2320 ratur.
220 2259 295 2340 Ipsis
322 2258 354 2315 in
384 2254 471 2314 rebus
501 2268 630 2314 versatur
649 2258 793 2339 analysis:
815 2274 843 2318 et
860 2261 988 2320 animum
1006 2261 1138 2321 hominis
1158 2275 1190 2321 et
1208 2284 1254 2323 res
1268 2263 1307 2323 hu

90 2381 188 2419 manas
217 2376 315 2417 omnes
340 2375 372 2414 ac
392 2353 510 2413 diuinas
530 2367 558 2412 et
576 2368 665 2414 totam
683 2378 777 2416 rerum
797 2359 1012 2420 universitatem
1028 2359 1186 2440 explorat,
1209 2382 1306 2443 uerum

88 2477 144 2536 que
171 2459 203 2516 in
230 2456 277 2514 his
304 2453 418 2513 cunctis
446 2452 556 2531 assequi
586 2453 701 2532 studet;
734 2457 835 2515 critica
859 2477 928 2518 vero
954 2472 986 2517 ut
1009 2455 1147 2537 judicat,
1169 2475 1207 2521 ut
1224 2458 1305 2521 minu

88 2556 242 2630 invenire,
273 2552 351 2633 quod
381 2571 481 2612 verum
509 2565 570 2626 est,
591 2573 676 2631 quarn
694 2574 795 2614 uerum
813 2575 829 2613 a
846 2554 919 2614 falso
937 2554 1117 2636 distinguere
1136 2559 1242 2621 studet
1248 2560 1303 2635 ,itt

86 2655 124 2715 ad
144 2655 296 2735 opiniones
314 2650 480 2726 hominum,
501 2649 539 2709 ad
558 2650 795 2732 philosophorum
810 2651 933 2733 placita,
955 2653 992 2714 ad
1007 2655 1134 2735 scripta,
1148 2678 1228 2736 quae
1240 2656 1301 2719 omui

86 2773 156 2814 aevo
185 2753 218 2812 in
246 2752 325 2812 omni
346 2749 452 2809 artium
470 2746 726 2829 doctrinarumque
744 2770 846 2830 genere
865 2751 1055 2831 prodierunt,
1076 2752 1208 2815 adhaec
1229 2756 1300 2837 igin

85 2849 265 2937 exploranda
295 2862 324 2907 et
351 2843 540 2926 dijudicanda
570 2846 694 2906 refertur
718 2848 907 2928 potissimum.
948 2851 1011 2924 Qua
1041 2850 1073 2909 iu
1102 2872 1136 2910 re
1157 2866 1189 2912 et
1201 2862 1299 2933 putu

85 2947 163 3007 illud
181 2948 348 3007 Latinorum
368 2958 397 3004 et
416 2936 593 3026 ὃιακριτικὴ,
613 2966 669 3023 quo
689 2967 756 3005 usus
775 2946 856 3006 Plato
876 2962 936 3022 est,
957 2949 1074 3030 proprie
1089 2949 1231 3031 obtinetq
1247 2968 1296 3011 uu!

85 3045 278 3106 discernendo
308 3045 413 3105 similia
432 3068 448 3104 a
469 3046 633 3119 similibus,
654 3044 818 3125 probabilia
838 3049 973 3122 accitis,
995 3047 1067 3106 salsa
1085 3068 1120 3107 ac
1139 3062 1295 3133 corruptut

85 3145 161 3204 veris
190 3158 219 3203 et
247 3144 323 3202 sanis
345 3146 481 3225 purgauit
500 3144 559 3203 lere
577 3144 677 3202 critica
693 3142 791 3201 orbem
812 3144 957 3204 eruditum
968 3189 977 3220 ,
998 3159 1027 3205 et
1045 3166 1096 3205 suo
1117 3147 1176 3207 sibi
1193 3146 1293 3228 jureii

84 3243 195 3302 artibus
225 3255 253 3301 et
282 3241 447 3324 disciplinis
466 3240 622 3320 majoribus
639 3242 780 3321 insignem
801 3242 999 3322 illustremque
1018 3244 1115 3303 lotum
1135 3244 1293 3307 vindicant

84 3342 184 3421 Equa
203 3341 319 3400 criticae
336 3363 352 3401 a
372 3342 525 3402 dialectica
554 3339 702 3399 Platonica
734 3339 901 3423 diversitate
921 3340 958 3401 ad
976 3341 1208 3423 intelligendum
1221 3322 1292 3404 lucil·

84 3453 142 3516 est,
172 3439 413 3520 quemadmodum
443 3461 479 3498 ex
505 3437 681 3501 inveniendi
711 3438 763 3498 illa
787 3439 923 3499 methodo
952 3441 1053 3500 critica
1080 3441 1120 3500 sit
1140 3457 1228 3519 nata,
1246 3456 1292 3503 tn·

100 3541 186 3614 tiam,
216 3537 289 3618 quid
318 3560 433 3597 caussae
461 3538 515 3613 sit,
546 3558 598 3596 cur
630 3537 666 3595 ab
694 3538 846 3597 Aristotele
864 3538 935 3598 haec
953 3541 1060 3619 magis,
1081 3561 1171 3618 quam
1190 3540 1228 3600 ab
1244 3541 1292 3621 ipat

82 3637 199 3696 Platone
228 3636 306 3695 culta
336 3638 392 3711 sit,
422 3637 565 3715 fueritque
584 3649 611 3694 et
630 3636 746 3695 criticae
764 3651 792 3695 et
811 3637 963 3697 eclecticae
993 3637 1200 3719 philosophiae
1216 3636 1292 3699 Ptole·

81 3756 223 3794 marorum
244 3735 358 3794 demum
379 3749 473 3810 aetas,
490 3734 647 3814 judicandi
668 3733 720 3793 illa
739 3735 846 3815 magis,
866 3756 951 3815 quam
971 3735 1149 3796 inveniendi
1169 3737 1292 3797 facultate

81 3834 219 3913 insignis,
249 3847 315 3914 apta
344 3847 373 3892 et
402 3832 623 3893 accommodata.
666 3830 730 3897 Sed¹
745 3832 781 3892 de
802 3835 863 3915 ipsa
882 3834 930 3893 hle
952 3835 1062 3913 agimus
1082 3834 1226 3895 cernendi
1243 3844 1291 3893 titt

79 3931 215 3992 Platonis.
257 3934 298 3992 Ut
328 3933 440 4014 peperit
470 3933 540 3991 haec
571 3931 719 4005 criticam,
751 3945 837 4010 utque
866 3946 981 3990 matrem
1012 3932 1100 3990 refert
1130 3932 1289 4013 pulcerrim

78 4031 191 4110 proles,
223 4031 263 4090 ita
292 4029 376 4090 nohis
405 4029 474 4089 haec
506 4028 597 4088 veluti
629 4029 721 4108 imago
749 4029 889 4108 quaedam
915 4045 975 4105 est,
1006 4030 1038 4087 in
1067 4051 1123 4108 qua
1155 4030 1288 4111 analystut

77 4129 241 4187 Platonicae
271 4129 330 4188 vim
361 4128 493 4187 diuinam
524 4144 717 4206 agnoscamus.
767 4129 838 4187 Natu
868 4127 946 4207 quod
974 4128 1054 4187 Plato
1082 4127 1120 4187 de
1150 4126 1284 4189 dialectici

78 4264 329 4278 -—————n—-=fl

110 4336 136 4393 ll
156 4340 192 4390 De
211 4341 239 4390 L.
259 4341 288 4390 L.
311 4339 351 4390 Vl.
373 4337 414 4390 63.

110 4422 136 4486 2)
154 4425 231 4475 Initio
249 4442 274 4491 p.
289 4423 347 4475 224.
