2796 5048
635 237 715 313 *oo

79 413 107 458 et
125 399 244 458 surdum
263 414 292 458 et
304 417 436 472 coecum,
458 396 689 476 quandoquidem
709 417 761 455 nec
781 399 954 455 suscitentur
973 417 1071 455 sensus
1081 441 1089 470 ‚
1106 418 1162 455 nec
1179 395 1300 483 aluntur,

79 519 131 565 uec
149 499 384 578 perpurgentur?
413 488 586 574 Μισολόγος
607 490 661 575 (λη’,
686 488 782 572 οἶμαι,
806 488 824 554 o‘
844 494 976 567 τοιοῦτος
995 491 1120 575 γίγνεται
1141 493 1192 555 καὶ
1212 487 1301 572 daor-

78 615 140 668 σος·
162 593 211 656 καὶ
230 599 335 656 πειθοῖ
351 592 407 674 μὲν
427 593 477 657 did
497 591 594 677 λόγων
611 590 702 657 ὀὐδὲν
724 589 766 655 ἔτι
786 596 910 679 χρῆται,
938 594 990 681 βίᾳ
1012 593 1117 656 δὲκαὶ
1138 589 1299 680 ἀγριότητι,

80 691 178 781 ὥσπερ
204 697 328 782 θηρίον,
354 697 431 782 πρόζ
458 693 554 761 πάντα
584 692 804 782 διαπράττεται,
826 698 874 760 καὶ
896 698 928 759 ἐν
949 694 1070 782 ἀμαθίᾳ
1089 698 1139 760 καὶ
1161 692 1310 779 σκαιότητιΙ

78 796 153 879 μετιλ
179 797 348 885 ἀρρυθμίας
373 827 403 865 τε
429 793 477 865 καὶ
504 799 678 882 ἀχαριστίας
703 799 722 875 ζ
721 825 753 886 ῃ
777 801 806 883 l)
835 801 915 876 Quid
933 803 1044 882 igitur?
1075 801 1213 875 Scilicet,
1233 799 1298 880 quod

80 904 163 963 nobis
182 907 283 964 natura
303 906 430 966 inditum
449 922 503 982 est,
524 898 561 965 td
582 898 705 985 ἥμερον,
727 897 764 963 td
787 893 965 982 φιλόσοφον,
990 900 1068 958 unde
1097 899 1193 958 omnis
1214 910 1298 957 manat

79 1001 174 1060 cultus
193 1017 221 1061 et
239 1004 402 1064 humanitas
413 1050 421 1079 ,
441 1005 520 1066 haud
544 1006 750 1065 emolliendum
775 1018 815 1062 est
835 1001 956 1076 musica,
978 999 1028 1060 sed
1046 997 1226 1078 gymnasticl
1243 1016 1297 1054 cor-

79 1099 288 1160 roborandum:
309 1103 443 1182 quodque
471 1106 539 1164 item
563 1104 700 1164 debemus
725 1118 863 1176 naturae,
888 1094 925 1159 τό
949 1093 1123 1177 θυμοειδὲς,
1147 1093 1238 1154 unde.
1251 1095 1295 1153 for.

78 1198 173 1257 titudo
207 1201 318 1258 exsistit
351 1215 378 1260 et
411 1203 591 1278 constantia,
621 1226 681 1262 non
709 1201 862 1261 intendere
892 1216 1003 1283 oportet
1031 1197 1229 1281 gymnasticl,
1256 1191 1295 1250 sed
1321 1246 1325 1255 .

79 1296 187 1354 musica
214 1296 403 1357 relaxandum
428 1314 468 1358 est
488 1315 609 1380 apteque
627 1299 854 1382 temperandum.
897 1299 972 1359 Sunt
999 1313 1093 1357 autem
1112 1296 1235 1356 musicae
1252 1291 1293 1349 hac

80 1398 112 1454 in
138 1415 168 1451 re
197 1397 378 1474 gravissimae
404 1412 506 1477 partes.
546 1400 618 1457 Nam
643 1399 727 1458 homo
755 1399 846 1479 prima
874 1412 983 1473 aetate,
1015 1411 1046 1455 ut
1074 1416 1159 1454 omne
1187 1386 1293 1462 animal,

78 1490 213 1570 pulveral
241 1515 271 1552 τε
301 1493 349 1554 καὶ
379 1495 438 1579 βοᾷ
467 1491 606 1570 ἀτάκτως.
626 1495 657 1578 2)
697 1499 770 1556 Puer
794 1489 912 1556 πάντων
932 1493 1053 1577 θηρίων
1075 1491 1139 1554 ἐστὶ
1161 1491 1298 1567 deoperte·-

78 1587 311 1675 χειριστότατον·
333 1589 395 1683 ὅσῳ
415 1592 471 1680 γάρ
492 1587 622 1677 μάλιστα
644 1591 704 1676 ἔχει
725 1591 822 1679 πηγήν
841 1597 895 1657 τοῦ
917 1603 1033 1679 φρονεῖν
1053 1590 1146 1676 μήπω
1164 1611 1292 1675 κατηρτν

79 1691 183 1778 μένην,
215 1695 368 1778 ἐπίβουλον
392 1699 440 1760 καὶ
467 1695 558 1782 δ’ριμιλ
584 1700 631 1761 καί
652 1694 863 1780 ὑβριστότατον
884 1698 1004 1781 θηρίων
1024 1696 1155 1779 γίγνεται.
1172 1696 1204 1779 3)
1240 1692 1293 1752 Vim

80 1815 174 1859 autem
206 1800 281 1860 hanc
313 1804 428 1863 insitam
449 1820 477 1864 et
500 1805 675 1864 alacritatem
703 1816 731 1860 et
758 1823 826 1861 vero
853 1804 1061 1862 contumaciam
1090 1822 1149 1859 nna
1182 1793 1292 1856 omnium

79 1900 184 1978 optime
212 1901 320 1959 musica
347 1915 374 1960 et
397 1904 526 1983 mitigare
550 1916 640 1983 potest
667 1914 695 1959 et
714 1900 864 1959 moderari.
911 1901 1036 1960 Omnino
1057 1913 1132 1958 artes
1160 1896 1215 1954 hac
1237 1912 1293 1950 con-

79 2018 171 2055 cessae
198 2013 266 2057 sunt
293 1998 418 2059 humano
447 2003 563 2081 generi,
594 2015 625 2059 ut
650 1993 687 2059 ad
708 1991 819 2079 ἥμερον
855 2012 972 2060 naturae
998 2012 1109 2056 nostrae
1137 2008 1165 2054 et
1187 1985 1224 2052 ad
1247 1985 1293 2050 dtr

79 2090 194 2173 μοειιλὲς
219 2089 354 2177 ἀλλήλοιν
377 2097 639 2180 ξυναρμοοθῆτον,
667 2094 868 2177 ἐπιτεινομένω
895 2096 944 2158 καὶ
973 2089 1112 2173 ἀνιεμένω
1138 2089 1232 2174 μέχρι
1252 2088 1294 2152 τοῦ

80 2192 284 2278 προσήκοντος.
312 2200 453 2273 Quocirca
472 2195 526 2261 τόν
546 2195 673 2262 κάλλιπ’
690 2196 751 2284 ’ἄρα
772 2202 901 2286 μουσικῇ
920 2191 1115 2280 γυμναστικήν
1136 2187 1313 2278 κεραννύντα,

80 2298 128 2359 καὶ
148 2294 334 2380 μετριώτατα
354 2300 392 2386 τῇ
412 2303 503 2397 ψυχῇ
522 2298 741 2387 προσφέροντα,
763 2304 867 2365 τοῦτον
890 2295 1036 2386 ὀρθότατ’
1056 2294 1092 2360 ἂν
1114 2302 1225 2381 φαῖμεν
1239 2289 1295 2358 εἶναι

81 2396 185 2476 τελέως
205 2395 423 2481 μουσικώτατον
443 2403 492 2465 καὶ
513 2399 774 2488 εὐαρμοστότατον.
790 2407 823 2503 l)

158 2602 208 2662 Ad
231 2606 423 2663 annitendum
448 2608 643 2688 alendamque
666 2615 700 2665 ι’νι
729 2614 841 2666 animia
861 2606 968 2682 pulcri
992 2625 1142 2676 amorem,
1168 2625 1237 2660 eum

220 2710 336 2762 musica
351 2715 416 2762 tam
435 2715 570 2764 caeterae
589 2716 671 2765 artas
689 2709 868 2765 tractandae
888 2714 959 2764 auat
972 2711 1173 2780 potissimam.

123 2898 198 2958 Sunt
219 2899 290 2958 haec
312 2900 457 2981 principia
480 2901 669 2981 pulcerrimae
694 2903 902 2975 institutionis,
924 2921 1009 2979 quam
1034 2900 1065 2957 in
1089 2897 1174 2956 libris
1199 2897 1235 2956 de
1256 2891 1296 2953 lte-

83 2997 207 3078 publica,
217 2999 348 3078 exposuit
366 2997 456 3057 Plato.
483 2999 600 3077 Neque,
621 3000 666 3058 his
686 3001 846 3082 perceptis,
868 2998 1019 3057 mirabitur
1046 2998 1195 3075 quisquam
1207 3042 1214 3070 ,
1235 2989 1296 3081 nulli

84 3117 149 3154 eum
168 3096 222 3154 arti
246 3110 356 3155 tantam
374 3095 412 3155 ad
432 3096 623 3157 erudiendum
643 3098 889 3177 excolendumque
913 3096 1058 3155 hominem
1080 3095 1140 3154 vim
1159 3093 1295 3158 tribuisse,

84 3207 220 3272 quantam
247 3195 380 3254 musicae.
411 3188 461 3253 Es‘t
479 3197 557 3253 enim
575 3196 646 3270 illa,
667 3198 690 3254 si
709 3216 765 3274 qua
793 3195 863 3268 alia,
885 3209 912 3253 et
943 3193 1053 3252 homini
1073 3192 1175 3250 natura
1197 3188 1296 3273 propria

85 3307 113 3352 et
131 3291 275 3351 naturales
290 3314 413 3375 quosque
429 3315 526 3352 sensus
545 3307 682 3374 temperat
700 3308 726 3352 et
741 3293 918 3368 moderatur,
933 3307 964 3351 ut
983 3291 1077 3350 studia
1094 3290 1163 3350 inde
1182 3290 1295 3370 oriantur

86 3392 211 3471 optima:
233 3405 260 3450 et
280 3393 382 3468 juncta
408 3413 474 3450 cum
497 3393 672 3471 gymnastica
681 3438 691 3471 ,
713 3391 744 3450 id
763 3391 852 3450 efficit
870 3392 1010 3463 maxime,
1033 3411 1069 3447 ne
1088 3387 1170 3447 abeat
1188 3389 1222 3446 in
1239 3388 1309 3446 fero-1

85 3490 200 3548 citatem
218 3490 371 3565 alacritas,
392 3490 442 3549 sed
466 3490 504 3549 ad
529 3512 625 3550 veram
648 3504 835 3571 componatur
863 3489 1074 3548 fortitudinem.
1107 3488 1261 3561 Quocirca,
1277 3478 1293 3536 sl

87 3588 196 3647 utilitas
223 3589 369 3666 quaeritur
391 3590 423 3647 in
450 3589 599 3648 hominum
619 3589 763 3663 societate,
785 3611 856 3668 quae
874 3586 989 3646 tandem
1009 3607 1052 3644 ars
1070 3605 1224 3665 puerorum
1242 3578 1292 3640 edu·

86 3687 245 3761 cationem,
274 3709 330 3766 qua
357 3687 433 3746 nihil
460 3701 501 3746 est
526 3688 557 3745 in
585 3688 702 3747 civitate
729 3688 844 3767 gravius
871 3701 898 3744 et
929 3683 1092 3757 efficacius,
1123 3681 1292 3763 provehite

87 3786 159 3867 regit
186 3786 303 3865 aptius?
332 3786 393 3844 Hac
422 3787 499 3844 enim
525 3787 575 3863 qui
601 3786 775 3858 instituitur,
806 3807 821 3842 a
850 3786 956 3843 teneris
984 3796 1083 3862 sponte
1108 3803 1158 3840 sua
1182 3782 1291 3859 agnosctl

87 3863 220 3964 pulcrum
249 3905 280 3941 ac
301 3883 392 3942 laetus
412 3885 444 3942 in
465 3885 593 3942 animum
611 3884 730 3964 recipiet
749 3895 776 3940 et
795 3883 875 3961 quasi
890 3882 1033 3941 nutrietur
1050 3901 1082 3938 eo
1089 3905 1096 3954 3
1129 3878 1224 3959 turpia
1241 3886 1290 3934 vett

86 3982 264 4063 vituperabit
290 3982 411 4062 odioque
435 3981 567 4043 habebit:
590 3982 707 4041 omnino
729 3980 835 4039 amabit
860 3980 1011 4060 pulcrum,
1032 3992 1216 4057 anteaquam,
1234 3961 1288 4051 quil

94 4141 109 4149 ..⁴
116 4143 119 4146 .
126 4143 150 4147 ..-
155 4142 299 4149 -...--...-
305 4142 358 4149 aa..

124 4208 149 4274 1)
169 4213 206 4262 De
223 4213 283 4279 llep.
302 4211 347 4260 lll.
371 4206 431 4262 411.
449 4208 478 4260 C.

123 4295 148 4361 2)
167 4297 288 4364 DaLepp.
308 4298 339 4343 ll.
359 4293 417 4344 672.
441 4293 469 4346 G.

125 4381 149 4443 3)
169 4383 230 4434 Eud.
250 4382 304 4431 VII.
324 4380 383 4432 808.
403 4380 433 4431 D.

125 4466 150 4531 l)
167 4470 206 4519 Da
223 4470 284 4536 Πομ.
302 4467 346 4519 Ill.
370 4465 427 4517 411.
450 4466 480 4518 E.
502 4463 560 4514 412.
583 4464 614 4516 A.
