2774 5048
436 1424 900 1522 ua'auruo.

161 1769 287 1817 ustus
314 1728 607 1819 vulnuscula}
636 1769 881 1818 Phl'lolllcss
911 1760 1158 1818 Pnoonl'ult.

81 2390 83 2397 ·
104 2356 221 2418 Nobilem
244 2355 372 2417 Platonis
398 2354 435 2418 de
465 2360 561 2420 animo
590 2360 761 2420 sententiam
787 2373 819 2420 ut
842 2352 1050 2439 quodammodo
1075 2374 1275 2447 assequamur,

77 2450 244 2534 lisprisitioni
259 2467 373 2514 nostrae
392 2474 458 2515 cum
477 2454 620 2518 Socratica
639 2456 805 2517 adhihenda
824 2471 904 2532 sunt,
925 2468 987 2516 tum
1004 2453 1189 2537 Pythagorica
1206 2452 1275 2534 pla-

77 2551 121 2614 cita.
153 2552 182 2634 1)
220 2554 397 2613 Persuaserat
414 2554 470 2614 sibi
490 2553 617 2616 Socrates
645 2553 681 2614 de
705 2555 794 2613 animi
813 2552 933 2614 humani
953 2552 1125 2634 praestantia
1144 2565 1172 2612 et
1189 2550 1273 2612 divi-

76 2647 150 2712 nitate
198 2644 285 2712 >illd
310 2645 385 2732 μήν,
417 2652 584 2727 contendit,
615 2650 663 2712 καὶ
689 2644 851 2733 ἀνθρώπου
877 2672 907 2731 γε
935 2644 1039 2732 teupi,
1064 2643 1144 2731 εἴπέρ
1171 2671 1199 2709 τι
1225 2645 1275 2708 καὶ

31 2752 34 2769 ²
75 2738 127 2809 dtr*
142 2752 204 2814 τῶν
224 2743 438 2836 olsu‘lposnleuta,⁴
455 2750 510 2812 τοῦ
529 2748 615 2814 θείου
641 2747 765 2833 μετέχει.
804 2754 863 2813 Nec
891 2752 986 2812 minus
1012 2749 1091 2832 apud
1117 2770 1182 2809 eum
1207 2771 1274 2809 con-

32 2878 35 2889 ·
74 2848 143 2913 tiabat
169 2854 207 2916 de
235 2855 324 2915 animi
352 2852 571 2914 immortalitate.
612 2856 677 2915 Non
705 2854 775 2930 ille,
803 2854 844 2912 ait
872 2852 990 2926 Cicero,
1018 2863 1081 2910 tum
1110 2848 1165 2908 hoc
1176 2894 1186 2924 ,
1211 2860 1273 2907 tum
1365 2882 1370 2889 ‚

64 2942 147 3026 llud,
165 2955 247 3013 utin
264 2950 425 3036 plerisque,
446 2951 496 3012 sed
521 2950 598 3012 idem
617 2952 732 3013 dicebat
760 2973 887 3033 semper,
908 2951 1016 3009 animos
1041 2946 1191 3006 hominum
1215 2967 1274 3006 esse

74 3038 185 3127 divinos,
206 3053 315 3131 iisque,
336 3071 401 3110 cum
424 3071 439 3109 e
463 3071 579 3133 corpore
599 3052 801 3126 excessissent,
821 3048 945 3109 reditum
963 3047 995 3105 in
1021 3043 1131 3104 coelum
1158 3057 1273 3125 patere,

29 3166 39 3223 ᾗ
73 3147 157 3223 optino
176 3163 203 3208 et
217 3148 375 3227 justissimo
392 3149 495 3228 cuique
513 3149 768 3231 expeditissimum.
810 3149 957 3209 Caeterum
980 3144 1017 3205 de
1035 3142 1158 3224 pristino
1181 3141 1271 3201 animi

25 3285 27 3323 t
72 3253 127 3303 statu
143 3258 170 3306 et
189 3242 407 3326 migrationibus
424 3246 457 3305 in
475 3246 531 3305 alia
550 3247 686 3329 deinceps
704 3261 732 3307 ct
748 3246 806 3306 alia
824 3265 941 3327 corpora
951 3290 959 3319 ,
979 3240 1058 3301 haud
1074 3239 1273 3320 disquisivisse

25 3344 27 3357 '
72 3338 165 3402 videtur
183 3342 327 3403 subtilius.
354 3342 489 3403 Alienum
507 3343 561 3403 hoc
580 3358 639 3403 erat
659 3343 695 3403 ab
714 3345 821 3424 insigni
840 3342 892 3402 illa
912 3341 969 3402 viri
989 3341 1021 3400 in
1040 3335 1271 3421 philosophando

25 3471 27 3501 ε
72 3434 241 3518 simplicitate.
293 3442 433 3516 Quaerere
458 3441 600 3518 malebat,
620 3440 692 3521 quid
718 3443 799 3523 pium
829 3454 917 3514 esset,
937 3437 1010 3519 quid
1033 3438 1170 3517 inpium,
1199 3432 1271 3514 qnid

25 3564 28 3569 ·
72 3534 198 3614 pulcrum,
226 3539 298 3625 quid
316 3554 399 3621 turpe
410 3586 419 3615 ‚
448 3540 519 3620 quid
544 3541 667 3618 justum,
695 3538 767 3619 quid
794 3540 951 3617 injustum,
973 3533 1004 3616 2)
1024 3557 1081 3615 quo
1099 3534 1203 3615 certius
1226 3553 1273 3592 se-

72 3635 200 3716 metipsum
228 3651 257 3696 et
282 3637 353 3696 alios
385 3634 556 3698 emendaret.
605 3636 775 3698 Existimasti
787 3683 794 3711 ,
825 3634 952 3711 dicebat,
988 3630 1204 3715 φιλοσοφοῦντα
1234 3652 1272 3710 με

74 3720 118 3788 ltt'a
136 3732 192 3819 ζῇν
212 3732 261 3794 καὶ
282 3727 453 3809 ἔξετάζοντα
474 3726 604 3813 ἔμοιοτδν
623 3730 672 3796 καὶ
692 3724 760 3809 rode
781 3729 892 3808 ἄλλους.
909 3731 940 3814 3)

75 3846 306 3869 κ*-

25 3942 27 3955 ·
101 3912 120 3977 l)
133 3918 169 3971 lle
183 3922 268 3972 animo
289 3923 384 3988 passim
407 3924 460 3991 egit
475 3920 564 3974 Plato:
580 3938 637 3974 nam
651 3939 683 3974 eo
699 3920 754 3974 lere
768 3922 855 3973 retulit
868 3921 1057 3989 philosophiam
1073 3934 1181 3973 omnem.
1196 3915 1275 3968 Clas-

79 3995 116 4049 ⁸lfl
132 4015 210 4059 autem
233 4007 291 4058 loca
312 4015 370 4058 suut
394 4008 500 4058 Ploedr.
523 4007 581 4059 245.
601 4007 629 4060 G.
649 4038 679 4045 —-
698 4008 790 4058 Pluted.
808 4007 848 4059 64.
868 4006 896 4058 C.
917 4037 947 4043 —
965 4007 1060 4057 Menon.
1078 4004 1119 4055 8¹.
1137 4002 1165 4053 B.
1185 4001 1273 4051 -De

80 4077 123 4147 lep.
137 4087 189 4140 435.
205 4090 233 4140 C.
254 4121 287 4132 -
314 4091 408 4142 Timaeo
422 4091 463 4143 30.
478 4093 509 4144 Α.
528 4092 569 4144 42.
587 4093 617 4144 Α.
634 4124 665 4133 -
680 4092 721 4144 69,
738 4093 766 4143 C.
784 4124 815 4132 -
831 4092 966 4144 Caeterum
979 4092 1143 4159 quiaestiones
1151 4087 1184 4138 de
1196 4087 1271 4137 animi

82 4165 172 4236 urielue,
193 4175 324 4242 partibus,
349 4178 537 4229 immortalitate
560 4177 617 4230 data
639 4179 719 4246 operd
741 4178 863 4245 deinceps
885 4176 1062 4229 tractabimus:
1085 4189 1152 4226 nunc
1174 4172 1274 4224 dehoc

82 4257 203 4315 argumento
218 4262 339 4312 universe
357 4262 484 4328 agendum
501 4271 547 4314 est.

25 4405 27 4411 Α
106 4330 125 4394 ²)
139 4339 194 4394 lleu.
212 4347 283 4400 Mem.
303 4348 322 4394 l.
343 4347 365 4397 1.
384 4346 403 4408 §
423 4347 462 4400 16.

106 4413 126 4478 3)
140 4425 200 4492 apa.
217 4430 242 4481 s.
261 4429 303 4482 aa.
322 4432 350 4482 u.
