2796 5048
686 280 745 337 tot
778 322 782 331 .

88 473 267 536 generosum
294 459 431 525 recteque
459 450 613 505 oecultum
641 454 818 527 ingenium,
848 448 939 523 quod,
968 469 1039 505 cum
1068 449 1171 507 desivit
1189 466 1209 502 o
1227 448 1316 525 quihus

89 557 331 626 corrumpatur,
361 556 494 604 uoturoe
524 549 655 604 bonitate
684 555 825 603 comtum
843 552 877 601 tn
902 565 936 602 eo
957 554 1082 603 niuuet:
1105 553 1168 604 ciue
1187 553 1221 603 t'u
1234 568 1318 625 paru

90 658 219 708 civitate
230 692 239 721 ,
262 649 313 704 uhi
341 666 471 725 mogunt
491 651 647 703 exstiterit
666 651 789 702 onimue
813 651 843 700 et
869 663 917 702 ree
937 644 1004 701 illic
1024 645 1133 703 civiles
1150 644 1316 721 despexerit:

92 757 204 827 exiguo
216 748 355 818 sertoeeo
376 751 468 801 etium
483 763 560 820 pore
575 764 697 817 eorum,
726 763 798 820 quoe
817 743 935 801 bonitus
966 751 1104 800 naturae
1129 745 1166 800 ab
1186 746 1250 801 olio
1265 754 1317 802 ortt

90 855 198 904 merito
226 848 374 901 contemto
401 842 442 903 od
467 862 532 898 eom
558 849 761 917 pertraxerit.
808 838 920 898 Horum
939 860 1008 898 vero
1028 860 1190 920 paucorum
1207 842 1315 920 quicun-

90 965 145 1022 que
174 955 290 1021 gustant
319 952 346 997 et
372 931 686 1019 gustave1·unt'‚quam
715 936 811 997 dulcis
829 937 898 997 haec
917 937 954 997 sit
972 951 1000 996 et
1020 936 1107 997 beata
1128 939 1280 1017 possessio,
1295 951 1316 996 ct

90 1041 233 1100 insaniam
254 1038 334 1116 vulgi
356 1037 557 1117 perspiciunt,
587 1037 733 1095 neminem
760 1034 920 1110 videlicet,
942 1049 973 1095 nt
997 1035 1091 1095 verbo
1110 1034 1229 1109 dicam,
1249 1036 1315 1114 quid·

89 1159 175 1217 qnam
203 1138 235 1195 in
265 1134 480 1215 rebnspnhlicis
508 1146 584 1192 recte
614 1153 714 1212 agere,
738 1153 791 1192 nee
811 1133 920 1192 sociam
935 1134 1079 1215 reperiri,
1101 1155 1230 1214 quocum
1243 1135 1316 1212 justi·

90 1239 146 1296 tiae
174 1234 335 1314 suscipiens
365 1231 576 1314 patrocinium,
606 1243 736 1289 senetur
764 1230 921 1290 incolumis
929 1254 938 1308 5
960 1229 1013 1289 sed
1030 1246 1135 1292 contra
1155 1253 1187 1293 sc
1206 1254 1264 1293 rem
1279 1233 1315 1291 ha·

90 1334 172 1393 bere:
195 1331 321 1391 hominis
342 1331 449 1404 instar,
465 1330 515 1409 qui
535 1330 568 1389 in
584 1328 660 1387 feras
680 1326 1021 1409 inciderit,quiqnenec
1039 1349 1102 1388 una
1122 1330 1235 1409 injuste
1252 1349 1315 1411 agere

91 1432 164 1492 velit
176 1428 222 1510 l),
237 1449 291 1488 nec
310 1427 389 1487 solus
408 1429 469 1509 ipse
485 1426 630 1485 universis
649 1425 718 1484 feris
735 1424 826 1505 possit
845 1426 993 1501 resistere,
1013 1426 1054 1485 sic
1075 1448 1315 1508 unumquemque,

89 1542 260 1605 anteaquam
278 1524 325 1586 vel
344 1525 410 1584 urbi
426 1524 475 1586 vel
494 1523 593 1582 amicis
610 1521 744 1582 consulat
753 1567 763 1597 ,
793 1523 908 1602 perire,
928 1537 1014 1603 atque
1031 1524 1073 1584 ita
1094 1540 1125 1585 et
1143 1525 1205 1587 sibi
1224 1540 1251 1586 et
1266 1527 1315 1586 aliis

91 1625 226 1685 inutilem
254 1644 330 1683 esse:
352 1622 423 1682 haec
453 1623 541 1703 igitur
566 1621 662 1680 omnia
690 1620 859 1700 quicunque
877 1618 1034 1701 diligenter
1050 1622 1236 1700 attenderit,
1254 1627 1315 1704 quic·

90 1737 146 1782 tem
170 1723 230 1801 agit
255 1736 283 1781 et
306 1742 355 1780 sua
381 1718 525 1779 duntaxat
543 1732 645 1793 curat,
666 1738 699 1777 ac
719 1718 811 1779 veluti
833 1718 866 1777 in
883 1718 1032 1801 procella,
1051 1720 1183 1801 pulvere
1202 1737 1232 1784 et
1249 1724 1321 1782 maris·

88 1834 167 1879 aestu
195 1820 319 1899 agitato,
341 1817 395 1877 sub
420 1838 534 1877 murum
563 1816 689 1895 aliquem
709 1814 865 1893 recedens,
888 1829 1044 1876 contuetur
1059 1818 1113 1877 htc
1132 1834 1261 1880 caeteros
1277 1842 1315 1880 nc·

89 1918 181 1996 quitia
211 1916 356 1998 repletos,
377 1916 446 1975 satis
475 1929 570 1974 autem
600 1935 629 1973 se
658 1913 827 1972 habiturum
854 1926 956 1994 putat,
984 1914 1007 1973 si
1028 1936 1124 1999 purus
1143 1919 1209 2000 ipse
1229 1919 1264 1979 ab
1281 1920 1314 1978 in-

84 2016 198 2091 justitia
227 2028 255 2074 et
282 2015 393 2093 iniquis
424 2012 605 2073 facinoribus
636 2012 764 2086 vixerit,
794 2023 824 2069 et
853 2012 961 2071 exactis
980 2013 1057 2074 vitae
1077 2016 1240 2076 curriculis
1257 2017 1315 2076 bona

87 2134 154 2172 eum
172 2133 221 2194 spe
240 2113 343 2172 hilaris
367 2111 489 2195 piusque
506 2109 669 2171 decesserit.
692 2140 723 2150 —
746 2107 834 2168 Haud
855 2130 946 2190 parva
974 2126 1050 2171 certe
1075 2110 1129 2172 hic
1151 2115 1314 2196 egerit,qoi

89 2213 128 2271 ita
157 2214 247 2270 vitam
276 2211 425 2288 transegit.
447 2238 481 2249 -·
501 2210 600 2288 Neque
620 2207 744 2265 maxima
766 2221 881 2282 tamen,
903 2209 927 2267 si
948 2223 1050 2269 nactus
1071 2232 1135 2270 non
1156 2213 1248 2273 suerit
1265 2235 1314 2273 cor·

88 2310 255 2386 ¹venientem
283 2294 339 2366 sihi
368 2305 595 2386 rempublicam:
627 2305 660 2363 in
679 2326 711 2364 ea
730 2305 842 2364 scilicet
862 2319 891 2364 et
909 2306 971 2387 ipse
987 2304 1126 2387 proficiet
1144 2325 1314 2392 augescetque

87 2405 194 2484 magis,
216 2417 243 2462 et
271 2406 385 2484 privata
414 2404 499 2462 simul
526 2400 701 2484 publicaque
728 2402 892 2464 servabit.»
914 2402 946 2485 2)
966 2437 1001 2448 -
1022 2406 1090 2480 Quo
1120 2408 1242 2469 facilins
1264 2426 1313 2468 sanc

87 2501 296 2583 intelligimus,
327 2502 496 2577 Platonem,
528 2501 637 2560 relictis
665 2501 807 2575 Athenis,
837 2501 870 2562 id
900 2523 982 2583 agere
999 2502 1157 2584 Syracusis
1177 2507 1312 2577 maluisse,

86 2614 117 2660 ut
140 2602 268 2679 junioris
294 2601 428 2680 Dionysii
457 2600 607 2675 indolem,
636 2620 722 2678 quam
749 2614 846 2681 aptam
865 2598 904 2659 ad
924 2600 1147 2682 philosophiam
1169 2626 1231 2666 esse
1249 2619 1309 2664 autu·

85 2699 199 2775 mahat,
220 2699 258 2758 ad
278 2699 430 2760 universae
448 2698 570 2759 salutem
590 2697 708 2757 Siciliae
729 2697 884 2758 excoleret.

129 2859 183 2918 De
203 2863 549 2938 disciplinarum
569 2868 613 2918 in
634 2868 843 2936 civitate,
865 2870 1050 2920 attrecta
1071 2874 1277 2945 regotur,

488 2966 527 3016 vt·
554 2969 594 3017 et
624 2961 920 3035 efficacitate.

123 3107 209 3182 Quod
239 3108 324 3168 modo
352 3107 499 3183 diximus,
531 3108 745 3189 philosophiam
770 3109 834 3168 veri
863 3130 879 3168 a
910 3108 1031 3169 Platone
1061 3108 1233 3172 adhibitam
1250 3131 1308 3181 esst,

82 3228 141 3265 non
172 3205 209 3265 ad
237 3206 338 3264 inanes
367 3207 399 3264 in
428 3206 535 3266 scholis
562 3206 798 3285 quaestiunculas
828 3205 1016 3280 enodandas,
1043 3207 1097 3268 scd
1116 3206 1193 3270 illuc
1217 3209 1306 3293 potissi·

82 3325 177 3378 mum,
200 3308 327 3362 nt'recte
346 3318 514 3384 regerentur
532 3305 683 3379 civitates,
706 3304 737 3363 id
758 3325 793 3362 ex
813 3303 913 3364 eadem
929 3303 1001 3380 illa,
1023 3326 1112 3384 quam
1131 3307 1307 3377 adduximus,

82 3402 206 3462 Socratis
235 3403 268 3460 in
296 3402 416 3461 Politia
447 3401 643 3484 disputatione
671 3400 784 3460 efficere
811 3401 889 3462 licet.
932 3402 969 3463 Et
1003 3423 1091 3477 vero,
1114 3384 1191 3485 quae
1213 3405 1307 3471 disseri

81 3499 144 3558 illic
175 3499 314 3580 deinceps
340 3500 376 3560 de
404 3499 607 3582 philosophiae
634 3500 836 3559 instrumentis
864 3500 901 3560 ad
930 3499 1130 3562 erudiendum
1160 3503 1306 3573 hominen,

82 3599 101 3657 i.
135 3619 159 3657 e.
182 3597 219 3656 de
249 3593 415 3679 disciplinis
444 3598 645 3679 gravioribus,
667 3597 704 3656 de
723 3597 918 3674 arithmetica,
939 3599 1114 3679 geometria,
1136 3603 1306 3670 astronomia,

66 3695 250 3775 ¹harmonia,
273 3696 304 3752 in
333 3697 434 3776 primis
462 3696 498 3756 de
528 3695 701 3770 dialectica,
723 3703 852 3775 quaeque
870 3718 922 3756 nos
940 3718 1026 3778 supra
1045 3698 1077 3756 in
1099 3702 1164 3760 veri
1183 3698 1306 3761 tradenda
1350 3776 1353 3783 μ

80 3793 264 3874 philosophia
295 3794 509 3874 explicuimus,
530 3795 601 3854 haec
630 3795 726 3852 omnia
747 3793 784 3852 ad
805 3795 917 3854 futuros
939 3795 1006 3854 illos
1028 3796 1160 3858 civitatis
1180 3799 1306 3880 guberna·

79 3907 155 3949 tores
174 3889 349 3949 eriidiendos
371 3891 627 3972 informandosque
642 3893 764 3952 confert.
805 3893 865 3953 Nec
884 3914 952 3954 sane
971 3896 1085 3955 mirum.
1132 3898 1229 3957 Inesse
1246 3895 1306 3957 scili·

80 4003 125 4048 cet
153 3987 320 4068 disciplinis
349 3989 424 4049 hanc
454 3993 514 4052 vim
534 3991 718 4052 existimabat
737 3991 836 4068 Plato,
859 4006 908 4067 ut,
930 4014 1002 4072 quae
1022 3993 1162 4055 deorsum
1180 3996 1305 4079 apudeos

80 4100 262 4167 spectarent,
288 4086 359 4147 haec
389 4110 501 4149 sursum
529 4089 696 4150 attollerent
724 4103 809 4169 atque
835 4091 872 4150 ad
891 4091 967 4173 ipsas
986 4091 1087 4167 ideas,
1110 4096 1149 4157 ad
1168 4097 1304 4177 pulcrum,

80 4223 329 4233 ———.

117 4312 141 4373 l)
162 4312 198 4378 (ln
217 4310 323 4363 Graecis
343 4322 383 4364 est
401 4298 575 4374 ξυναδικεΐν,
598 4314 668 4381 quod
691 4314 770 4366 facile
789 4324 936 4383 corruptum
953 4331 1064 4368 cenom
1090 4333 1125 4367 ex
1143 4296 1304 4374 ξννδῶΜιΥ,

79 4414 133 4447 une
150 4400 271 4449 mortim.
283 4425 318 4434 -
332 4394 412 4460 Edit.)

115 4479 644 4549 eumuna-mu
