2774 5048
630 242 684 302 ll'l

74 424 137 465 verae
152 404 369 486 philosophiae,
388 425 461 484 quae
479 418 536 464 tam
555 402 737 485 disceptandi
754 403 924 484 diligentia,
944 424 1029 485 quam
1055 403 1264 489 popularitate,

72 499 183 562 omnibus
200 516 273 562 esset
301 502 471 562 mortalibus
498 502 648 577 salutaris,
668 500 743 563 hunc
764 502 860 579 ιιιιιι,
877 504 910 562 in
938 516 1069 564 neutrum
1086 501 1266 563 discedentes

72 613 177 680 pnern,
193 613 359 660 constanter
378 621 587 684 persequamur.
609 599 744 661 Prodesse
761 614 856 660 autem
873 601 943 661 huic
962 599 1077 675 studm,
1097 619 1166 659 sane
1181 620 1266 681 quam

71 698 282 777 generosissimo,
302 698 380 757 nihil
398 698 502 779 poterit
520 699 627 777 magis,
647 719 734 776 quam
753 700 776 758 si
795 698 938 758 Socratem
955 713 992 758 et·
1003 699 1267 780 Platonem,ipsius

72 795 251 877 philosophiae
270 797 303 855 in
322 796 471 855 bominum
497 816 598 875 genere
624 811 773 876 parentes,
802 797 881 874 sequi
909 817 1053 855 conemur.
1095 794 1180 871 Quod
1207 818 1267 855 non

72 913 96 952 eo
109 893 179 955 valet
189 938 199 968 ,
221 907 269 968 ut,
290 914 442 976 puerorum
459 895 568 968 instar,
589 893 668 954 haud
687 893 843 974 quidquam
861 893 1031 976 probemus,
1052 893 1109 953 nisi
1125 892 1204 973 quod
1221 894 1267 954 illi

56 989 209 1079 ⁸dixerunt,
228 1003 296 1066 aut,
316 1012 388 1071 quae
408 991 565 1066 dixerunt,
586 992 671 1051 unice
694 1012 762 1053 vera
786 1006 927 1073 putemus.
967 992 1071 1051 Misera
1099 1005 1171 1051 esset
1198 1014 1269 1074 pro-

73 1087 129 1148 iecto
145 1089 273 1169 gentium
292 1088 527 1149 Germanicarum
545 1088 687 1164 conditio,
709 1090 810 1170 sipost
826 1102 869 1151 tot
885 1103 1035 1170 tantosque
1054 1089 1216 1153 exantlatos
1231 1088 1270 1150 ad

75 1205 154 1244 reum
175 1187 386 1249 inveniendum
405 1174 516 1246 labores
525 1231 535 1262 ,
555 1199 697 1246 constaret
715 1186 850 1262 tandem,
870 1189 974 1257 frustra
993 1188 1069 1269 ipsas
1081 1207 1133 1268 per
1149 1200 1192 1248 tot
1211 1208 1268 1248 sae·

74 1283 123 1342 cula
136 1283 293 1360 laborasse,
313 1306 444 1364 vanaque
466 1306 525 1346 esse
543 1299 572 1345 et
590 1284 662 1344 falsa
688 1305 860 1344 summorum
877 1285 1182 1364 celeberrimorumque
1200 1284 1271 1366 phi-

75 1379 236 1462 losophorum
254 1382 371 1465 placita.
412 1382 470 1442 Sed
497 1382 530 1443 id
557 1380 641 1441 nobis
669 1380 812 1462 agendum
838 1395 899 1459 est,
920 1395 952 1442 ut
976 1381 1119 1443 discamus
1146 1382 1184 1443 ab
1209 1381 1272 1444 illis

75 1478 252 1562 philosophiae
270 1480 448 1557 auctoribus,
462 1480 535 1561 quid
552 1480 590 1541 sit
608 1479 809 1562 philosophia,
830 1502 887 1561 quo
899 1481 1042 1562 pertineat
1056 1482 1197 1559 maxime,
1215 1500 1272 1562 qua

75 1576 103 1635 sit
118 1577 416 1638 tractmda'rationc:
446 1593 508 1638 tum
534 1598 621 1653 vero,
641 1598 739 1638 eorum
764 1579 855 1639 secuti
872 1578 1054 1660 exemplum,
1074 1592 1103 1638 et
1128 1577 1273 1660 eleganter

29 1668 33 1735 Ξ
76 1673 287 1758 philosophemur
310 1691 338 1737 et
356 1697 424 1738 vero
442 1675 606 1752 subtiliter,
627 1690 790 1756 tantamque
819 1676 984 1737 evidentiae
1006 1690 1036 1736 et
1053 1676 1272 1758 popularitatis,

29 1786 189 1848 quantam
219 1775 364 1834 interioris
390 1774 619 1854 disquisitionis,
639 1775 778 1834 rationem
805 1772 977 1832 habeamusr
1002 1792 1153 1835 caveamus
1178 1789 1274 1837 autem

78 1860 236 1947 presertim,
256 1871 334 1953 quod
357 1872 405 1931 illi
422 1885 563 1932 caverunt
580 1870 820 1980 prudentissime,
841 1892 879 1930 ne
898 1872 1024 1931 hominis
1045 1883 1193 1932 externam
1212 1874 1272 1937 sire

79 1965 202 2046 physicam
218 1969 416 2030 conditionem
435 1969 616 2049 exploremus
634 1970 739 2044 unice;
760 1989 817 2048 quo
843 1967 895 2044 fit,
917 1983 949 2029 ut
975 1968 1122 2028 excellens
1149 1983 1272 2047 natura,

29 2090 47 2127 ι·
80 2067 145 2126 anus
170 2069 310 2127 instructa
329 2068 446 2127 dotibus
472 2081 500 2126 et
528 2067 733 2143 facultatibus,
754 2065 861 2126 bestiae
888 2066 972 2127 nobis
1000 2068 1091 2126 instar
1120 2068 1272 2146 rideatur3

29 2164 35 2293 p
80 2161 114 2222 ted
126 2163 267 2225 hominem
280 2166 494 2247 consideremus
510 2179 619 2240 totum,
633 2187 746 2245 quoque
765 2166 803 2225 sit
820 2164 897 2224 ιιι
889 2185 949 2247 ipse
968 2164 1115 2224 maturiet
1131 2165 1227 2246 pulcri
1245 2181 1274 2228 rt

29 2262 156 2325 .·teriet
166 2266 257 2342 justi,
271 2265 328 2323 imo
338 2286 406 2326 sero
420 2263 641 2324 immortalitatis
655 2284 805 2341 rerumque
819 2262 988 2325 divinarum
1002 2262 1099 2323 studio
1117 2277 1146 2326 et
1162 2263 1273 2327 ardore.

29 2310 50 2433 ι
80 2354 116 2416 llis
136 2363 259 2443 primum
285 2362 427 2442 perceptis
458 2381 607 2441 germanae
634 2360 833 2442 philosophiae
860 2362 1039 2443 principiis,
1068 2381 1153 2443 porro
1172 2360 1273 2424 licebit

29 2454 38 2553 ι
80 2455 142 2517 uobis
159 2479 195 2517 ex
212 2459 368 2542 praeclaris
385 2458 522 2540 prolicere
545 2461 712 2519 recentioris
737 2459 802 2519 aeri
829 2459 977 2534 inventi‘s,
997 2472 1030 2519 ut
1047 2480 1063 2519 e
1081 2480 1147 2519 suae
1174 2463 1274 2522 aetatis

29 2578 37 2623 ι
80 2555 200 2636 priscique
216 2550 349 2617 saeculi
341 2557 470 2618 inventis
489 2557 545 2636 ipsi
564 2557 748 2638 proiecerunt
766 2555 893 2615 Socrates
912 2570 941 2617 et
957 2556 1048 2616 Plato.
1079 2559 1140 2617 Hac
1160 2573 1274 2637 nutem,
1372 2600 1374 2605 »

29 2652 157 2723 ιιιιιι
175 2654 293 2733 quidem
316 2676 374 2713 una
393 2655 522 2728 ratione,
543 2654 581 2713 ad
600 2672 778 2713 communem
796 2654 908 2732 generis
932 2652 1053 2713 humani
1070 2656 1191 2715 salutem
1208 2656 1272 2738 phi·

29 2730 39 2819 ι
79 2743 215 2832 losophiam
232 2747 444 2812 adhibebimus.
485 2753 558 2811 Nam
586 2752 625 2811 ita
650 2750 777 2831 profecto
794 2771 823 2809 se
846 2771 891 2809 res
918 2751 1023 2810 habet:
1043 2750 1127 2813 decet
1147 2755 1273 2831 philoro-

29 2828 39 2935 ι,
76 2848 160 2920 pliona
177 2873 237 2910 uon
253 2857 287 2908 in
306 2851 420 2910 rclsolru
439 2853 560 2925 anslec,
580 2850 657 2908 aad
644 2871 677 2907 ιιι
693 2850 792 2907 media
809 2855 928 2907 uersari
946 2850 1099 2908 hominum
1115 2854 1272 2922 sociotate5

29 2942 38 3003 ἰ
78 2962 175 3024 tuum,
194 2948 264 3009 huic
283 2970 334 3008 suo
351 2949 464 3008 muneri
482 2963 567 3027 atque
584 2945 680 3007 officio
704 2961 737 3006 ut
756 2946 938 3027 philosophia
954 2948 1127 3024 satisfaciat,
1145 2951 1273 3027 philo·
1363 2983 1366 2987 >

29 3048 34 3115 J·
78 3048 203 3122 tophos
239 3056 353 3124 oportet
378 3054 440 3105 rite
462 3068 522 3106 cess
549 3054 583 3104 in
611 3046 710 3104 schola
736 3047 893 3120 eruditos,
926 3045 1063 3106 &cretis
1089 3055 1218 3108 mommo
1245 3059 1275 3108 ιι

29 3164 36 3197 ι·
78 3137 200 3204 Plutonia
216 3152 419 3204 institutione.

29 3240 34 3309 ζ
105 3241 137 3302 Et
153 3243 222 3302 huic
241 3242 358 3320 quidem
377 3243 536 3302 communis
555 3243 683 3302 omnium
701 3242 802 3302 salutis
829 3241 1030 3324 provehendae
1048 3245 1192 3325 proposito
1210 3265 1276 3304 cum

29 3368 36 3389 ·-
79 3333 115 3398 illa
129 3342 193 3418 -jam
216 3339 423 3419 quodammodo
443 3354 508 3421 apta
535 3361 594 3399 esse
622 3353 796 3421 potuerunt,
816 3362 888 3419 quae
916 3362 1002 3422 supra
1027 3362 1064 3401 ex
1094 3340 1212 3401 Platone
1239 3340 1275 3401 de

80 3430 146 3497 insito
162 3438 332 3498 mortalibus
351 3439 446 3518 pulcri
463 3438 590 3516 bonique
608 3436 704 3498 studio
726 3439 874 3497 attulimus
884 3484 892 3513 ,
912 3452 974 3497 tum
999 3439 1069 3498 haec
1097 3439 1277 3519 proderunt,

81 3544 102 3589 u
114 3556 254 3616 speramus
264 3582 273 3612 ,
299 3537 495 3616 potissimum,
514 3557 585 3615 quae
595 3581 604 3610 ,
625 3534 723 3595 eodem
749 3534 822 3594 duce
841 3550 869 3595 et
889 3550 1003 3595 auctore
1013 3582 1022 3612 ,
1042 3535 1079 3595 de
1098 3539 1161 3599 reri
1181 3535 1276 3599 studio

33 3658 36 3663 ·
80 3633 295 3712 &inquisitione
315 3655 393 3693 nunc
414 3655 510 3693 sumus
530 3632 713 3713 disputaturi.
754 3633 842 3693 Abest
864 3655 931 3693 saue
950 3635 1091 3710 multum,
1122 3648 1153 3694 ut
1173 3657 1277 3697 novam

29 3748 31 3753 ·
81 3743 133 3805 uos,
149 3753 233 3811 quam
252 3745 375 3806 vocant,
395 3731 532 3791 inducere
549 3730 760 3812 philosophiam
787 3732 985 3792 instituamus:
1012 3754 1072 3793 non
1100 3754 1196 3793 sumus
1225 3754 1276 3792 nos
1314 3740 1319 3761 '

80 3821 243 3911 philosophi,
270 3830 321 3891 se'd
343 3852 401 3890 esse
421 3832 552 3912 cupimus
576 3830 793 3912 philosophiae,
814 3846 889 3890 certe
908 3833 1059 3911 antiquae,
1087 3832 1276 3914 interpretes:

46 3920 51 3931 '
80 3926 208 4005 utiquam
227 3943 321 3989 autem
338 3930 445 3988 hancce
460 3930 618 3988 instaurare
632 3927 865 4009 interpretando,
885 3950 1017 3990 revocare
1032 3913 1191 3991 inmaturae
1200 3931 1276 3990 viam

80 4018 263 4107 philosophos,
293 4028 318 4089 si
337 4027 388 4107 qui
405 4026 441 4084 ab
459 4048 490 4085 ea
510 4025 700 4087 discesserunt
710 4072 728 4100 ,.
739 4046 891 4105 omnesque
918 4028 1073 4088 incendere
1092 4031 1154 4092 veri
1180 4026 1275 4088 studio

79 4128 100 4175 ‘l
113 4141 201 4184 amore
210 4170 220 4199 ,
237 4124 270 4185 id
290 4146 341 4184 nos
361 4125 393 4184 in
411 4125 538 4184 animum
557 4124 706 4184 induxisse
724 4125 903 4204 maximeque
920 4125 1025 4186 habere
1043 4126 1075 4185 iu
1094 4128 1168 4188 rotis
1177 4172 1187 4202 ,
1215 4146 1274 4185 uon

79 4208 227 4283 liffinmur.
513 4230 516 4234 '

109 4317 167 4379 Nou
180 4341 258 4396 pars
275 4320 414 4398 quaedam
428 4343 503 4381 nora
517 4320 715 4402 philosophiae
733 4335 789 4396 est,
803 4342 888 4399 quam
908 4344 986 4382 nunc
1005 4343 1100 4381 sumus
1117 4323 1274 4381 tractaturi.

82 4402 150 4475 Haud
176 4419 264 4498 magis
287 4419 384 4493 Plato,
404 4440 489 4507 quam
508 4417 655 4493 Socrates,
674 4417 711 4478 de
730 4418 890 4482 dividenda
919 4421 950 4478 in
979 4433 1070 4500 partes
1096 4418 1276 4501 philosophia
