2796 5048
679 208 714 268 tl

81 372 192 431 sitatem
216 369 380 449 quandam,
405 372 459 452 ipsi
479 369 595 450 quidem
616 372 717 430 natura
742 392 801 457 uon
826 375 989 454 propriam,
1016 374 1066 434 sed
1090 395 1162 454 quae
1182 372 1307 435 efficeret

81 501 192 561 tamen,
215 499 246 544 ut
265 485 395 545 acerbius
414 484 538 546 subinde
556 487 589 545 in
605 487 682 546 viros
697 488 783 546 etiam
797 487 983 548 inveheretur
998 509 1056 547 non
1071 487 1305 551 contemnendos.
1376 460 1381 469 Ι

80 603 175 661 Homo
192 613 270 673 erat,
290 620 374 678 quem
392 602 514 659 amicum
529 599 687 674 coluimus,
703 603 857 676 Creuaere,
873 622 932 661 non
943 604 1068 684 perfecta
1088 617 1200 665 natura.
1221 606 1307 680 Quod

80 731 177 797 autem
195 716 327 800 aptiquos
344 714 520 794 loquuntur,
541 735 612 795 quos
635 715 741 774 imitari
766 696 910 775 debuisset
928 716 1172 796 Wyttenbachius
1182 765 1190 794 ,
1215 721 1307 780 imita·

79 843 188 892 tuaest
207 830 372 888 Ciceronem
399 850 500 905 suum,
521 844 552 890 ut
573 829 657 890 modo
683 831 837 890 memoravi
848 876 856 904 ,
877 831 928 909 qui
946 831 1028 890 nulla
1048 853 1107 890 non
1135 835 1308 916 opportuni-

78 958 140 1005 tate
158 944 193 1002 in
210 943 359 1023 Graeciam
378 945 548 1005 excurrebat
570 958 598 1004 et
620 946 719 1017 vivere
739 943 795 1004 sibi
815 945 938 1004 maxime
953 958 1015 1004 tum
1033 944 1200 1022 ridebatur,
1219 970 1307 1028 quum

81 1060 207 1119 maxime
232 1080 261 1119 se
280 1061 465 1119 transtulerat
490 1063 521 1120 in
542 1059 665 1120 Socratis
683 1075 711 1118 et
729 1058 857 1148 Platonis
877 1072 1013 1139 tempora.
1054 1058 1101 1120 Sic
1121 1063 1221 1143 optimi
1239 1067 1307 1144 qui-

82 1196 141 1254 que
158 1177 349 1249 Romanorum
377 1174 484 1234 literati
512 1189 540 1234 et
562 1152 742 1256 philosophi,
763 1172 810 1232 illi
834 1162 971 1249 om‘nino,
992 1169 1151 1253 qui'literis
1178 1177 1309 1239 colendis

82 1303 111 1348 et
133 1291 244 1370 patriae
268 1303 296 1348 et
313 1291 433 1370 posteris
451 1304 480 1350 et
494 1289 577 1349 nobis
594 1289 680 1349 etiam
697 1289 842 1371 praeclare
857 1289 1072 1376 consuluerunt.
1102 1289 1159 1349 Sed
1178 1286 1309 1370 qu'amris

82 1402 329 1484 wyttenbachius
347 1424 407 1463 non
423 1405 447 1463 is
462 1418 532 1463 esset
546 1405 608 1465 sire
622 1405 725 1464 natura
740 1405 801 1466 sive
816 1404 892 1464 vitae
913 1405 1141 1481 consuetudine,
1156 1405 1310 1479 utqlubens

83 1521 115 1577 in
130 1517 249 1577 circulis
267 1532 295 1577 et
313 1518 456 1579 convitiis
473 1519 556 1577 horas
572 1539 636 1578 suas
649 1521 836 1600 transigeret,
857 1518 908 1578 sed
926 1520 1025 1579 mallet
1037 1521 1085 1580 vel
1100 1521 1178 1582 domi
1189 1523 1237 1583 rel
1247 1525 1307 1581 ruri

83 1633 234 1712 degumare
243 1633 355 1712 antiqui
372 1634 541 1694 suavitatem
551 1635 634 1708 aevi,
654 1633 733 1694 haud
746 1648 843 1694 tamen
862 1633 918 1694 sibi
933 1610 1051 1695 vivebat
1065 1636 1128 1696 soli.
1159 1637 1311 1718 Hospites‚

83 1746 242 1823 confiteor,
257 1767 316 1807 non
336 1768 433 1807 omnes
447 1749 474 1806 ei
489 1749 561 1826 grati
576 1763 658 1808 erant
672 1762 700 1808 et
718 1752 846 1830 accepti:
865 1770 955 1810 vanos
974 1749 1103 1809 homines
1118 1764 1146 1811 et
1164 1765 1295 1812 ventosus
1303 1799 1312 1828 ,

83 1865 192 1944 quique
206 1861 259 1921 hae
276 1885 333 1922 una
350 1863 387 1922 de
406 1884 502 1921 caussa
518 1863 669 1938 venirent,
684 1878 720 1924 'ut
739 1865 795 1945 ipsi
815 1864 1061 1939 demonstrarent,
1081 1865 1183 1943 quanti
1202 1865 1312 1926 scilicet

84 1991 178 2037 essent
199 1978 275 2052 viri,
295 1976 347 2036 hus
365 1978 405 2035 ita
424 1999 483 2037 non
502 1992 613 2058 poterat
635 1979 728 2054 ferre,
751 1990 782 2038 ut
810 2000 875 2053 eos,
893 1980 923 2041 ,si
942 1977 1088 2053 licuisset,
1109 1978 1231 2038 aedibus
1251 1983 1312 2041 suis

84 2091 252 2152 exclusisset
268 2093 300 2151 in
319 2102 497 2172 perpetuum.
520 2094 576 2155 Sed
594 2106 731 2174 quotquot
751 2115 816 2154 cum
831 2092 945 2173 judicio
960 2107 988 2152 et
1002 2115 1097 2167 rerum
1112 2093 1232 2152 scientia
1252 2115 1309 2153 mo·

83 2207 207 2269 destiam
225 2208 357 2266 afferrent
376 2222 404 2266 et
421 2205 647 2291 humanitatem,
668 2209 721 2268 hos
735 2209 795 2289 ipse
815 2220 844 2267 et
864 2202 1081 2288 perhufflniter
1102 2208 1265 2288 excipiebat
1283 2223 1311 2268 et

74 2326 185 2402 juvare
204 2324 281 2382 omni
302 2321 461 2381 officiorum
480 2344 581 2402 genere
600 2322 741 2419 studebat.
779 2323 892 2381 Amicos
907 2321 1009 2381 habuit
1029 2344 1151 2402 paucos:
1172 2324 1229 2382 nisi
1247 2325 1313 2402 quis

82 2441 139 2500 hoc
160 2439 277 2498 nomine
300 2438 379 2498 dicat
401 2440 543 2513 fautores,
565 2430 749 2501 admirafies
760 2482 767 2512 ,
789 2437 931 2511 cultores,
953 2437 1001 2499 vel
1018 2439 1103 2497 etiam
1123 2438 1229 2517 quibus
1248 2441 1308 2520 ipse

80 2556 160 2614 bene
180 2552 317 2614 vellet'et
333 2553 466 2632 prodesse
489 2553 632 2613 studeret:
653 2552 706 2612 hos
729 2546 854 2611 habebat
871 2572 924 2631 per
941 2565 1029 2610 totam
1048 2552 1192 2633 Europam
1212 2575 1310 2612 nume·

79 2693 116 2730 ro
136 2671 227 2728 ferme
244 2667 392 2726 infinitos:
423 2668 473 2727 sed
500 2689 570 2747 quos
589 2675 699 2725 amicos
718 2667 839 2728 vocabat
854 2685 935 2738 suos,
956 2659 1121 2745 praesertim
1140 2667 1314 2745 quibuscum

63 2783 226 2862 juvenilis
246 2804 312 2841 eum
331 2795 425 2854 aetas,
448 2804 505 2840 una
527 2781 581 2840 illa
600 2782 723 2841 maxime
747 2780 785 2840 ad
808 2778 1033 2840 contrahendam
1053 2780 1208 2840 amicitiam
1229 2796 1313 2862 apta,

77 2898 294 2978 conjunxerat,
309 2897 411 2956 horum
429 2896 583 2956 amicitiam
604 2911 631 2955 et
649 2911 745 2956 sancte
763 2894 853 2953 coluit
872 2907 899 2952 et
918 2908 1081 2953 constanter
1099 2894 1136 2954 ad
1155 2909 1314 2955 extremum

77 3016 163 3076 *ritae
182 3011 280 3071 finem.
309 3013 345 3070 In
363 3011 469 3090 quibus
487 3011 620 3070 censebat
638 3025 667 3070 et
686 3012 756 3071 alios
776 3024 804 3068 et
821 3009 975 3068 Boschium
993 3029 1075 3069 suum
1095 3025 1122 3070 et
1140 3009 1313 3071 Parisienses

74 3130 192 3188 amieos
221 3126 432 3200 Villoisonum,
464 3126 714 3202 Sanctocrucium,
743 3124 932 3185 Larche-rum:
963 3126 1013 3204 qui
1036 3127 1222 3205 quanticum
1241 3126 1314 3186 face·

76 3257 170 3317 rent,
192 3263 276 3321 quam
303 3262 368 3318 eum
395 3242 520 3301 uicissim
549 3240 722 3320 diligerent,
743 3242 807 3320 ipse
829 3259 891 3298 sum
913 3253 1065 3319 expertus,
1085 3260 1175 3320 quum
1198 3242 1317 3319 juvenis

80 3358 219 3417 uenirem
245 3329 386 3415 lutetiam
405 3376 506 3435 eosque
526 3356 686 3415 salutarem.
708 3353 962 3434 Amplectebantur
981 3374 1025 3412 me
1043 3355 1199 3428 continuo,
1220 3375 1315 3432 quam·

84 3474 133 3532 vis
159 3471 289 3550 ignotum
309 3472 396 3552 ipsis„
426 3485 455 3530 et
473 3494 561 3530 auum
583 3471 725 3532 vocabant
744 3482 863 3551 sponte,
885 3482 917 3527 ut
936 3467 1112 3549 discipulum
1132 3488 1176 3527 me
1194 3490 1253 3526 esse
1272 3489 1316 3529 co·

80 3599 248 3666 gnorerant
272 3584 492 3665 Wyttenhachii
519 3588 573 3645 sui.
614 3585 671 3645 Sed
694 3584 749 3644 tibi
776 3583 848 3664 quid
876 3603 979 3658 narro,
1009 3585 1242 3663 Creuze1·e,qu0
1266 3584 1317 3643 ille

89 3701 178 3760 fuerit
198 3701 229 3758 in
247 3687 360 3760 >amicos
380 3703 476 3760 animo
487 3748 495 3775 ,
515 3723 599 3780 quem
620 3702 651 3759 in
679 3700 797 3780 paucis,
818 3719 888 3777 quos
912 3696 1069 3776 diligebat,
1091 3699 1191 3757 amicis
1209 3699 1318 3779 insigni

88 3816 192 3876 babuit
211 3814 298 3876 loco?
319 3816 395 3876 Mihi
410 3830 504 3876 autem
524 3836 589 3874 cum
604 3814 674 3873 alias
688 3815 781 3896 patuit
790 3814 860 3873 haec
880 3815 940 3891 ejus
960 3815 1061 3872 caritas
1080 3813 1112 3871 in
1131 3827 1159 3872 te
1179 3827 1206 3872 et
1221 3813 1317 3871 amici·

91 3934 146 4006 tia,
168 3946 230 3991 tum
250 3932 302 3991 illo
324 3934 489 4013 praesertim
508 3910 650 4011 tempore,
668 3950 759 4008 quum
781 3942 814 3986 tu
837 3929 892 4009 ipsi
911 3926 1020 4006 collega
1039 3928 1122 3987 datus
1142 3928 1237 3986 dicam
1248 3972 1256 4000 ,
1278 3949 1315 3986 an

90 4048 238 4106 ostensus?
266 4068 331 4106 mox
361 4046 540 4106 valetudinis
559 4059 673 4105 coactus
701 4046 885 4118 necessitate,
906 4042 1031 4102 reditum
1059 4063 1173 4122 parares
1199 4040 1317 4099 Heidel-

90 4162 215 4241 bergam.
246 4161 302 4220 Sed
329 4161 421 4220 nolim
438 4182 576 4221 renovare
599 4159 726 4220 dolorem
746 4158 897 4236 aqerbum,
917 4178 1001 4235 quem
1021 4157 1136 4237 optimis
1153 4155 1315 4234 quibusque

88 4277 214 4336 maxime
231 4276 330 4336 attulit
356 4276 497 4335 discessus
520 4275 571 4334 ille
590 4289 665 4333 tuus.
705 4274 760 4333 Ille
782 4273 900 4352 quidem
924 4266 998 4332 ἑκών
1029 4265 1142 4346 ἀέκοντί
1164 4291 1195 4349 γε
1221 4273 1317 4356 θυμῷ

89 4408 117 4452 te
135 4392 265 4468 dimisit,
290 4393 396 4473 quippe
422 4377 453 4450 id
476 4405 577 4471 optans
600 4390 741 4464 maxime,
761 4388 839 4467 quod
863 4389 917 4447 tibi
941 4405 1011 4448 esset
1037 4389 1177 4447 salutare:
1207 4404 1234 4447 et
1260 4411 1312 4448 uos
