2796 5048
687 257 743 315 148

93 411 282 498 διδασκαλική
311 422 358 481 vel
386 422 423 481 ad
451 413 661 499 δημιουργικιλς
682 424 804 484 refertur
826 420 1030 496 διδασκαλίας,
1053 426 1100 486 vel
1122 421 1247 485 παιδεία
1265 442 1319 502 est,

93 524 113 583 i.
136 545 159 584 e.
188 514 378 600 declamatum*
406 517 437 580 ἓν
464 524 525 593 τοῖς
551 514 661 600 λόγοις·
688 522 757 582 haec
783 538 877 584 antem
904 523 1016 605 duplex
1041 538 1100 599 est,
1128 525 1257 587 severior
1276 524 1318 587 vel

93 622 202 683 lenior:
230 622 277 683 vel
302 616 545 711 νουθετῃτική
572 641 632 704 est,
658 617 874 705 οἷργαιοπριπές
900 644 928 682 τι
949 616 1086 703 πάτριον,
1110 612 1137 708 ᾧ
1156 620 1238 707 πρδς
1257 618 1317 698 rode

90 717 161 796 υἱεῖς
186 716 304 800 μα’λιοτ>
329 719 468 805 ἐχρῶντό
493 747 524 786 τε
550 724 600 786 καὶ
625 720 666 786 ἔτι
692 722 795 786 πολλοὶ
820 724 952 805 χρῶνται
978 717 1016 783 roi
1037 724 1104 799 νῦν,
1130 717 1207 786 ὅταν
1227 720 1315 799 arbeit

90 818 317 907 ἐξαμαρτάνωσι
335 850 376 901 τι,
397 821 435 888 roi
456 824 513 906 μὲν
533 826 767 908 χαλεπαίνοντες,
789 819 827 886 ad
849 823 884 886 δὲ
908 822 1154 910 μαλθακωτέρας
1180 834 1312 911 παράμο-

88 921 245 1006 θσιλμινοι·
272 938 432 1009 antiquum
457 933 600 1008 quiddam
624 942 654 990 ot
668 939 824 1008 patrium,
846 951 901 1008 quo
920 937 954 986 ιἰι
976 932 1082 989 λίθινοι
1101 953 1170 990 suos
1190 942 1310 990 ιαατιαιι

89 1031 254 1088 utebantur
276 1039 305 1088 at
329 1039 465 1086 utuntur
489 1037 661 1088 etiamnunc
697 1032 788 1088 multi
798 1076 805 1104 ‚
837 1031 953 1108 quondo
977 1031 1178 1108 delinquunt,
1203 1039 1308 1109 purtim

83 1136 225 1210 gramm
253 1130 465 1207 objurgantes,
497 1137 618 1205 purtim
648 1129 747 1187 lenius
774 1130 982 1187 adorerentur:
1020 1126 1068 1186 vel
1079 1174 1088 1202 ,
1123 1149 1211 1206 quem
1239 1150 1304 1189 nunc

83 1227 248 1309 quaerimus
271 1227 413 1303 maxime,
440 1219 603 1307 ἔλεγχος,
632 1220 650 1288 o‘
671 1226 738 1309 περὶ
758 1222 813 1308 τήν
835 1220 960 1305 μάταιον
981 1225 1162 1307 δοξοσοφίαν
1183 1220 1304 1308 γιγνόμε-

86 1348 134 1400 νος
156 1318 288 1407 ἔλεγχος,
318 1347 411 1395 oenoe
436 1331 609 1406 doctrinae,
635 1353 710 1410 quoe
733 1339 869 1409 opinione
888 1322 1045 1405 cernitur,
1067 1333 1262 1410 redargutio,
1281 1326 1303 1411 l)

85 1430 105 1490 i.
126 1453 150 1490 e.
169 1418 336 1506 μαιεοτινή,
359 1449 443 1507 quam
462 1429 512 1506 qui
533 1430 628 1490 animo
647 1430 784 1503 adhibet,
804 1421 961 1510 καθαρτὴς
982 1427 1125 1488 dicendus
1144 1446 1202 1507 est,
1221 1425 1300 1500 δοξολν

85 1524 238 1607 ε’μττοδίοιν
262 1522 426 1608 μαθήμασι
450 1524 517 1608 περὶ
543 1523 656 1609 ψυχήν.
684 1526 715 1609 2)
762 1532 855 1611 Ergo,
883 1545 915 1590 ut
938 1531 983 1591 vis
1007 1528 1176 1610 μοιιυτικῆς
1202 1530 1240 1590 ad
1262 1550 1300 1592 ιι·

86 1651 150 1689 ium
181 1632 307 1691 hominis
338 1628 449 1688 cultum
482 1631 677 1711 percipiatur,
709 1630 804 1711 prouti
833 1628 962 1688 medicus
987 1632 1116 1711 corpori,
1153 1632 1195 1690 sic
1223 1630 1299 1691 anime

81 1729 175 1807 judex
199 1729 355 1812 prospieit3
383 1727 433 1787 sed
459 1730 570 1809 corpori
596 1752 656 1789 non
677 1727 801 1804 suffieit,
830 1732 862 1786 ιιι
880 1728 959 1786 intus
979 1749 1008 1787 se
1026 1729 1101 1787 ben'e
1120 1728 1241 1804 lrabeat,
1261 1746 1298 1787 ac·

83 1828 168 1887 cedat
196 1848 309 1888 necesse
334 1839 375 1885 est
399 1826 516 1885 habitus
539 1842 687 1907 motusque
712 1828 890 1887 concinnus:
921 1825 998 1906 quod
1022 1826 1111 1886 efficit
1130 1826 1296 1908 gymnastico.

84 1924 226 1984 'Similiter
254 1946 312 1983 non
339 1925 406 1983 satis
432 1937 473 1982 est
503 1925 616 2000 animo,
646 1927 670 1984 si
700 1946 752 1984 nec
780 1945 887 2005 pravus
915 1926 952 1984 sit
981 1946 1034 1984 nec
1059 1927 1163 2006 poenis
1184 1925 1297 1986 videatur

86 2022 277 2096 coercendus,
307 2043 366 2081 esse
395 2043 460 2080 eum
489 2043 542 2081 nec
573 2037 685 2104 turpem
712 2045 766 2081 nec
794 2036 934 2081 taeta-:um
963 2024 1108 2100 pulcrum
1136 2044 1196 2083 esse
1223 2023 1295 2084 decet

84 2120 127 2179 Eo
153 2133 246 2186 autem
273 2112 462 2199 διδασκαλική
491 2118 587 2195 velet,
619 2143 670 2179 nec
697 2121 751 2180 illa
775 2135 906 2209 tautum,
936 2142 1008 2200 quae
1034 2122 1124 2203 patris
1148 2122 1294 2182 auctoritate

85 2232 252 2293 exercetur,
281 2221 330 2279 sed
355 2221 540 2303 praesertim,
565 2240 638 2296 quae
660 2219 739 2277 intus
762 2202 853 2278 ιοιιιιιι
878 2221 1050 2300 penitusque
1074 2241 1172 2309 perp
1201 2234 1229 2280 at
1250 2217 1294 2279 ani·

83 2337 176 2391 mum,
205 2331 254 2390 ut,
281 2317 401 2376 sublatis
419 2316 607 2397 opinionibus
628 2317 711 2375 vanis
721 2318 861 2397 ‚integer
886 2319 923 2377 sit
947 2332 976 2376 et
997 2319 1100 2398 vigeat.
1175 2312 1294 2442 ordleg-

82 2434 139 2493 χον
159 2408 318 2474 λικτέον
293 2437 334 2488 ιος
355 2408 414 2497 ἄρα
434 2410 556 2531 μιγίστιγ
579 2413 627 2474 καὶ
647 2408 812 2497 κυριωτάτη
835 2414 895 2476 τοῖν
913 2409 1122 2498 καθάρσεων
1106 2440 1183 2481 εστι·
1200 2410 1303 2482 uuirir

80 2509 248 2596 ἀνέλεγκτον
273 2538 311 2576 ov
300 2508 551 2595 νομιστέον,
532 2541 567 2577 αν
587 2540 637 2577 και
657 2511 791 2603 τνγχοῖννγ
812 2511 987 2597 deoderico
1007 2513 1101 2599 με’γας
1121 2516 1178 2598 cir,
1200 2548 1237 2586 τα
1255 2512 1304 2603 μ’-

80 2638 166 2699 γιστοι
193 2611 413 2702 α’κοῖθαρτον
393 2642 480 2694 οντα,
507 2613 686 2680 α’τταίδεοτον
712 2643 742 2680 τε
765 2616 818 2679 καὶ
845 2615 973 2702 αἰσχρον
999 2618 1142 2702 γιγονὲναι
1163 2614 1305 2703 rodomi*

78 2715 298 2805 καθαρώτατα
322 2720 371 2782 καλ
397 2717 591 2783 κάλλιστον”
574 2745 677 2805 amoene
699 2717 753 2783 τδν
775 2745 868 2797 οντας
889 2716 1030 2802 ἐσόμενον
1051 2720 1138 2786 εοδαί
1134 2751 1214 2806 μονα
1234 2722 1345 2793 alra·

81 2827 258 2908 redargutio
277 2827 401 2883 dicendo
426 2836 470 2883 eat
489 2834 622 2884 marimo
642 2836 670 2884 et
687 2834 827 2903 princepe
849 2835 1068 2906 purgationum
1087 2839 1242 2905 omnium
1259 2826 1315 2893 ill?

80 2946 149 2982 aero
174 2932 227 3001 qui
248 2946 305 2981 ιιοιι
328 2926 513 3004 redargutus
536 2935 598 2998 eat,
626 2932 746 2982 etia-inei
768 2932 830 3000 ipae
848 2935 923 2983 esset
940 2948 994 2982 rea·
1012 2927 1202 3007 Persarum,
1227 2916 1319 2993 iridr

82 3031 149 3079 ctus
173 3023 323 3080 habendus
347 3032 391 3079 eat
416 3032 445 3079 et
468 3031 570 3099 turpio
595 3031 634 3080 iis
657 3031 691 3080 iri
714 3030 860 3101 negotiis,
882 3031 914 3079 in
935 3026 1041 3101 quibua
1060 3036 1113 3104 qui
1131 3050 1240 3108 reapse
1250 3032 1323 3110 fr

79 3130 172 3178 turus
190 3126 234 3179 iat
243 3121 308 3196 fel'
295 3143 344 3194 ια,
360 3128 547 3197 purissimus
567 3143 626 3179 eoae
645 3131 674 3178 et
686 3122 893 3197 pulcerrimis
913 3122 1002 3182 debet.
1006 3147 1020 3180 n
1046 3121 1077 3204 3)

121 3217 178 3278 Sed
198 3218 327 3277 llondum
346 3219 538 3299 explicuimus
558 3221 624 3276 satis
630 3218 735 3297 ,quod
755 3218 832 3278 dixit
850 3219 886 3278 de
900 3220 953 3279 hac
973 3219 1158 3304 disciplina
1149 3246 1182 3285 ιιι
1203 3228 1324 3289 Theae

80 3328 137 3373 teto
155 3312 300 3393 Socr,ates
321 3316 504 3377 admirabiles
525 3338 582 3375 esse
603 3339 717 3392 eorum,
739 3318 788 3395 qui
810 3319 848 3376 sic
869 3319 1042 3379 excoluntur
1048 3342 1263 3403 ,Ριςοςτειειις
1256 3307 1339 3388 ἠδ·

81 3433 150 3473 vero
167 3363 331 3493 praesertim
351 3429 393 3497 est
418 3437 455 3474 ex
474 3415 599 3474 hominis
622 3415 721 3474 indole
749 3430 776 3475 et
798 3414 921 3474 Socratis
945 3404 1129 3500 philosophia
1156 3420 1325 3485 declaran‘

81 3511 160 3570 dum.
182 3512 253 3570 Nam
273 3512 305 3570 id
324 3513 456 3572 studebat
475 3515 560 3572 unice
578 3512 785 3594 philosophus,
809 3529 839 3572 ut
858 3516 971 3574 animus
992 3510 1332 3585 liberareturtumorer

82 3609 227 3684 vanitate,
248 3609 328 3670 falsis
353 3598 559 3692 opinionibus,
581 3632 652 3691 quae
672 3613 796 3670 maxima
825 3626 893 3671 sunt
920 3616 1066 3697 cogitandi
1092 3617 1241 3699 libereque
1259 3622 1338 3683 ιιικ

81 3706 217 3786 quirendi
246 3708 466 3789 impedimenta:
498 3709 544 3769 his
568 3725 660 3769 autem
688 3725 824 3789 tanquam
854 3711 983 3770 vinculis
1011 3714 1139 3790 solutus,
1161 3717 1224 3799 ipse
1247 3721 1338 3798 jara

79 3827 164 3887 porro
192 3827 243 3887 per
267 3828 295 3864 se
319 3809 456 3888 cogitaret
484 3821 512 3866 ct
532 3811 703 3887 exquireret
745 3808 910 3889 Simplicior
938 3809 1009 3889 lingi
1036 3811 1195 3894 disciplina
1224 3817 1338 3876 nulla

79 3918 188 3997 potest,
209 3903 265 3963 sed
283 3905 365 3963 nulla
390 3920 432 3964 est
461 3907 545 3964 etiam
576 3907 614 3965 ad
633 3900 858 3966 acceler'andos
848 3929 990 3986 Juvenum
1019 3931 1183 3991 progressus
1211 3915 1338 3995 optior

79 3991 286 4080 efficaciorque.
337 4004 408 4063 Nam
436 4003 488 4063 hac
517 4007 627 4064 ratione
656 4005 784 4085 expediti
814 4004 1056 4084 difficultatibus,
1078 4031 1151 4088 quae
1170 4012 1332 4070 coercernt

77 4175 330 4184 ———-—-—·-.-.

113 4272 351 4342 mmmm

113 4358 334 4419 ummo

114 4440 401 4506 amomum
