2796 5048
668 263 727 324 tat

77 456 110 494 ea
131 431 209 493 hona
219 477 229 507 ‚
248 452 323 512 quae
344 433 405 513 ipsa
425 432 458 490 in
478 451 507 491 se
528 429 637 509 justitia
668 429 818 506 continet,
838 450 856 489 a
874 427 933 490 diis
952 443 981 489 et
998 428 1166 491 hominihus
1184 429 1321 499 tribuun,

76 545 138 593 tur.
179 533 218 590 At
244 529 354 592 cadem·
371 543 409 590 et.
429 550 550 590 numero
580 541 608 588 ct
637 527 842 608 magnitudine
862 526 940 589 nihil
959 540 1045 602 sunt,
1066 528 1091 586 si
1110 528 1231 588 cum'iis
1247 548 1322 588 com·

76 641 244 711 parantur,
267 649 341 707 quae
371 641 525 710 utrumque
542 640 619 708 pust
639 626 717 688 vitae
737 625 848 686 exitum
867 639 1023 687 manent.»
1048 624 1078 706 1)
1118 627 1202 695 Haec·
1218 625 1323 685 Socra-

76 740 140 804 tes,
169 749 225 788 nos
249 746 337 801 vero,
362 726 530 807 priusquam
553 722 623 787 haec
646 729 725 804 justo
741 723 904 784 tribuamus
921 723 954 783 in
973 724 1071 783 futura
1090 723 1145 784 illa
1164 724 1225 784 vita
1240 744 1321 803 ναη-

74 812 190 908 eq'pru,
208 823 264 885 hoc
292 827 388 908 ipsum
411 824 624 886 nobilissimum
644 823 808 885 Platonicae
827 820 1032 903 philosophiae
1059 821 1221 904 placitum,
1242 825 1323 904 quod

75 925 117 986 de
142 926 307 986 animorum
333 937 375 983 est
401 921 633 998 immortalitate,
672 942 738 981 cum
766 940 782 980 e
809 919 940 980 fontibus
967 918 1127 996 ducamus,
1147 933 1209 981 tum
1227 922 1323 997 interf

76 1024 187 1104 pretari
205 1036 282 1083 recte
303 1041 319 1080 e
339 1034 435 1081 mente
455 1033 484 1080 et
499 1020 643 1080 sententia
666 1017 833 1101 philosophi
854 1038 1006 1078 conemur.

357 1214 416 1274 De
436 1222 676 1275 animorum
695 1215 1045 1274 immortalitate.

119 1411 203 1490 lllud
219 1409 257 1470 de
274 1432 309 1471 eo
329 1411 455 1492 primum
476 1408 595 1471 videtur
621 1407 791 1477 tenendum.
836 1409 878 1468 Ut
898 1409 1060 1468 communis
1086 1409 1217 1469 omnium
1233 1408 1322 1471 hodie

76 1533 112 1572 ac
141 1511 272 1592 vulgaris
298 1522 342 1571 est
367 1507 405 1570 dc
431 1509 492 1570 vita
517 1509 617 1568 lutura
641 1507 805 1583 sententia,
834 1506 943 1589 quippe
973 1506 1144 1567 confirmati
1172 1509 1323 1591 religionis

76 1606 200 1689 nostrae'
214 1608 384 1669 auctoritate
395 1652 404 1683 ‚
424 1609 509 1685 cujus
533 1627 601 1687 pars
627 1606 764 1687 princeps
792 1619 853 1680 est,
873 1605 915 1664 ita
935 1606 1057 1685 antiquo
1075 1626 1147 1666 aevo
1166 1627 1322 1686 paucorum

76 1707 143 1767 suit.
165 1704 404 1787 philosophorum
430 1704 557 1786 propria.
598 1704 743 1778 Miratur,
773 1717 806 1763 ut
833 1703 919 1764 modo
948 1703 1097 1779 vidimus,
1118 1703 1249 1779 Glauco,
1271 1706 1323 1765 uhi

63 1803 291 1883 'Misus-ejus
311 1804 488 1863 mentionem
515 1802 597 1861 t'acit.
622 1798 715 1861 «Καὶ
735 1795 770 1875 ὃς
795 1795 950 1880 iudiciuae
970 1823 1022 1880 μοι
1046 1799 1096 1862 καὶ
1113 1795 1324 1880 θαυμάσας-

76 1904 120 1963 sie
140 1903 249 1963 Graece
264 1903 385 1963 selocus
403 1901 535 1961 habet-
546 1893 625 1976 εἷπε,
647 1897 707 1964 Mai
727 1897 778 1965 Δί’
796 1897 966 1983 otiu-ihoryr
983 1894 1149 1989 ᾔσθημαι,
1172 1894 1220 1965 ὅτι
1238 1895 1322 1966 αἰθά-

44 2059 49 2069 ,
75 2022 165 2075 αατος
186 1993 277 2082 ἡμων
304 1993 327 2083 ἠ
355 1993 447 2081 ψυχή
471 1998 521 2062 καὶ
550 1996 692 2067 οὐδέποτε
720 1997 897 2066 ἀπόλλυται·
928 1999 966 2065 ori
989 2002 1026 2066 δὲ
1056 1999 1137 2066 ταῦτ’
1170 2000 1249 2088 ἔχεις
1273 2000 1323 2066 ld-

77 2125 156 2184 yur,-
185 2094 219 2184 2)
248 2104 313 2185 Ipse
334 2102 406 2162 adeo
426 2100 506 2185 apud
532 2103 757 2188 Xenophontem
784 2108 932 2183 Socrates,
954 2105 1005 2167 ubi
1033 2107 1103 2168 talis
1120 2108 1206 2170 nohis
1225 2130 1321 2169 occur

76 2207 135 2281 rit,
155 2205 251 2286 qualis
277 2226 377 2288 reapse
395 2207 471 2283 fuit,
492 2229 553 2269 non
580 2209 699 2289 quidem
717 2213 750 2272 in
769 2210 894 2272 dubium
913 2224 996 2272 vocat
1014 2210 1179 2271 animorum
1207 2211 1322 2270 immor·

77 2302 239 2380 talitatem‚
261 2304 318 2363 imo
335 2301 479 2380 affirmat,
501 2305 552 2367 sed
574 2329 639 2368 raro
649 2354 659 2385 ,
679 2330 734 2369 nec
754 2311 811 2371 nisi
839 2308 953 2371 duobus
972 2309 1044 2370 locis
1064 2308 1107 2369 de.
1123 2330 1156 2369 ea
1167 2309 1321 2388 loquitur:

76 2414 141 2462 tum
159 2422 228 2463 vero
247 2402 288 2462 sic
305 2402 450 2482 loquitur,
471 2404 530 2463 acsi
554 2424 615 2466 eam
644 2428 705 2467 non
731 2407 799 2468 datl
824 2407 911 2490 operi
936 2421 965 2467 et
990 2408 1127 2469 adductis
1146 2407 1324 2488 argumentis

79 2503 138 2563 sibi
166 2501 340 2583 persuadere
366 2515 487 2561 conatus
505 2502 604 2564 luerit.
626 2503 659 2585 3)
698 2506 810 2565 Primus
827 2505 883 2566 hoc
900 2505 1091 2585 egisschlato
1110 2505 1247 2582 videtur,
1268 2525 1323 2565 nec

77 2588 175 2661 tam'e'n
196 2598 259 2680 ipse
287 2618 339 2679 per
358 2619 407 2674 se,
428 2598 478 2659 sed
497 2620 654 2661 conversus
674 2601 750 2665 illuc
770 2601 977 2684 Pythagoricae
998 2601 1323 2685 philosophiae-aucto-

76 2699 175 2759 ritate.
215 2698 288 2756 Nam
317 2695 523 2758 continebatur
550 2698 583 2758 in
611 2699 664 2758 illa
691 2699 892 2761 immortalitas
919 2700 1082 2759 animorum
1103 2721 1169 2761 curn
1190 2699 1322 2760 doctrina

77 2795 117 2857 de
139 2794 399 2876 metempsychosi,
419 2807 481 2856 tum
508 2794 717 2878 poetarum-ac
743 2796 982 2880 philosophorum
1007 2797 1108 2857 effatis.
1151 2796 1322 2859 Platorero

78 2892 196 2954 demum
224 2913 291 2953 cum
318 2892 385 2952 aliis
410 2895 631 2956 conscribendis
658 2896 801 2978 dialogis,
823 2909 886 2955 tum
905 2896 1029 2955 maxime
1049 2895 1235 2971 Phaedone,
1249 2895 1320 2955 inde

77 3013 139 3053 rem
162 3004 316 3072 repetens,
347 2989 511 3052 doctrinam
540 2993 573 3052 in
602 2994 667 3055 luce
690 2995 854 3056 collocavit.
896 2994 955 3054 Nec
976 3008 1073 3053 umen
1092 2993 1320 3074 antePythago·

78 3112 141 3151 ram
166 3103 195 3148 ct
222 3088 371 3149 Platonem
398 3088 515 3148 latuisse
544 3111 661 3171 prorsus
689 3094 824 3173 antiquos
853 3092 909 3152 hoc
928 3091 1069 3174 placitum
1084 3089 1225 3152 uidetur.-
1259 3091 1343 3152 Ob:

78 3208 163 3249 scure
186 3187 325 3247 traditum
354 3187 386 3247 in
414 3188 560 3267 mysteriis
586 3190 698 3267 luerat,
719 3190 876 3272 inquibus
894 3189 932 3250 ad
951 3180 989 3251 eci
1009 3182 1096 3251 tileo
1110 3186 1159 3250 uui
1179 3183 1321 3250 ἔνισπτααῖ

77 3289 276 3366 referebatur,
308 3303 340 3349 ut
368 3309 384 3349 e
413 3290 562 3352 Ciceronis
591 3292 675 3370 loco,
706 3316 793 3377 supra
821 3312 844 3354 a·
867 3292 1089 3368 nohisallato,
1109 3289 1252 3351 credibile
1264 3290 1304 3350 ¹lit
1311 3337 1321 3368 ,

78 3389 132 3450 ubi
150 3389 247 3450 Attico
263 3386 311 3448 his
329 3389 445 3450 initiato
463 3388 554 3477 dicit:
576 3399 686 3452 inter·
696 3415 715 3450 α
733 3404 769 3452 ut
787 3394 987 3472 appellaretur
997 3436 1006 3466 ,
1018 3399 1067 3449 ita
1085 3412 1120 3449 rs
1139 3409 1212 3448 carc
1225 3396 1321 3468 prin·

76 3495 163 3566 αἰσία
187 3495 268 3546 ritae
293 3493 502 3569 cognovimus:
532 3510 626 3566 neque
652 3494 748 3551 solum
772 3512 842 3549 cum
872 3491 994 3548 laetitia
1026 3488 1145 3546 vivendi
1171 3494 1322 3546 nationem

79 3593 270 3664 occepimus,
300 3586 351 3644 red
379 3593 472 3644 etium
500 3607 569 3644 cum
596 3609 646 3664 spe
674 3590 796 3649 meliore
825 3588 990 3661 menende
1006 3584 1039 3666 l)
1079 3584 1180 3663 ltaque
1208 3605 1247 3645 ex
1264 3584 1320 3645 hoc

78 3684 150 3744 item
167 3684 248 3745 fonte
266 3685 348 3745 Plato
366 3684 399 3743 in
415 3681 574 3743 Phaedone
593 3683 710 3762 hausit,
731 3683 992 3766 saepiusque-lecit
1019 3683 1222 3764 mysteriorum
1239 3703 1321 3742 men·

77 3783 209 3857 tionem,
237 3783 269 3842 in
296 3783 344 3843 his
374 3805 402 3844 v.
432 3804 459 3844 c.
488 3778 537 3844 aul
561 3777 758 3844 κινδυνεύουσι
786 3780 836 3843 καὶ
861 3778 890 3843 oi
912 3776 967 3856 ταὶς
994 3774 1112 3856 τελετὰς
1140 3774 1214 3863 ἡμῖν
1239 3769 1336 3840 οὗτοι»

78 3876 331 3967 καταστήσαντες,
356 3876 395 3947 oo’
414 3883 526 3968 φαῦλοί
544 3909 618 3961 τινες
635 3879 722 3961 εἶναι,
750 3876 826 3947 dud
856 3885 902 3972 τῷ
925 3906 988 3947 om
1009 3876 1102 3946 nuilus
1121 3880 1321 3957 αόνίπεσθαι,

116 4198 141 4264 1)
160 4201 198 4253 De
218 4203 279 4271 Pap.
300 4202 331 4253 X.
349 4199 411 4255 cta.
429 4201 458 4253 B.
477 4200 587 4255 -cte
607 4203 639 4255 Α.

114 4282 141 4346 2)
160 4286 237 4338 lucta
254 4304 281 4355 p.
299 4285 358 4339 535.
378 4285 418 4339 ct.
439 4286 506 4353 105,
526 4286 592 4352 1³1,
610 4287 670 4340 209.
826 4310 834 4318 ·

113 4369 142 4435 3)
162 4371 219 4423 vid.
238 4373 315 4440 σγα.
334 4373 360 4424 in
378 4374 441 4442 einp.
459 4374 489 4424 ss
506 4373 583 4426 mus.
600 4375 704 4425 erma
725 4403 753 4413 -
771 4373 861 4442 ομια.
881 4370 910 4424 11.
929 4368 988 4424 tut.

114 4452 141 4520 l)
161 4455 216 4509 Cic.
234 4459 264 4510 de
278 4457 350 4527 hepy.
368 4457 399 4512 ll.
417 4455 458 4511 tt.
477 4457 525 4512 Off.
544 4459 622 4512 letitia
639 4475 664 4527 p.
683 4455 735 4522 ³5,
755 4456 813 4511 106.
