2796 5048
652 220 708 277 311

57 369 155 437 eilardo
181 367 239 435 u'ud
267 373 322 435 τοῦ
347 371 518 454 γιγνομένου
552 373 601 436 ἐπὶ
628 372 665 438 sd
694 371 749 452 ὅν,·
775 375 804 457 l)
844 378 929 453 Quod
957 391 988 436 ut
1018 391 1147 458 pateret,
1177 402 1237 438 nou
1264 380 1300 439 de

58 478 177 537 ortibus
203 475 377 555 quibusdam
404 478 452 536 vel
482 478 626 538 methodis
645 479 714 538 solis
732 477 890 557 quaesivit:
913 476 986 553 quid
1007 474 1135 534 methodi
1153 474 1299 551 efficiant,

61 578 122 636 uisi
142 575 215 634 insit
235 573 404 649 utentibus,
424 596 511 653 quem
539 588 644 636 aveant
664 577 802 657 explere,
822 575 886 634 veri
905 575 1008 633 amor?
1030 571 1088 631 Sed
1106 573 1201 653 ipsum
1220 573 1299 634 hunc

62 676 127 733 veri
156 691 300 746 amorem,
329 672 433 730 natus-l
460 672 572 732 homini
591 673 732 746 insitum,
753 687 782 732 et
801 692 871 734 vcro
888 671 993 729 mentis
1011 670 1145 744 oculum,
1165 691 1222 748 quo
1241 693 1301 733 uuo

60 769 195 850 conspici
224 769 330 828 veritas
355 781 468 849 potest,
499 782 671 848 anteaquam
700 769 739 829 ad
767 768 941 848 disciplinas
959 781 987 827 et
1002 765 1186 827 dialecticam
1204 790 1301 850 proce·

61 866 166 941 deret,
197 864 370 945 exploravit.
411 865 458 925 Sic
488 880 584 925 autem
612 867 734 941 accidit,
756 879 788 925 ut
808 888 868 925 non
884 865 1033 925 subtiliter
1050 878 1165 925 tantum
1182 866 1220 925 dc
1237 888 1299 926 ma-

61 965 227 1025 thematicis
246 962 357 1022 artibus
376 972 409 1022 ac'
425 963 530 1027 divina
544 963 598 1023 illa
612 963 753 1024 cernendi
765 955 969 1042 jungendique
983 962 1119 1022 methodo
1134 963 1300 1040 dissereret,

62 1062 117 1123 sed
144 1081 258 1122 omnem
286 1061 525 1141 complecteretur
551 1060 786 1142 philosophando
805 1058 1031 1139 disserendoque
1051 1072 1080 1119 et
1098 1064 1252 1141 cogitandi
1272 1076 1300 1122 et

61 1162 186 1219 dicendi
214 1170 243 1218 et
266 1160 419 1218 scribendi
447 1174 547 1220 artem.
590 1161 671 1234 Quin
698 1160 785 1219 etiem
814 1159 855 1216 sic
884 1158 979 1216 effecit
1007 1157 1084 1216 idem
1105 1157 1156 1216 ille
1175 1158 1300 1236 optimus

62 1280 127 1318 non
153 1255 302 1339 cogitandi
329 1270 443 1318 tantum
453 1304 462 1334 ,
484 1258 536 1318 sed
554 1272 583 1318 et
601 1255 764 1318 disserendi
786 1268 885 1315 auctor
903 1268 932 1314 et
949 1255 1100 1335 magister,
1121 1268 1153 1314 ut
1170 1269 1301 1315 constare

57 1357 125 1434 jam
146 1355 233 1415 nohis
251 1353 369 1414 tandem
389 1354 427 1417 de
447 1355 617 1415 dialecticae
643 1354 801 1432 harumque
819 1353 925 1412 artium
944 1351 1005 1411 fine
1021 1372 1138 1432 prorsus
1158 1351 1302 1412 videatur.

62 1453 152 1512 Alere
185 1451 297 1512 scilicet
326 1453 388 1512 reri
418 1473 561 1528 amorem,
591 1472 763 1530 sensumque
783 1451 870 1510 illum
888 1451 997 1511 veriet
1015 1469 1137 1530 purgare
1156 1461 1301 1508 etacuere

60 1549 192 1624 dehent,
223 1561 255 1608 ut
281 1549 322 1609 sic
348 1569 401 1609 nos
429 1569 482 1630 per
508 1570 555 1610 ens
577 1548 762 1629 philosophia
780 1566 846 1607 cum
867 1549 905 1607 ad
921 1567 966 1607 res
985 1545 1176 1626 inquirendas
1193 1567 1301 1625 cogno-

60 1645 241 1725 scendasquc
269 1667 387 1722 omnes,
418 1660 476 1706 tam
506 1645 644 1721 divinas,
675 1666 761 1725 quam
798 1645 939 1705 humanas
974 1643 1118 1719 adducat,
1148 1657 1212 1702 tum·
1238 1643 1300 1703 dux

60 1743 151 1805 nobis
169 1741 271 1803 eedem
289 1745 328 1805 sit
347 1757 376 1805 ct
395 1744 530 1825 magistra
548 1743 716 1825 sapientiae.

103 1840 143 1899 Et
169 1839 217 1899 his
244 1840 363 1918 quidem
392 1842 433 1901 ita
462 1840 499 1900 de
528 1839 668 1919 singulis,
697 1859 770 1919 quas
796 1837 930 1900 laudavit
959 1838 1061 1913 Plato,
1081 1837 1248 1918 disciplinis
1265 1837 1298 1895 ih

60 1936 194 1997 medinm
218 1935 351 2012 collatis,
382 1937 487 1998 rident
517 1937 654 2012 lectores,
685 1937 759 1996 illuc
786 1956 839 1996 nos
859 1936 998 2012 rediisse,
1019 1933 1098 1994 unde
1115 1934 1192 1995 hanc
1210 1948 1299 1994 totum

60 2034 206 2095 duximus
235 2032 471 2114 disputationem.
511 2036 585 2095 Nam
613 2047 645 2093 ut
673 2035 731 2095 orsi
758 2053 775 2092 a
801 2041 869 2092 οινι·
886 2054 988 2093 umore
1007 2052 1118 2107 sumus,
1139 2031 1180 2089 ita
1200 2052 1298 2106 nunc,

59 2129 306 2210 quemadmodum
329 2131 378 2192 hic
405 2131 574 2213 disciplinis
597 2130 771 2192 excitandus
790 2129 969 2208 alendosque
988 2129 1044 2205 sit,
1064 2129 1226 2189 cernimus:
1250 2128 1299 2189 vis

60 2229 166 2290 demus
194 2229 280 2306 item,
308 2248 422 2289 omnem
452 2229 582 2289 Platonis
607 2243 636 2289 ct
667 2227 830 2289 disserendi
857 2240 886 2286 et
915 2225 1066 2287 scribendi
1091 2226 1231 2285 rationem
1259 2224 1297 2284 ad

60 2327 191 2386 eundem
210 2325 290 2387 hunc
309 2326 373 2388 veri
391 2346 515 2387 umorem
533 2327 567 2386 in
585 2316 692 2387 ariimis
709 2325 890 2407 explendum
903 2325 1059 2406 pertinere.
1088 2321 1174 2383 Unde
1186 2323 1298 2403 simpli·

61 2424 137 2482 citas
165 2439 243 2503 patet
268 2422 471 2505 philosophiae
499 2423 674 2484 Platonicae.
726 2424 855 2500 Verum,
883 2437 915 2481 ut
938 2421 1078 2481 hactenus
1106 2420 1143 2480 de
1173 2420 1297 2500 singulis

59 2520 174 2599 egium
190 2521 371 2601 disciplinis,
386 2521 427 2580 ito
440 2520 540 2595 r'estat,
558 2535 589 2580 ut
604 2520 642 2581 de
657 2522 859 2585 universorum
874 2519 1080 2599 conjunctione
1093 2519 1155 2578 sive
1176 2509 1297 2594 συνόψει

60 2617 244 2697 praeclarum
263 2619 434 2696 adjiciamus
455 2618 582 2678 Platonis
600 2619 751 2699 placitum.

373 2813 431 2871 De
457 2815 803 2891 disciplinarum
829 2805 991 2886 συνόψει.

102 3007 207 3082 Plato,
226 3006 334 3067 undith
363 3027 430 3067 cum
456 3022 632 3071 caeterarum
652 3011 897 3092 disciplinarum,
917 3024 980 3069 tum
998 3009 1167 3070 dialecticae
1182 3011 1295 3071 ratione

59 3104 192 3185 optimi,
222 3107 408 3182 juventutem
447 3106 489 3166 ait
527 3130 589 3172 uon
624 3122 740 3169 tantum
774 3106 821 3168 his
847 3108 971 3188 singulis
997 3107 1189 3168 crudiendam
1217 3128 1295 3184 esse,

58 3202 115 3263 sed
142 3222 178 3262 eo
206 3201 410 3265 adducendam
436 3204 526 3281 item,
558 3219 591 3265 ut
621 3209 774 3269 universas
805 3226 865 3266 uno
899 3208 981 3285 qnasi
1014 3207 1166 3266 oculorum
1191 3205 1294 3266 obtutu

59 3298 281 3379 complectatur.
322 3299 370 3361 Sic
399 3302 480 3361 enim
505 3304 650 3386 praecipit
677 3305 758 3386 apud
787 3326 853 3365 eum
882 3304 1028 3365 Socrates:
1061 3324 1156 3382 oquae
1174 3307 1295 3384 sparsim

60 3396 199 3457 custodes
226 3419 244 3456 a
271 3409 371 3459 tenera
398 3398 470 3460 inde
497 3413 588 3461 aetate
613 3400 801 3483 didicerunt,
831 3397 871 3463 tsi
889 3397 991 3483 χύδην
1009 3395 1198 3482 μαθήματα,
1224 3404 1294 3461 haec

60 3487 179 3567 τούτοις
209 3489 365 3556 σονοοιτέον
397 3494 441 3570 εἰς
471 3490 597 3573 σύνοψιν
632 3496 810 3585 οἰκειότητος
840 3497 977 3585 ἀλλήλοιν
1006 3503 1069 3564 τοῖν
1098 3493 1296 3582 μαθημάτων

62 3594 117 3655 καὶ
139 3594 195 3677 τῆς
216 3595 272 3657 τοῦ
292 3591 375 3671 ὄντος
397 3591 528 3679 φύσεως·
557 3600 625 3658 illis
654 3603 726 3661 hoec
754 3613 788 3663 in
816 3628 913 3664 unum
942 3606 1112 3684 colligendo
1139 3613 1232 3679 sunt,
1259 3611 1295 3659 ιιι

60 3697 302 3773 disciplinarum
329 3707 518 3778 conspiciunt
545 3707 752 3780 cognationem
778 3712 937 3777 mutuam,
969 3724 1088 3780 unoque
1117 3708 1201 3776 veri,
1227 3708 1294 3778 ejtu

60 3795 142 3873 qued
161 3804 221 3870 est,
245 3805 391 3883 naturam
405 3804 629 3874 perspiciunt.»
654 3798 740 3872 Quod
757 3813 942 3880 praeceptum
961 3814 993 3860 ιιι
1012 3800 1150 3881 probarit
1168 3799 1280 3859 Glauco

59 3891 155 3951 solam
181 3893 258 3952 hanc
285 3913 345 3952 esse
374 3896 455 3972 ajens
484 3894 596 3953 firmam
619 3895 752 3955 discendi
772 3897 932 3972 rationem,
952 3897 1007 3957 hoc
1023 3897 1108 3957 addit
1127 3896 1197 3958 ille:
1222 3892 1296 3955 «καὶ

24 3990 33 4005 “
58 3986 188 4073 μεγίστη
211 4012 260 4071 γε,
282 3991 341 4066 ait,
363 3994 451 4075 πεῖρα
472 3990 651 4074 διαλεκτικῆς
672 3986 791 4073 φύσεως
811 3994 861 4056 καὶ
879 3989 939 4078 μή·
962 3988 982 4056 o‘
1000 3992 1058 4077 μὲν
1077 3990 1135 4080 yoip
1154 4014 1294 4057 συνοπτι-

56 4086 129 4168 κός,
160 4087 350 4168 διαλιιτοιός,
380 4086 398 4153 e‘
425 4091 461 4154 δὲ
488 4088 547 4175 μή,
570 4085 619 4154 oil-
641 4103 671 4154 et
695 4099 830 4175 prqfecto
855 4105 990 4159 murima
1017 4100 1089 4158 boec
1118 4098 1294 4157 dialecticae

93 4375 124 4441 ι)
141 4378 179 4428 οι
195 4378 257 4446 ιφ.
276 4375 329 4429 ιιι
347 4375 405 4429 521.
424 4377 456 4429 n.
