2796 5048
359 1208 1134 1351 uaruiculsuruurns.

166 1881 257 1952 Viae,
288 1897 372 1956 quam
402 1877 520 1934 iniimus
538 1876 575 1936 ad
595 1876 723 1936 Platonis
741 1876 916 1956 explicanda
932 1875 968 1935 de
981 1875 1084 1957 pulcro
1101 1877 1334 1960 placita‚·puteu

122 1983 181 2058 jam
210 1975 361 2035 maximam
391 1974 574 2033 confecimus.
617 1975 725 2034 Tenuit
749 1997 801 2033 nos
821 1996 906 2033 amor
932 1975 1088 2049 continuo,
1109 1975 1160 2054 qui
1192 1975 1231 2038 ad
1256 1975 1334 2059 pulcri

124 2079 287 2158 adspectum
316 2070 502 2144 accenditur,
531 2072 673 2151 semelque
703 2093 837 2130 aecensus
864 2072 1033 2130 acerrimum
1061 2073 1094 2132 in
1119 2072 1217 2133 animo
1246 2075 1335 2134 excitat
1376 2066 1389 2123 Ρ

123 2176 217 2258 pulcri
238 2171 422 2232 desiderium.
465 2168 550 2243 Quod
568 2183 735 2250 postquam,
757 2168 830 2228 duce
849 2170 986 2246 Platone,
1001 2172 1111 2251 poetica
1131 2173 1261 2232 oratione
1277 2172 1334 2232 cele·
1375 2146 1389 2207 l

123 2274 286 2344 bravimus,
306 2268 344 2327 ad
363 2267 576 2347 diligentiorem
597 2266 665 2326 inde
693 2270 832 2348 progressi
857 2289 952 2328 sumus
975 2268 1011 2327 de
1031 2278 1147 2328 musica
1165 2280 1334 2350 eaeterisque

123 2374 242 2430 ortibus
259 2366 508 2474 disquisitionem,
528 2386 648 2444 quarum
666 2365 708 2433 ad
721 2366 895 2426 erudiendos
911 2350 1079 2447 honestique
1098 2368 1196 2429 studio
1220 2369 1333 2429 imbreo·
1372 2361 1389 2421 Ὶ

123 2467 217 2529 dos
192 2487 270 2526 cives
288 2484 441 2583 permagna
461 2463 493 2522 in
512 2464 629 2522 civitate
651 2465 696 2524 vis
720 2478 771 2524 est
813 2465 849 2524 Et
875 2463 924 2523 htc
952 2465 1069 2558 quidem
1092 2480 1190 2547 patere
1216 2467 1332 2528 omnibus
1386 2466 1389 2491 ²

123 2566 293 2627 arbitramur
310 2584 371 2622 non
389 2540 503 2621 tantum
523 2561 727 2623 sublimitatem
747 2561 895 2622 doctrinae
914 2553 1097 2638 Platonicae,
1112 2565 1163 2624 sed
1182 2563 1331 2648 amplitudi-

102 2686 189 2724 nem
208 2664 275 2721 item
295 2674 322 2720 et
340 2653 517 2732 ubertatem,
537 2661 644 2741 quippe
664 2681 735 2738 quae
754 2675 781 2718 et
799 2661 920 2741 primam
940 2661 1086 2720 contineat
1112 2661 1242 2723 hominis
1266 2661 1330 2723 insti·

123 2764 261 2822 tutionem
281 2774 309 2818 et
326 2758 442 2817 moralis
459 2757 648 2838 politicaeque
669 2758 842 2838 discipliuae
861 2758 1027 2839 primordia.
1069 2760 1177 2820 Verum
1197 2763 1231 2821 in
1252 2758 1330 2844 pulcri
1369 2832 1376 2849 ·

123 2859 323 2940 disquisitione
342 2856 414 2915 illuc
433 2876 556 2914 maxime
566 2854 737 2936 philosopho
753 2857 988 2916 contendendum
1006 2871 1060 2932 est,
1083 2873 1114 2917 ut
1131 2859 1170 2918 ad
1190 2867 1330 2919 erientiam

122 2957 273 3039 perveniat
290 2955 394 3036 pulcri.
436 2955 507 3012 Nam
526 2953 727 3047 philosophia,
748 2972 828 3034 qm
841 2954 968 3013 studium
985 2969 1029 3014 est
1034 2954 1240 3036 'cognoscendi
1250 3003 1259 3034 ,
1278 2976 1332 3067 qua·

122 3056 277 3132 liacunque
300 3051 417 3117 tandem
442 3051 572 3132 exploret
601 3064 629 3109 et
645 3050 825 3135 investiget,
846 3073 945 3111 verum
968 3055 1000 3112 in
1021 3049 1154 3114 omnibus
1178 3056 1285 3135 assequi
1304 3071 1329 3110 ac

109 3173 217 3212 rerum
237 3166 333 3210 tenere
353 3151 502 3208 scientiam
522 3149 627 3208 studet
670 3150 733 3223 Quo
754 3163 785 3208 ut
802 3152 1002 3230 perveniamus
1021 3152 1198 3231 aliquando,
1226 3152 1339 3215 interiu-

123 3271 201 3309 nunc
221 3248 305 3308 nohis
322 3247 438 3307 tandem
461 3245 640 3306 instituenda
668 3261 710 3305 est
736 3268 800 3305 cum
830 3249 949 3322 amoris,
970 3264 1030 3308 tum
1056 3264 1174 3309 naturae
1203 3249 1336 3311 humanae

26 3376 31 3383 ·
80 3410 82 3417 ,
122 3347 329 3430 pervestigatio.
370 3348 446 3424 Age,
466 3345 614 3404 redeamus
635 3345 666 3402 in
686 3345 843 3424 Agathonis
863 3347 1039 3408 convivium.
1081 3347 1170 3408 Adest
1188 3349 1271 3425 illic,
1290 3365 1345 3427 qul-

123 3445 257 3505 nondum·
271 3444 401 3517 dixerat,
422 3456 450 3501 et
469 3463 545 3500 unus
565 3441 693 3500 omnium
712 3444 818 3522 optime
838 3457 866 3502 et
881 3443 976 3503 dicere
995 3445 1031 3504 de
1049 3467 1142 3515 amore
1163 3461 1191 3529 et
1206 3448 1266 3509 rim
1282 3449 1357 3525 q'u5

121 3543 266 3603 declarare
293 3555 421 3622 poterat,
451 3539 596 3613 Socrates,
618 3530 637 3597 (i
658 3535 883 3617 ἕρωτικώτατος.
914 3544 993 3617 Quae
1013 3543 1097 3602 nobis
1115 3545 1278 3622 quaerenda
1292 3560 1361 3601 re*-

121 3654 210 3714 stant,
229 3640 298 3698 haec
319 3660 370 3698 nos
389 3638 440 3697 ille
464 3634 597 3712 docebit,
619 3654 647 3699 ct
675 3642 834 3723 explicabit
861 3641 965 3715 simul,
993 3639 1071 3719 quod
1099 3642 1231 3702 nondum
1257 3642 1353 3724 plan&

103 3753 214 3819 patet,
237 3739 341 3796 mirum
369 3736 447 3795 illud
475 3728 623 3816 μάθημα,
654 3762 710 3819 quo
731 3762 789 3800 uno
808 3740 916 3799 solebat
932 3740 1069 3819 gloriari,
1098 3736 1160 3799 τῶν
1181 3734 1348 3823 epotum:

120 3839 238 3896 omnino
257 3836 361 3895 amoris
382 3836 466 3895 nobis
486 3838 673 3919 disciplinam
695 3838 807 3914 tradet,
826 3858 897 3917 quae
918 3837 955 3896 ad
969 3838 1063 3918 pulcri
1082 3839 1164 3900 ducit
1183 3842 1340 3903 scientiar·

34 3951 36 3955 ⁴
118 3934 176 3995 Sed
206 3937 237 3996 in
254 3933 422 3994 convivium
440 3934 597 3996 redeamus.

258 4130 306 4190 De
327 4131 490 4208 disciplina
510 4139 640 4206 amoris,
662 4153 736 4210 quoe
755 4134 795 4189 ad
811 4132 915 4208 pulcri
932 4133 1017 4190 ducit
1036 4139 1211 4194 scientiam.-

158 4329 240 4387 Dixit
258 4341 322 4408 post
340 4327 558 4407 Aristophanem
576 4328 703 4406 Agatho,
725 4328 805 4405 cujus
825 4329 913 4387 oratio
932 4328 971 4385 sic
994 4326 1104 4407 placuit
1126 4329 1278 4404 omnibus,
1299 4327 1353 4382 5¹⁰

117 4447 214 4485 omnes
234 4427 265 4485 in
284 4425 407 4485 dicentis
424 4424 642 4485 admirationem
661 4427 774 4505 rapuit,
794 4440 825 4485 ut
846 4426 949 4531 plausu
968 4446 1032 4483 eum
1053 4439 1080 4484 et
1102 4427 1218 4486 summis
1246 4407 1356 4486 laudi
