2796 5048
658 236 718 299 tat

64 390 178 457 Verum
207 413 260 476 pro
276 394 415 456 abstrusis
435 397 497 457 illis
518 403 604 478 atque
623 399 659 458 ab
681 402 744 481 ipsa
773 413 876 460 natura
897 400 1040 462 involutis
1067 403 1125 461 elia
1146 406 1304 484 quaerebat

63 494 216 568 Socrates,
234 514 311 572 quae¹
328 515 389 554 non
406 510 579 559 curaverant
598 498 667 557 illi:
689 498 844 578 quaerebat
853 499 890 559 de
908 499 1068 560 virtutibus
1082 514 1110 560 et
1123 502 1203 562 vitiis
1214 548 1223 579 ,
1233 504 1305 583 quid

63 590 179 653 bonum
187 605 261 651 esset
269 638 278 666 ‚
288 592 361 672 quid
370 595 496 669 malum,
509 589 581 674 quid
587 598 599 674 j
605 608 699 656 ustum
710 642 718 672 ,
728 596 801 676 quid
810 598 961 676 injustum,
971 598 1044 677 quid
1054 600 1151 679 pium,
1161 601 1234 680 quid
1253 604 1304 662 im·

62 690 160 773 pium.
180 691 295 765 Quibus
303 691 521 770 quaestionibus
531 693 588 753 alia
597 695 667 753 item
676 740 685 769 ,
695 695 837 775 longeque
846 696 1020 776 pulcerrima
1029 717 1062 755 ac
1073 698 1197 757 maxima
1209 699 1307 761 studia

62 788 99 849 in
113 788 267 849 hominum
286 790 392 849 animis
411 789 572 865 excitabat,
594 804 625 851 ut
647 793 765 853 virtutis
787 815 881 853 amore
900 794 1130 875 optimarumque
1148 818 1245 855 rerum
1258 819 1306 856 ar-

60 886 139 949 dore
167 887 386 948 incalescerent.
428 890 521 963 Quam
550 889 711 950 Socraticae
741 891 943 973 philosophiae
974 892 1116 951 rationem
1145 909 1173 953 et
1192 910 1307 956 secutus

61 984 278 1047 Socraticorum
306 987 444 1067 princeps
466 987 549 1047 Plato
569 998 610 1047 est
637 1001 666 1046 et
684 990 817 1070 perfecit.
859 991 924 1063 Quo
953 991 1049 1071 patuit
1076 993 1220 1069 maxime,
1245 1014 1306 1055 uon

61 1081 209 1155 humilem
226 1082 373 1162 quandam
390 1085 493 1159 fuisse,
513 1104 599 1164 quam
619 1084 748 1146 Socrates
767 1087 1038 1164 commendaverat,
1061 1088 1228 1170 philosophi
1249 1113 1307 1151 mo·

60 1178 211 1255 desdam
239 1193 271 1240 ut
289 1183 517 1241 retineremura
542 1183 629 1243 rebus
648 1185 819 1265 expetendis
838 1185 1004 1264 majoribus.
1047 1190 1119 1247 Nam
1142 1208 1207 1246 enm
1226 1188 1307 1249 Plato

60 1281 241 1363 perfectioni
258 1295 372 1341 nostrae
390 1281 493 1341 morali
510 1282 624 1363 ipsique
643 1283 783 1343 scientiae
811 1283 910 1343 nullos
928 1285 1066 1346 terminos
1084 1301 1223 1367 poneret,
1241 1307 1306 1367 pro·

61 1379 243 1459 gressionent
260 1378 372 1439 homini
392 1377 431 1439 ad
451 1401 570 1448 ,summa
597 1381 693 1441 omnia
715 1380 863 1440 infinitam
885 1381 1042 1444 tribuebat.
1086 1383 1197 1462 Quodsi
1216 1385 1307 1443 scien-

62 1476 108 1537 eia
148 1477 313 1555 quaeritur,
351 1477 509 1554 adjiciebat
548 1478 627 1540 idem
658 1477 835 1538 sublimibus
868 1480 947 1539 hisee
982 1481 1121 1561 placitis,
1162 1495 1193 1541 ut
1222 1483 1317 1543 modo.

61 1575 250 1648 monuimus,
270 1573 470 1650 dialecticam,
491 1598 567 1655 qua,
583 1590 720 1656 tanquam
741 1578 936 1637 instrumento
965 1578 1186 1660 philosophiae,
1208 1595 1307 1662 aptum

62 1670 204 1733 redderet
221 1672 386 1748 hominem,
405 1688 437 1732 ut
454 1675 488 1733 in
516 1689 603 1736 semet
623 1675 685 1755 ipso
713 1675 930 1755 cognoscendo,
951 1677 983 1735 in
1002 1698 1099 1736 rerum
1120 1680 1308 1739 universitate

60 1769 264 1851 exploranda,
286 1774 319 1832 in
338 1772 527 1854 exploranda.
545 1772 617 1832 adeo
627 1771 731 1833 divina
749 1787 854 1833 natura
870 1774 903 1833 in
925 1774 1075 1835 infinitum
1086 1776 1255 1856 procederet
1268 1773 1306 1854 l).

62 1871 196 1937 Tantum
213 1871 303 1950 igitur
320 1870 409 1946 abest,
428 1883 461 1929 ut
486 1884 598 1931 avertat
614 1893 702 1930 nosa
729 1892 826 1930 rerum
852 1871 1102 1951 exquirendorum
1119 1873 1216 1953 studio
1237 1872 1308 1955 phi-

62 1970 199 2053 losophia
216 1971 366 2044 Platonis,
388 1984 419 2031 ut
437 1969 577 2031 modestia
596 1968 675 2050 apud
695 1990 760 2028 eum
788 1970 919 2050 germani
941 1968 1114 2052 philosophi
1136 1991 1203 2029 cum
1222 1991 1307 2030 sensu

62 2068 215 2131 facultatis
241 2067 392 2147 cujusdam
410 2068 565 2128 immensae
590 2068 836 2147 maximarumque
860 2088 957 2126 rerum
976 2068 1073 2128 studio
1093 2069 1249 2146 conjuncta
1259 2069 1304 2128 sit.

60 2167 226 2229 Modestiae
246 2167 358 2226 scilicet
382 2166 455 2225 fines
482 2167 604 2246 migrare
624 2187 685 2224 non
712 2186 779 2224 eum
798 2179 912 2240 censet,
934 2167 985 2245 qui
1005 2168 1113 2244 majora
1136 2186 1306 2245 cognoscere

61 2287 98 2327 ac
117 2263 289 2326 difficiliora
309 2265 410 2344 cupit,
427 2265 481 2324 sed
508 2264 595 2323 illum
614 2263 743 2338 seilicet,
763 2264 832 2342 qui,
851 2263 1056 2343 quod-nescit,
1086 2263 1160 2323 scire
1184 2262 1241 2322 sibi
1262 2265 1304 2324 ri·

60 2363 175 2438 detur,
194 2362 242 2425 rel
272 2382 361 2443 prope
380 2383 409 2423 se
430 2362 580 2421 accessisse
602 2360 639 2420 ad
658 2360 711 2421 illa
729 2372 831 2442 putat,
848 2383 865 2420 a
883 2361 990 2441 quibus
1004 2363 1171 2422 etiamnunc
1190 2361 1304 2441 ingenti

61 2460 224 2523 intervallo
242 2461 334 2520 abest.
375 2459 461 2535 Quod
478 2459 715 2519 animadvertisse
735 2480 796 2519 non
812 2459 923 2539 pigebit
941 2459 979 2519 ad
999 2459 1133 2524 divinam
1157 2459 1304 2539 quandam

60 2558 197 2621 Platonis
214 2559 389 2619 sententiam
408 2556 631 2638 intelligendam
650 2569 736 2616 recte.
1138 2567 1141 2571 '

151 2740 211 2803 De
242 2748 465 2802 sententia
492 2740 723 2814 Platonis,
753 2739 1028 2819 Protagorae
1050 2738 1221 2817 placito

218 2847 428 2921 oppositu,
455 2837 585 2898 Deum
605 2862 693 2898 esee
716 2839 957 2897 bominibus
978 2845 1159 2896 omnium

473 2959 615 2996 rerum
644 2957 883 2996 mensurum.

102 3124 188 3185 Infra
206 3122 333 3183 hominis
353 3121 524 3203 dignitatem
543 3121 710 3200 Protagorae
730 3119 872 3201 placitum
882 3132 938 3194 est,
959 3124 1092 3177 omnium
1111 3141 1217 3178 rerum
1227 3141 1304 3177 men·

58 3244 173 3285 suram
189 3224 336 3281 bominem
351 3242 421 3280 esee.
463 3220 535 3277 Nam
554 3218 632 3277 idem
661 3216 742 3293 diei,
761 3231 792 3276 ut
818 3216 898 3299 apud
914 3214 1064 3276 Platonem
1083 3216 1213 3277 Socrates
1245 3218 1305 3291 ait,

58 3310 99 3383 de
121 3341 211 3402 porco
230 3332 324 3401 posset
342 3318 391 3380 vel
403 3318 439 3377 de
455 3316 654 3399 cynocephalo
672 3314 721 3377 vel
745 3314 858 3396 siquid
876 3314 960 3375 aliud
980 3310 1121 3394 abjectius
1140 3312 1305 3374 absurdius·

58 3441 97 3481 ve
130 3439 229 3479 corum
258 3430 314 3492 est,
332 3437 405 3496 quae
425 3411 616 3495 sentiunt2).
659 3415 739 3491 Quae
763 3427 857 3473 autem
876 3412 913 3471 ab
934 3412 1087 3471 Aristotele
1108 3425 1136 3469 et
1155 3411 1302 3491 metaphy-

58 3517 133 3579 sicis
151 3515 299 3576 celebrata
314 3514 455 3597 sapientia
473 3527 529 3588 est,
548 3525 664 3594 superat
681 3510 736 3570 illa
755 3531 854 3571 rursus
868 3510 1035 3569 facultatem
1045 3508 1190 3583 hominis,
1209 3508 1305 3568 extol-

58 3617 130 3677 lens
147 3615 256 3697 quippe
275 3634 341 3673 euru
362 3633 448 3694 supra
477 3611 569 3692 ipsam
599 3623 732 3668 naturam
749 3608 899 3680 divinam,
928 3621 959 3665 ut
978 3607 1053 3665 hanc
1065 3651 1073 3681 ,
1092 3615 1229 3684 tanquam
1249 3627 1304 3664 ex-

58 3714 207 3798 ploratam
223 3713 308 3786 satis,
336 3703 460 3771 definiat
470 3755 478 3785 ‚
505 3707 652 3788 indeque,
674 3720 705 3767 ut
725 3728 740 3766 e
758 3727 857 3765 caussa
883 3704 1012 3764 omnium
1039 3702 1191 3785 principe,
1208 3705 1305 3763 omnia

58 3811 204 3894 explicet.
245 3811 339 3884 Quam
359 3809 455 3867 aliena
475 3807 512 3866 ab
541 3821 661 3885 utraque
679 3804 733 3865 bac
761 3800 989 3886 philosophandi
1022 3802 1133 3861 ratione
1153 3801 1304 3861 Platonica

94 4086 126 4154 1)
144 4087 248 4140 Lubens
273 4089 316 4140 hle
343 4104 448 4154 appono
473 4072 632 4155 praeclaram
654 4082 840 4137 llemeterbusii
871 4082 1040 4144 sententiam,
1064 4080 1097 4131 ed
1121 4079 1301 4146 explicandum

58 4177 202 4230 Platonem
220 4175 296 4225 unice
313 4172 452 4226 efficacem.
488 4173 512 4224 ll
528 4181 564 4223 est
581 4172 661 4233 eleis,
679 4188 726 4238 que
743 4169 817 4219 l’ume
834 4170 929 4230 dcere,
949 4182 1000 4234 par
1017 4182 1046 4216 sa
1063 4175 1167 4228 nature,
1184 4182 1234 4243 une
1252 4180 1301 4232 ap-

58 4261 234 4333 pooehuatiou
258 4260 412 4312 craumelle.
448 4258 525 4312 C’est
549 4256 740 4326 l’leyperbole
765 4271 843 4304 avec
873 4271 929 4304 son
956 4259 1136 4318 asymptote.
1163 4275 1198 4287 -
1227 4249 1302 4301 Oeae.
1334 4290 1338 4296 .

58 4347 125 4421 ΡΜ.
144 4345 202 4397 Vol
220 4344 240 4397 l.
259 4362 286 4413 p·
304 4344 346 4397 Sd.

95 4428 127 4496 2)
149 4431 246 4485 Theaet.
264 4428 323 4483 116.
344 4429 373 4482 C.
1066 4502 1121 4559 ⁹8*
