2796 5048
678 228 781 292 m..

104 398 170 459 fons
187 394 240 457 ille
258 393 432 475 optimorum
450 393 483 452 in
503 393 600 452 animo
616 407 713 454 nostro
727 392 890 454 studiorum
908 394 1096 475 uberrimus,
1123 396 1256 483 idemque
1273 424 1318 465 cero

101 496 229 556 tissimus
253 492 367 553 homini
396 490 435 552 ad
461 511 558 553 veram
586 490 756 551 felicitatem
783 491 855 554 dux.
897 495 969 554 Nam
998 495 1038 556 ad
1057 496 1159 576 pulcri
1176 500 1319 583 adspectum

103 614 241 653 accensus
264 592 300 667 in
325 589 427 665 uobis,
457 603 489 649 ut
512 587 550 648 ab
578 590 665 650 initio
695 611 748 649 nos
774 592 890 652 monuit
916 591 997 675 apud
1014 593 1173 657 Platonem
1191 597 1318 676 Socrates,

101 691 140 752 ad
168 691 264 771 ipsum
292 709 345 749 nos
372 688 507 769 pulcrum
535 689 645 765 trabit,
679 710 787 768 nosque
813 690 893 752 illud
921 692 1030 752 referre
1063 690 1209 778 deinceps
1235 708 1319 758 'serno

101 809 188 864 uum,
222 787 369 847 actionum
398 787 532 866 vitaeque
561 788 680 847 omnino
709 787 851 867 elegantia
879 803 965 871 atque
993 789 1151 852 honestate
1181 794 1316 857 studemus.

100 888 182 948 Idem
203 898 298 946 autem
326 906 405 944 amor
432 884 536 960 nobis,
565 884 644 963 quod
674 886 743 945 item
767 884 924 948 affirmavit
942 885 1022 968 apud
1039 888 1176 950 eundem
1197 892 1320 953 Platorem

99 985 246 1060 Socrates,
273 984 351 1059 veri,
377 984 450 1063 quin
477 984 564 1043 etiam
578 983 651 1061 justi
671 985 820 1064 sanctique
839 984 1021 1067 principium
1038 999 1095 1046 est.
1140 988 1247 1050 Pulcra
1266 994 1321 1051 enin

1 1143 3 1154 ,
100 1105 160 1144 non
184 1094 261 1143 amat
284 1068 496 1163 philosophus,
525 1082 582 1140 nisi
613 1102 687 1160 quae
712 1102 781 1144 vere
809 1098 879 1143 sunt
905 1082 1026 1164 pulcra,
1065 1085 1226 1147 veritatem
1251 1104 1320 1150 amen

98 1181 216 1257 eodem,
244 1200 302 1261 quo
327 1180 466 1239 amasium
485 1180 547 1260 ipse
566 1200 650 1238 suum
659 1224 669 1254 ‚
698 1201 793 1241 amore
811 1182 1019 1266 prosequitur.¹
1042 1183 1117 1257 Quo
1136 1183 1176 1245 lit
1185 1231 1197 1263 ,
1218 1201 1250 1247 ut
1267 1188 1319 1249 reri·

97 1281 164 1339 tatis
200 1276 394 1358 assequendae
420 1278 519 1337 caussa
548 1277 593 1336 nil
621 1298 680 1338 non
718 1292 747 1338 et
771 1279 867 1339 lacere
893 1293 922 1340 et
950 1279 1013 1360 pati
1046 1279 1150 1342 velint
1183 1286 1319 1366 sapientes,

95 1378 169 1437 mori
197 1377 270 1437 adeo
296 1377 434 1457 cupiant:
464 1375 544 1455 quod
575 1397 652 1436 unus
679 1373 793 1437 efficere
812 1399 892 1437 amor
909 1389 1012 1459 potest.
1057 1379 1179 1453 Quodsi
1202 1384 1239 1445 de
1256 1386 1319 1463 justi-

15 1524 21 1536 .
96 1477 138 1534 tia
161 1496 194 1534 ac
221 1475 342 1535 caeteris
368 1473 527 1534 virtutibus
552 1474 728 1552 majoribus,
759 1474 853 1555 deque
879 1477 957 1538 vitae
986 1494 1166 1557 morumque
1196 1484 1318 1543 sanctitate

95 1574 277 1652 quaerimus,
306 1579 435 1632 virtutis
464 1582 573 1632 auctor
600 1594 680 1634 amor
706 1587 768 1649 est,
798 1574 876 1655 quod
898 1571 1047 1633 Phaedrus
1066 1594 1123 1635 nos
1141 1578 1179 1638 in
1197 1579 1318 1663 Symposio
1342 1596 1344 1611 ¹

93 1669 212 1745 docuit,
240 1671 297 1731 imo
324 1691 394 1731 vero
421 1671 498 1731 solus
524 1671 573 1730 hic
592 1670 724 1732 homines
743 1674 783 1731 od
804 1681 951 1733 virtutem
971 1665 1106 1746 ἐνθέους
1125 1674 1219 1738 l'acit:
1243 1693 1315 1758 estque

94 1769 172 1829 idem
200 1769 268 1844 ille,
294 1770 331 1829 de
360 1769 465 1832 divina
494 1770 637 1830 Diotimae
656 1772 818 1846 sententia,
845 1772 922 1832 inter
940 1774 1016 1833 Deos
1034 1773 1237 1855 hominesque
1250 1777 1315 1837 inter

92 1867 221 1943 medius,
239 1867 359 1929 illorum
377 1867 415 1927 ad
436 1867 488 1928 hos
506 1866 668 1944 beneficia,
688 1867 848 1949 horumque
866 1869 905 1930 ad
926 1870 993 1931 illos
1012 1892 1118 1952 preces
1138 1875 1310 1949 transissem,

93 1982 124 2029 ut
142 1968 331 2042 immensum,
348 1988 406 2047 quo
425 1980 596 2048 separantur
624 1987 641 2025 a
663 1967 857 2043 seinvicem,
878 1967 1073 2031 intervallum
1093 1970 1257 2053 compleat:
1272 1964 1322 2033 lo·¹

90 2069 255 2146 minemque
281 2065 421 2142 omnino,
449 2067 574 2125 Deorum
601 2065 683 2124 cultu
702 2078 731 2124 et
749 2067 956 2142 veneratione,
980 2066 1020 2127 ad
1037 2068 1122 2129 vitae
1143 2069 1312 2152 integritates

90 2167 341 2243 sanctitatemque,
363 2162 402 2223 ad
421 2162 543 2223 divinae
560 2161 632 2222 adeo
653 2177 773 2223 naturae
783 2162 1007 2224 similitudinem
1016 2166 1176 2229 informat.
1191 2167 1223 2250 l)
1246 2166 1312 2244 Quid

89 2266 122 2325 ni
142 2265 250 2344 igitur,
272 2276 303 2321 ut
323 2259 420 2321 adhuc
439 2261 580 2334 lecimus,
600 2259 740 2342 deinceps
757 2282 880 2322 amorem
898 2262 1103 2344 principium,
1124 2265 1211 2327 unde
1229 2269 1309 2349 optina

89 2380 219 2442 quaeque
237 2359 376 2420 ducamus
384 2403 393 2434 ,
414 2356 609 2418 babebimus?
652 2358 710 2419 Sed
727 2380 806 2419 amor
823 2374 970 2441 praeterea
990 2360 1069 2420 hanc
1092 2363 1179 2444 apud
1198 2387 1249 2426 nos
1265 2364 1304 2426 tin

89 2459 195 2534 habet,
222 2471 271 2533 ut,
299 2458 471 2538 optimarurm
495 2478 592 2517 rerum
610 2458 789 2539 cupiditate,
814 2479 918 2540 pravas
936 2458 1137 2539 cupiditates,
1164 2462 1302 2543 quaeritent

88 2558 191 2617 insunt
214 2556 305 2616 animi
335 2569 474 2630 naturae,
503 2556 652 2616 accesserit
672 2555 758 2617 modo
775 2557 897 2617 rationis
917 2557 1093 2638 imperium,
1121 2561 1305 2621 vincamusrr

87 2662 276 2716 coerceamus.
318 2655 396 2713 Haec
426 2668 522 2714 autem
552 2654 694 2714 naturalis
722 2656 815 2715 animi
835 2656 925 2715 nostri
941 2654 1095 2732 conditio,
1128 2672 1165 2717 ut
1186 2659 1226 2720 ad
1243 2658 1306 2718 finer

86 2753 245 2834 aliquando
274 2752 510 2832 disquisitionum
533 2764 716 2826 nostrarum,
735 2753 786 2832 qui
809 2754 886 2813 vita
907 2752 1011 2813 beata
1031 2768 1098 2830 est,
1118 2756 1250 2818 feliciter
1264 2775 1306 2838 ptr

86 2852 260 2926 veniamus,
279 2850 329 2910 hlc
350 2849 436 2909 nobis
455 2849 597 2909 continuo
617 2847 776 2929 diligenter
796 2851 971 2931 exponenda
991 2864 1044 2911 est.

125 2953 214 3010 Amor
240 2950 273 3008 in
300 2948 396 3009 animo
416 2946 544 3007 bominis
563 2949 747 3006 desiderium
768 2962 811 3008 est
827 2950 954 3029 proprie.
994 2948 1041 3007 Ex
1061 2948 1235 3031 indigentia
1249 2950 1303 3010 suis

86 3048 196 3122 oritur,
224 3059 256 3105 ut
283 3044 414 3105 Socrates
440 3066 493 3104 nos
521 3046 554 3103 in
584 3045 753 3126 Symposio,
782 3047 908 3124 itemque
927 3046 1140 3127 Aristophanes
1161 3050 1267 3110 docuit
1280 3043 1301 3123 l)

85 3144 122 3205 Id
138 3145 217 3203 enim
227 3188 236 3219 ,
256 3163 314 3222 quo
332 3162 478 3217 caremus,
497 3144 576 3221 quod
594 3144 786 3224 requirimus,
805 3144 884 3222 quod
905 3143 1127 3222 desideramus,
1148 3169 1231 3225 non,
1246 3141 1300 3226 quel

84 3242 241 3316 babemus,
270 3253 404 3321 appetere
433 3253 517 3319 atquc
547 3262 641 3301 amare
661 3241 793 3302 solemus.
836 3240 1006 3320 Cujusmodi
1028 3244 1182 3323 appetitus
1202 3267 1234 3305 ae
1250 3241 1301 3305 tes·

83 3340 165 3401 deria
182 3341 214 3399 in
234 3337 329 3397 brutis
349 3335 526 3396 animalibus
546 3359 607 3398 non
626 3340 741 3415 minus,
760 3361 846 3420 quam
874 3341 906 3400 in
928 3339 1123 3417 hominibus,
1141 3343 1300 3403 animadve*

82 3440 179 3499 timus.
230 3435 335 3498 Cibum
362 3448 519 3517 potumque
548 3446 691 3517 expetunt
719 3438 885 3500 vehementi
914 3436 1064 3497 desiderio
1090 3455 1182 3521 atque
1206 3441 1299 3509 ardut,

82 3539 249 3617 eodemque,
284 3549 312 3594 et
340 3536 447 3613 majore
475 3535 580 3610 etiam,
610 3536 772 3596 satisfacere
793 3536 925 3597 venereis
944 3520 1166 3615 cupiditatibus
1186 3540 1297 3601 studem:

81 3636 213 3697 homines
233 3654 302 3695 vero
320 3633 373 3692 has
389 3632 582 3714 cupiditates,
603 3636 720 3694 insanas
737 3633 822 3693 hasce
840 3632 1002 3705 libidines,
1020 3637 1160 3712 quamvis
1184 3637 1298 3716 indigne

81 3733 135 3794 hoc
165 3733 283 3792 nomine
313 3731 389 3805 sint,
409 3751 533 3790 amorem
560 3746 676 3793 vocant.
717 3732 768 3793 Est
786 3731 899 3791 scilicet
916 3730 964 3790 hic
980 3722 1158 3812 πάνδημος,
1182 3737 1297 3817 vulgarit

80 3853 176 3907 amor,
197 3830 285 3911 vulgo
312 3828 416 3910 illique
434 3829 584 3889 hominum
605 3832 703 3910 generi
723 3830 875 3912 proprius,
897 3831 947 3908 qui
967 3831 1123 3894 brutorum
1143 3835 1235 3896 instar
1248 3829 1296 3893 stlb

19 4084 23 4089 ¹
112 4099 138 4166 1)
157 4102 242 4154 Initia,
268 4117 294 4168 p.
314 4097 374 4151 102.
408 4071 505 4151 Retulit
521 4099 584 4160 haec
606 4099 709 4153 Tarso
735 4100 767 4152 ad
791 4098 1017 4165 Gabrielem,Dei
1034 4102 1166 4157 nuncium.
1201 4084 1291 4158 emal

76 4185 230 4253 ttt.1,tt:
1125 4190 1133 4209 ⁸

329 4308 332 4315 .
408 4268 457 4321 dit
475 4272 488 4321 r'
502 4273 596 4323 decreti
607 4271 647 4323 del
660 4270 708 4322 ciel
720 4280 797 4340 porto
804 4309 812 4334 ,
829 4273 860 4322 ed
872 4270 900 4322 ul
912 4270 975 4322 ct‘elo

409 4359 516 4427 liiporto
532 4359 572 4408 de’
588 4357 688 4410 mortali
701 4358 712 4407 i
726 4356 814 4425 pregltt‘
832 4356 865 4408 e’l
875 4355 935 4409 selo.

110 4442 137 4508 2)
156 4445 217 4496 Eud.
235 4460 261 4510 p.
275 4441 325 4508 66,
342 4440 384 4495 tt.
