2796 5048
79 98 120 157 ln
138 97 195 157 hac
214 88 353 177 pristinae
377 93 452 155 vitae
477 91 691 169 recordatione,
711 94 844 175 pulcrum
866 94 1008 170 maxime,
1034 92 1167 169 dicebat,
1186 108 1310 156 mentem

85 193 182 270 subit,
200 192 310 274 quippe
327 189 406 271 quod
422 189 552 270 fulgebat
569 190 631 251 illic
654 191 905 273 splendidissimos
925 192 997 253 hine
1015 182 1110 253 amor:
1136 192 1207 281 hinc
1231 195 1312 255 furor

85 293 211 367 amoris,
230 291 278 350 cui
307 291 415 371 optima
437 287 574 348 debemus
597 309 709 365 eorum,
729 310 802 371 quae
831 294 968 370 praesens
979 291 1111 352 1111111111
1129 293 1190 353 rita
1207 304 1311 353 nostra.

31 468 36 481 .
84 393 205 452 Caetera
224 388 298 469 quid
316 387 492 469 persequar?
512 386 583 445 Nam
600 402 702 468 sponte
720 387 870 462 meminit,
889 389 940 467 qui
962 387 1032 448 haec
1053 390 1140 450 semel
1166 391 1313 472 percepit,

83 502 111 547 et
130 510 187 548 nos
205 487 305 548 eadem
326 487 359 545 in
379 484 573 566 superioribus
600 507 665 545 cum
693 485 837 545 illustrare
863 484 1047 566 singulatim,
1067 501 1129 546 tum
1157 488 1202 555 ad,
1223 491 1314 570 ipsam

82 586 294 647 illustrandam
312 583 523 667 philosophiam
550 583 645 663 pulcri
671 583 810 645 adhihere
838 583 1008 645 studuimus.
1033 582 1062 666 1)
1081 586 1163 647 lllud
1180 584 1233 647 hoc
1249 587 1315 646 -loco

82 685 307 746 memorandum
325 685 409 743 unice
428 695 496 756 est,
510 689 576 739 veri
599 704 657 742 non
678 684 774 743 minus
799 683 966 757 Platonem,
987 703 1072 760 quam
1098 684 1194 765 pulcri
1221 685 1316 766 philo·

82 784 220 863 sophiam
239 782 356 842 sublimi
377 782 431 842 hor
450 771 544 864 μύθῳ
562 783 742 861 expressisse.
789 781 860 840 Nam
883 801 934 862 per
954 800 1077 841 amorem
1104 781 1317 863 philosophiam

83 879 168 943 dixit
191 903 254 941 non
270 893 381 939 tantum
399 881 437 943 ad
451 881 585 962 pulcrum
605 900 656 938 nos
674 879 831 955 continuo,
852 900 952 959 verum
975 880 1060 939 etiam
1084 880 1122 941 ad
1143 893 1316 941 caeterarum

85 976 220 1038 idearum
238 979 385 1060 ipsiusque
404 980 533 1041 veritatis
551 977 744 1059 spectaculum
763 975 907 1038 reducere.
929 976 1004 1057 2)-
1023 963 1098 1039 Sunt
1116 977 1186 1039 haec
1205 978 1317 1060 pulcer·

26 1124 33 1135 .
82 1075 163 1138 rima
180 1099 271 1152 sane,
292 1091 320 1138 et
340 1077 427 1136 hebes
444 1079 481 1146 sit
498 1097 610 1137 neeesse
629 1076 758 1153 est,.qui
778 1095 876 1135 eorum
895 1076 955 1137 rim
984 1077 1023 1138 ad
1046 1097 1207 1158 germanam
1224 1075 1317 1158 philo·

91 1174 237 1255 sophandi
267 1175 405 1234 rationem
429 1197 489 1235 non
518 1175 593 1234 ultro
620 1174 817 1255 perspexerit,
840 1175 1014 1235 vaticinatus
1033 1175 1079 1235 his
1105 1176 1165 1234 lere
1192 1173 1319 1235 Socrates

96 1285 156 1346 est,
173 1274 225 1353 qui
248 1269 360 1333 Ι11111111
387 1273 420 1333 in
452 1293 603 1354 puerorum
630 1273 735 1332 animis
761 1272 901 1352 igniculi,
931 1271 1003 1350 quid
1027 1272 1136 1333 discere
1162 1271 1218 1346 sit,
1247 1270 1320 1349 quid

103 1366 170 1432 effici
198 1369 330 1433 docendo
358 1369 477 1446 debeat,
498 1370 577 1449 quod
599 1371 718 1432 1111111
741 1371 859 1430 oratoris
885 1371 1105 1452 scriptorisque,
1125 1369 1203 1448 quod
1227 1369 1320 1429 omnis

107 1465 295 1552 philosophiae
321 1491 426 1529 munus
452 1470 669 1551 gravissimum,
691 1467 759 1542 sed,
779 1489 836 1546 quo
854 1469 888 1528 id
908 1469 958 1529 liat
976 1468 1110 1529 omnibus
1135 1467 1318 1541 evidentius,

70 1602 74 1610 ·
110 1583 155 1640 quo
169 1569 202 1630 id
215 1568 376 1652 perspicere
394 1569 518 1628 interius
538 1567 673 1627 cultiores
692 1566 887 1645 doctioresque
904 1568 1031 1648 possint,
1052 1588 1090 1628 ex
1115 1567 1232 1627 caeteris
1251 1566 1320 1625 Pla·
1342 1608 1347 1618 -

110 1668 172 1728 111111
190 1667 304 1749 scriptis
322 1667 535 1747 diligentiorem
554 1680 683 1747 petemus
704 1664 918 1746 plenioremque
942 1665 1044 1724 harum
1064 1686 1158 1724 rerum
1181 1664 1339 1742 disquisi-·

104 1761 212 1827 tionem.
243 1765 432 1845 Diligentiam
451 1761 561 1825 scilicet
578 1765 611 1823 in
630 1763 709 1823 omni
722 1776 894 1842 argumento
912 1762 1062 1823 tractando
1078 1763 1204 1843 postulat
1221 1763 1321 1844 philo-

95 1863 196 1940 sophia
206 1891 214 1942 3
237 1864 368 1925 sedtum
386 1864 419 1925 in
437 1863 557 1945 primis,
578 1862 629 1922 ubi
647 1860 685 1921 ad
702 1862 794 1942 ipsam
813 1882 866 1921 nos
880 1861 985 1921 ducere
1004 1854 1153 1921 veritatem
1171 1874 1301 1921 conatur.

294 2059 459 2120 Oratorem
476 2070 506 2119 et
527 2058 739 2136 sophistarum
758 2060 794 2117 de
813 2065 949 2145 ‹qairriooe
969 2068 999 2117 11
1019 2065 1148 2118 scientio

642 2159 771 2233 placito.

10 2370 27 2451 gp
110 2350 197 2416 Sed
217 2354 386 2436 ingressuris
404 2353 479 2414 hane
498 2352 746 2432 disquisitionem,
767 2373 831 2412 ecce
841 2357 855 2425 1,
869 2352 962 2412 simile
981 2351 1053 2429 quid
1071 2373 1150 2411 nunc
1170 2349 1255 2411 nobis
1278 2370 1324 2409 ae·

10 2489 28 2533 ,
46 2460 49 2467 ’
71 2446 170 2514 cidit
191 2470 276 2535 atque
293 2454 326 2512 in
344 2453 497 2533 superioris
515 2451 720 2531 disputationis
738 2454 876 2530 ingressu.
899 2453 973 2509 Tum
991 2450 1106 2529 Lysiam
1121 2449 1201 2508 Plato
1218 2447 1324 2525 objecit

21 2574 30 2634 q
75 2544 203 2631 nobis,
220 2552 272 2632 qui
291 2551 328 2610 ab
346 2572 438 2610 amore
458 2551 636 2631 praeciperet
655 2563 736 2609 caute
753 2569 811 2608 esse
825 2548 1046 2623 abstinendum,
1067 2550 1174 2628 quippe
1193 2547 1325 2606 insaniae

10 2646 36 2738 ὦ·
77 2636 189 2728 pleno
198 2667 228 2712 et
240 2650 331 2711 noxio
340 2649 517 2708 mortalibus.
539 2647 707 2707 Simillimae
716 2646 825 2707 indolis
834 2646 963 2708 homines
977 2659 1045 2707 sunt
1054 2694 1062 2723 ‚
1072 2647 1180 2728 pariter
1187 2637 1326 2725 dpoouoor,

10 2790 32 2837 ,q
81 2751 180 2810 omui
199 2750 307 2832 pariter
330 2747 460 2816 destituti
483 2747 669 2817 sublimitatis
691 2767 793 2820 sensu,
806 2744 985 2824 quibuscum
1008 2745 1056 2806 hle
1081 2746 1165 2807 nobis
1183 2749 1326 2829 agendum

26 2880 36 2938 ,
84 2838 174 2904 erit:
196 2858 330 2908 oratores
349 2859 488 2908 vocantur
507 2846 592 2919 item,
612 2844 754 2905 accedunt
772 2858 866 2903 autem
894 2847 1060 2922 sophistes:
1088 2844 1276 2924 similiterque
1294 2847 1326 2906 hi

10 2981 35 3039 ἠ
87 2933 206 3023 nobis,
227 2967 331 3004 aarum
349 2965 428 3004 nunc
448 2943 630 3023 petentibus,
650 2942 763 3002 aditum
780 2942 1075 3003 studentoecludere.
1116 2944 1188 3003 Nam
1216 2959 1248 3004 ut
1276 2945 1327 3003 fri·-

11 3081 34 3137 8
88 3053 190 3120 gent,
211 3044 262 3117 ubi
282 3065 334 3103 nos
353 3041 484 3101 ardemus
502 3042 564 3102 veri
581 3062 674 3101 amore
683 3087 692 3115 ,
711 3041 752 3100 ita
770 3033 1023 3118 ludibrio,habent
1042 3055 1070 3101 et
1087 3062 1224 3116 amorem,
1242 3062 1326 3120 quem

15 3173 34 3235 ὓ
89 3130 266 3217 loquimur,
284 3154 313 3201 et
331 3142 422 3221 ipsam
440 3140 598 3201 veritatem.
632 3139 700 3198 Esse
720 3140 869 3201 veritatem
889 3151 1013 3220 negant,
1033 3159 1118 3217 quam
1138 3139 1256 3199 colimus
1276 3160 1328 3200 nos

27 3288 31 3322 Ι
91 3231 246 3321 uniceque
273 3259 501 3322 propugnamus:
534 3259 636 3313 suum,
656 3239 757 3316 ajunt,
782 3239 904 3317 cuique,
930 3237 1008 3317 quod
1037 3245 1197 3314 opinotw,
1228 3259 1328 3298 verum

10 3318 31 3427 '3
89 3332 183 3415 0⁵⁸0,
201 3338 284 3399 aliud
303 3338 368 3397 aliis
387 3338 471 3418 longe
490 3337 654 3400 diversum:
676 3337 733 3396 coli
752 3337 840 3416 igitur
858 3358 875 3395 a
898 3336 982 3396 nobis
1006 3336 1128 3416 speeiem
1138 3381 1147 3410 ,
1168 3335 1246 3396 haud
1265 3337 1326 3415 qui·

10 3476 26 3519 3,
87 3421 165 3492 dem
186 3437 395 3520 spernendam,
413 3436 614 3516 pulcerrimam
633 3435 703 3495 adeo
722 3433 909 3513 omnibusque
928 3434 1100 3516 perutilem,
1129 3433 1179 3494 sed
1206 3435 1329 3516 speciem

10 3572 21 3614 ,
84 3530 211 3597 umen,
233 3534 265 3616 3)
285 3537 372 3618 Quae
390 3535 460 3616 ipsis
486 3536 628 3596 sententia
654 3535 693 3593 sic
713 3533 827 3614 placet,
847 3535 888 3593 sie
915 3532 1029 3614 probari
1048 3533 1196 3592 hominum
1216 3534 1275 3592 vita
1300 3544 1328 3591 et

10 3664 16 3677 ⁶
79 3633 469 3709 Β01181111111111111111111,
490 3647 522 3692 ut
540 3653 600 3691 eam
620 3645 738 3712 crepent
763 3632 878 3704 ubivis,
899 3633 955 3691 imo
981 3633 1101 3693 veroin
1124 3653 1168 3691 res
1190 3631 1328 3689 humanas

71 3727 285 3793 gravissima,
294 3778 304 3808 ,
325 3733 357 3791 in
376 3732 522 3793 civitatem
540 3729 762 3804 moderandam,
784 3731 816 3788 in
831 3731 994 3807 juventutis
1012 3730 1083 3791 adeo
1104 3729 1330 3800 institutionem,

67 3857 368 3898 N—
453 3860 457 3865 .

84 3949 136 4017 ¹)
189 3977 306 4042 loitiop.
325 3974 430 4044 50sqq.

71 4031 125 4099 2)
190 4059 410 4114 11111111.
541 4083 545 4090 ‚

63 4113 121 4183 ³)
194 4146 285 4200 rato.
305 4142 625 4211 impraeparatio.
