2796 5048
655 207 714 266 562

70 380 134 441 vult
161 399 193 438 ac
221 389 332 458 potest,
354 376 463 454 maguis
486 373 603 453 quidem
630 372 799 455 providebit
829 374 938 448 solum,
965 394 1056 457 parra
1078 388 1203 448 autem,
1231 397 1298 456 qnae

67 477 185 551 facilius
206 472 364 556 gubernari
391 485 530 555 possunt,
557 486 675 560 propter
703 470 848 553 ignaviam
868 493 900 531 ac
918 471 1081 545 socordiam
1093 472 1251 553 negliget?
1269 514 1299 526 -

69 574 158 637 Nullo
183 570 269 634 modo
292 568 390 655 hup,
419 558 540 652 hospes,
570 566 607 629 de
633 568 697 631 Diis
726 570 893 651 opinionem
918 550 1131 631 admittendam
1150 586 1298 652 putamus:

70 673 182 734 nefaria
201 682 244 731 est
260 666 340 729 euin
354 664 409 729 illa
429 688 461 725 ac
481 688 599 748 prorsus
618 664 690 726 falsa
707 668 859 728 sententia
870 692 884 725 ιι
910 665 939 748 l)

98 769 227 831 'Lubens
251 786 321 827 sanc
334 760 479 845 ¹etpridem
490 767 573 839 ,nec
594 764 772 826 solummodo
791 766 828 826 ad
849 765 1097 847 interpretandam
1120 767 1251 827 Platonis
1268 768 1302 828 de

69 872 144 943 Deo,
166 864 294 957 uniuersi
320 878 435 925 auctore
466 884 499 922 ac
528 862 725 940 moderatore,
754 862 938 940 doctrinam,
960 864 1030 924 haec
1049 865 1226 948 philosophi
1244 866 1301 926 loca

67 990 105 1031 ex
130 969 192 1047 ejus
217 962 345 1046 Lepidus
367 960 488 1021 adduxi.
535 962 607 1022 Nam
637 960 724 1045 hahet
752 961 806 1020 hoc
838 983 910 1043 opus
939 962 1069 1023 Platonis
1095 965 1192 1024 senile
1224 987 1300 1046 quan

68 1060 246 1150 plurimum,
265 1083 322 1143 quo
350 1060 535 1120 vehementer
560 1080 611 1118 nos
639 1060 733 1141 capiat
761 1081 794 1119 ac
820 1073 925 1120 teneat.
966 1061 1144 1122 incaeteris
1165 1066 1231 1143 ejus
1249 1064 1297 1124 dia·

1 1237 2 1242 ἵ
69 1165 141 1247 logis
167 1161 217 1224 vel
244 1158 392 1234 Socrates,
423 1157 471 1219 rel
501 1158 603 1238 hospes
631 1156 736 1238 aliquis
756 1158 887 1232 Eleates,
909 1159 958 1218 vel
978 1182 1057 1229 unus,
1074 1182 1089 1219 e
1107 1162 1301 1243 Pythagoreo-

68 1286 132 1324 rum
159 1259 344 1344 principibus
374 1278 495 1317 summas
523 1255 610 1317 habet
636 1270 750 1337 partes,
773 1270 805 1315 ut
824 1256 911 1327 lateat
930 1278 982 1317 nos
1003 1252 1114 1353 auotqr.
1159 1261 1220 1320 Hic
1242 1283 1302 1322 vero

69 1386 129 1423 non
156 1360 274 1421 obscure
303 1376 332 1417 se
359 1356 454 1438 ipsum
481 1355 660 1434 significavit
688 1356 787 1430 Plato,
808 1376 897 1434 quum
924 1356 1303 1441 Atheniensemffinduceret

8 1470 15 1488 “
67 1448 209 1542 hb'ipitem
235 1476 301 1516 cum
329 1456 410 1515 Crete
428 1453 481 1512 illo
499 1465 526 1511 et
545 1453 770 1513 Lacedaemonio
790 1467 939 1534 agentem,
968 1436 1139 1535 Atticaeque
1161 1459 1259 1538 gentis
1276 1480 1304 1518 ac

69 1548 196 1620 civitatis
221 1574 289 1637 prae
318 1552 502 1613 Cretensibus
531 1572 563 1609 ac
592 1551 826 1611 Lacedaemoniis
863 1555 1067 1633 praestantiam
1100 1555 1304 1618 celebrantem.

69 1659 181 1718 Atticae
197 1652 317 1715 rationis
332 1651 521 1731 elegantiam,
542 1648 772 1724 humanitatem,
793 1665 853 1709 tum
874 1672 942 1711 vero
960 1653 1046 1712 etiam
1070 1654 1304 1738 solertiam-pru·

69 1755 256 1832 dentiumque
274 1751 307 1809 in
325 1747 447 1828 singulis
468 1749 527 1806 fere
545 1745 632 1806 dictis
649 1749 857 1827 sententiisque
875 1751 1063 1830 agnoscimus.
1079 1756 1087 1771 ¹
1104 1752 1197 1828 ¹Quid
1216 1770 1304 1814 auten

70 1855 155 1915 nobis
183 1838 300 1912 suaiius
319 1861 411 1929 potest
434 1845 582 1920 accidere,
604 1868 689 1926 quam
711 1847 804 1927 ipsum
831 1847 997 1924 Platonem,
1019 1850 1108 1910 sicuti
1127 1852 1184 1911 hic
1203 1874 1231 1912 se
1248 1867 1307 1913 tan·

70 1952 136 2013 dem
166 1949 250 2011 uobis
278 1944 428 2028 prodidit,
458 1945 545 2027 paulo
571 1945 694 2004 interius
721 1949 915 2026 cognoscere?
956 1948 1209 2033 Philosophorum
1234 1954 1303 2010 enim

70 2050 237 2132 principum
273 2060 304 2105 ut
330 2044 491 2104 doctrinam
518 2044 675 2125 accipimus
705 2043 860 2121 lubenter,
891 2046 931 2104 ita
962 2046 1093 2106 indolem
1126 2050 1164 2108 in
1194 2052 1297 2132 primis,

70 2146 172 2229 quales*
198 2147 316 2226 ingenio
346 2143 530 2222 moribusque
559 2143 686 2217 luerint,
707 2143 869 2224 perspicere
895 2166 1019 2206 avemus.
1061 2151 1201 2230 Apparet
1215 2163 1294 2208 autem

70 2248 120 2321 hic
147 2245 231 2329 nobis
258 2244 338 2302 Plato
366 2263 425 2301 non
454 2242 582 2301 solum'
575 2240 690 2322 ingenii
714 2240 765 2299 illa
769 2244 936 2322 sagacitate
950 2244 1180 2333 ubertateque
1171 2249 1301 2330 insignis,

72 2367 158 2427 quam
182 2322 313 2402 ieferunt
338 2316 519 2422 probantque
546 2355 656 2399 caetera
683 2341 752 2398 item
782 2342 843 2420 ejus
870 2342 993 2423 scripta3
1016 2344 1066 2404 sed
1098 2345 1156 2406 illa
1179 2370 1211 2408 se
1231 2348 1306 2407 eliam

71 2441 276 2521 commendans
294 2439 471 2498 humanitate
490 2452 574 2520 atque
593 2441 626 2498 in
644 2461 734 2521 genus
753 2440 912 2500 humanum
926 2390 1131 2504 benivolentia
1140 2461 1318 2528 u,t,quem.

72 2560 289 2625 suspexeramua
302 2539 367 2597 lere
387 2551 470 2618 atque
489 2538 622 2598 admirati
643 2541 806 2614 fueramus,
828 2538 953 2599 eundem
976 2563 1055 2601 nunc
1073 2565 1209 2605 amemus
1230 2559 1311 2626 atque

61 2642 207 2703 holamus.
257 2637 466 2714 Quamobrem,
497 2659 554 2716 quo
583 2641 671 2749 tnagis
699 2638 760 2720 ipse
790 2654 882 2706 aetate
909 2640 1070 2722 provehor,
1099 2663 1132 2702 eo
1159 2641 1313 2707 lubentius

73 2738 207 2837 equidem
235 2752 262 2796 at
292 2738 356 2819 lego
384 2737 436 2796 hoc
463 2759 534 2818 opus
552 2753 579 2797 et
597 2740 628 2796 in
649 2738 771 2796 aliorum
794 2759 874 2796 usum
894 2739 955 2797 loca
977 2759 1014 2798 en
1031 2761 1064 2798 eo
1084 2755 1320 2804 commemorare·

73 2826 158 2898 soleo
199 2839 277 2912 Quae
305 2851 399 2895 autem
429 2858 508 2925 nunc
538 2858 574 2896 ex
604 2858 637 2895 eo
656 2836 781 2918 protuli,
804 2837 902 2897 valere
920 2834 1191 2919 quamplurimum
1212 2842 1312 2924 adrp·

68 2938 132 2996 sius
155 2937 308 2995 Timaeum
328 2914 553 3015 intelligendum
572 2936 683 3016 putavi
725 2936 811 3010 Nam,
834 2949 864 2994 ut
884 2936 917 2995 in
936 2936 1050 3018 dialogo
1068 2937 1122 2997 illo
1140 2939 1201 2998 Dei
1219 2940 1325 3000 veluti

70 3037 226 3116 imaginem
256 3035 479 3110 informaverat,
501 3035 540 3093 ita
560 3055 648 3094 senex
672 3034 836 3109 tandem,
828 3056 858 3093 ιιι
878 3033 1008 3116 Legibus
1026 3035 1220 3114 scribendis,
1237 3039 1312 3100 hanc

74 3154 153 3201 suam
173 3133 209 3192 de
237 3133 346 3193 divina·
366 3146 468 3192 natura
497 3134 668 3192 sententiam
697 3081 859 3194 rationibus
887 3134 1058 3215 persuadere
1088 3135 1218 3199 studuit.
1256 3140 1314 3199 Nos

74 3233 163 3314 igitur
181 3230 246 3315 his,
276 3245 308 3290 ut
338 3252 501 3311 speramus,
522 3233 702 3315 praeparati,
723 3221 760 3292 ad
782 3232 928 3314 dialogum
949 3234 1033 3293 illum
1057 3228 1226 3314 illustrem,
1256 3260 1311 3299 om·

52 3332 175 3412 julum,
196 3330 246 3410 qui
266 3330 365 3411 scripti
393 3342 409 3388 a'
434 3330 553 3389 Platone
573 3330 694 3411 aliisque
715 3346 801 3407 suut,
824 3331 908 3413 longe
925 3332 1209 3414 celebratissimum,
1232 3359 1310 3398 nune

77 3429 195 3491 tandem
215 3425 394 3489 accedamus.

436 3624 495 3686 De
528 3627 695 3687 Timaeo
720 3622 936 3690 Pl'tortia.
975 3620 977 3624 ¹

102 3825 190 3884 'Vere
204 3824 332 3906 profecto
351 3825 469 3898 Cicero,
490 3823 696 3884 difficillimam
714 3847 773 3885 esse
793 3826 879 3906 hujus
899 3826 1006 3907 dialogi
1018 3828 1313 3909 interpretationem,

76 3923 201 4001 judicat:
233 3944 278 3981 res
304 3923 381 3980 enim
406 3923 496 4004 ipsas,
525 3923 561 3983 de
586 3924 692 4003 quibus
719 3926 830 4004 agitur,
862 3925 997 3985 obscuras
1024 3946 1092 3986 esse.
1135 3927 1313 4007 interdum,

77 4023 132 4096 ait,
167 4044 271 4080 rerum
311 4024 492 4094 obscuritas,
529 4046 586 4081 non
628 4019 803 4100 verborum,
824 4028 926 4100 fucit,
956 4037 993 4084 ut
1023 4049 1080 4085 non
1107 4030 1316 4110 intelligutur

77 4129 193 4195 oratio,
223 4122 322 4200 qualis
348 4131 394 4179 est
423 4130 456 4178 in
491 4121 609 4181 Tinruer
637 4122 787 4183 Plutonia
809 4121 841 4203 2)
882 4123 1003 4185 Accedit
1024 4125 1169 4199 musicae,
1196 4141 1229 4188 ut
1249 4129 1314 4190 illic

80 4262 321 4269 ..es-w*-

110 4331 136 4396 1)
155 4333 192 4385 De
208 4331 279 4399 legg.
294 4332 324 4384 X.
337 4331 390 4384 000
407 4331 435 4384 C.
452 4359 486 4369 —
500 4329 551 4384 9⁰3
568 4330 599 4384 Α.

112 4418 138 4480 2)
158 4421 195 4470 De
210 4419 266 4470 Fiat.
284 4417 314 4468 ll.
334 4419 358 4469 5.
