2796 5048
664 220 724 281 2118

79 382 248 464 perficiant,
269 383 421 444 dialectica
440 396 569 442 utuntur.
600 382 688 442 Nulla
707 403 751 441 res
770 396 812 441 est
831 382 959 461 prolecto
969 425 978 455 ,
998 400 1057 459 qua
1076 381 1199 461 magist
1210 382 1304 441 tennis

49 476 52 481 ’
81 494 204 540 mentem
230 495 356 542 nostram
381 481 562 563 explicamus
592 482 795 560 acuimusque,
816 499 903 558 quom
929 498 1021 539 sermo
1048 492 1193 539 mutuus:
1214 478 1304 557 nullu,

82 600 139 659 qua
168 579 285 639 facilius
311 577 513 659 efficaciusque
540 600 556 637 a
586 578 718 639 sensibus
745 599 797 638 nos
823 575 863 637 ad
888 596 941 652 ea,
965 596 1039 656 quae
1059 576 1122 637 sola
1142 577 1304 659 cogitatione

82 677 271 757 assequimur,
292 698 466 739 revocamus.
498 667 643 757 ''Opynvov
663 699 731 738 vcro
750 674 845 751 illud,
865 672 943 755 quod
960 670 1208 753 memoravimus,
1227 676 1304 759 ipn'n
1334 692 1339 701 '

84 774 136 833 ille
162 781 260 834 enimi
274 778 407 851 ,oculum
438 786 586 838 tercentis
613 779 707 838 ocubr
728 783 847 854 potior,
867 794 926 853 quo
941 771 1061 832 tandem
1078 770 1170 833 modo
1190 794 1244 855 per
1257 768 1304 833 ht-
1337 792 1339 797 ·

83 871 251 933 thematicos
279 887 354 935 artes
382 873 420 935 ad
451 896 551 935 verum
569 874 750 936 cernendum
768 873 883 954 purgari
901 872 1022 950 acuique
1041 884 1157 953 poem,
1179 872 1305 933 sim
1335 856 1339 877 ⁵

85 968 138 1029 hae
166 984 278 1048 essent,
298 993 351 1033 nec
382 994 440 1032 vox
457 959 606 1035 accederet
624 975 685 1035 site
701 956 832 1032 docentis
849 971 910 1030 sive
930 969 1125 1045 discentium,
1149 970 1217 1031 sive
1231 970 1306 1031 etl'n

84 1068 171 1127 tacita
196 1068 297 1144 illius,
318 1072 367 1148 qui
397 1073 457 1151 ipse
478 1093 574 1132 secum
598 1073 630 1133 in
651 1071 792 1131 discendo
810 1068 1007 1149 colloquitur?
1048 1066 1109 1127 Sed
1131 1081 1168 1129 ut
1186 1068 1306 1129 semod-

86 1165 185 1226 nando
200 1170 378 1247 assequimur
397 1171 520 1231 maxime
535 1171 612 1230 bene
630 1167 776 1250 cogitandi
795 1165 971 1245 dicendique
989 1178 1096 1241 artem,
1110 1166 1154 1225 ita
1167 1178 1308 1249 utrumq&

85 1264 161 1325 hanc
179 1279 269 1325 artem
288 1269 489 1349 complectitur
508 1269 676 1343 dialectica,
696 1282 794 1347 estque
812 1265 865 1325 illa
882 1286 940 1325 una
949 1263 1179 1346 disciplinarum
1188 1266 1307 1327 omnin

84 1362 208 1421 maxime
226 1362 329 1424 efficax
350 1387 416 1426 cum
433 1367 471 1426 ad
491 1368 554 1427 reri
571 1365 778 1446 assequendam
800 1364 949 1424 scientiam
959 1408 968 1439 ,
988 1376 1050 1423 tum
1065 1362 1107 1423 ad
1124 1362 1209 1425 hane
1227 1364 1306 1426 teitu·

83 1460 153 1519 tiam
180 1482 246 1521 cum
260 1463 340 1523 ¹aliis
366 1465 644 1526 communicandam.
686 1463 722 1522 ln
752 1462 798 1522 his
835 1462 953 1542 quidem
970 1461 1123 1521 Platonem
1139 1460 1234 1523 altint
1250 1448 1308 1545 qul

86 1571 175 1617 ctasse
202 1581 287 1639 quam
306 1561 468 1637 Socratem,
489 1584 573 1623 nemo
592 1575 652 1637 est,
673 1562 746 1640 quin
765 1575 866 1642 sponte
884 1548 993 1622 videat.
1033 1558 1170 1619 Socrates
1186 1580 1234 1621 res
1250 1558 1307 1621 tlh
1324 1568 1327 1573 '

86 1654 224 1716 sublimes
252 1673 280 1720 et
304 1658 441 1720 difficiles
465 1659 645 1742 sapientibus
670 1659 809 1738 cedebat,
841 1660 902 1740 ipse
920 1680 971 1718 sua
986 1656 1115 1735 ¹curabat
1133 1656 1309 1741 aliornnq!

89 1756 220 1834 negotia,
239 1757 260 1817 i.
289 1779 315 1819 e.
345 1759 474 1817 animum
492 1780 576 1817 suum
595 1772 623 1819 et
643 1779 740 1818 veram
758 1758 867 1818 civium
888 1774 1004 1816 suorum
1021 1755 1155 1817 salutem·
1199 1757 1308 1817 Verun-

86 1865 182 1912 tamen
211 1869 239 1916 ct
266 1855 409 1917 Socratem
433 1858 552 1938 propius
579 1855 617 1916 ad
644 1856 792 1916 Platonem
821 1854 988 1930 accessisse,
1009 1867 1038 1914 et
1056 1853 1148 1935 magis
1167 1854 1307 1915 Platone!

85 1945 102 2008 a
130 1950 244 2013 Socrate
270 1956 441 2035 profecisse,
466 1978 553 2036 quam
572 1956 661 2015 soleat
679 1954 855 2028 existimari,
876 1974 913 2012 ex
934 1953 1083 2032 utriusque
1100 1950 1232 2014 efficitur
1248 1952 1308 2036 phi-

84 2047 224 2133 losophia.
271 2054 485 2134 Relinquebat,
515 2055 624 2129 fateor,
655 2053 784 2113 Socrates
813 2073 858 2111 res
885 2048 1037 2126 sublimes,
1066 2052 1141 2129 quiae
1170 2049 1309 2111 homine!

85 2169 145 2208 non
174 2166 353 2232 spectarent,
386 2152 478 2213 doctis
506 2152 691 2227 hominibus,
720 2151 770 2231 qui
796 2150 842 2209 his
869 2147 1053 2231 explicandis
1081 2148 1310 2219 delectarentur

85 2250 167 2325 cujus
186 2250 228 2308 rei
245 2251 325 2309 testis
345 2251 429 2310 nobis
449 2249 615 2330 Xenophon
634 2250 725 2310 estin
744 2247 991 2308 Memorabilihus.
1011 2246 1070 2307 Sed
1089 2247 1196 2307 οοάεπι
1213 2238 1306 2343 operq,

86 2343 185 2411 eodem
216 2347 279 2407 loco
310 2347 473 2428 Xenophon
489 2362 628 2429 spectasse
648 2362 768 2408 testatur
786 2346 929 2407 Socratem
949 2342 981 2407 τί
996 2340 1128 2427 εὐσεβὲς,
1146 2342 1181 2407 τί
1202 2340 1306 2426 ἀσεβὲς*

84 2438 116 2503 il
132 2438 234 2519 sealde,
255 2442 286 2505 τί
306 2440 448 2526 αἰσχρόν·
466 2450 497 2507 τί
518 2444 643 2522 δίκαιον,
661 2445 694 2508 τί
712 2440 820 2507 ἄδικον.
845 2445 874 2527 1)
915 2449 1029 2529 Ecquid
1052 2463 1148 2509 autem
1175 2447 1304 2511 Platoir

86 2544 220 2606 omnibus
237 2549 351 2629 scriptis
367 2562 531 2629 persecutus
547 2563 589 2610 est
605 2549 796 2630 diligentius,
817 2568 903 2627 qnam
921 2548 1074 2629 pulcrum,
1090 2548 1228 2625 justum,
1247 2568 1305 2607 su-

85 2656 163 2702 etum
173 2690 181 2719 ,
203 2644 380 2708 honestum?
401 2644 477 2706 Sunt
495 2648 565 2707 haec
584 2649 646 2729 ipsa
665 2648 747 2708 ideae
766 2646 902 2706 Platonis.
924 2646 1005 2706 Plato
1022 2666 1090 2707 vero
1107 2659 1141 2705 ut
1157 2643 1214 2707 has
1230 2644 1303 2705 duxit

83 2741 261 2804 eSocratico
289 2747 387 2821 fonte,
408 2745 460 2806 sed
478 2746 529 2806 sul
552 2747 636 2806 nobis
657 2746 834 2806 sublimitate
854 2744 1020 2825 proposuit,
1048 2744 1090 2802 ita
1109 2764 1172 2804 non
1194 2742 1302 2805 sie-dte·

85 2842 170 2902 cessit
196 2863 211 2900 a
231 2845 379 2923 magistro,
409 2846 483 2924 quin
500 2866 602 2926 magna
625 2845 695 2904 haec
715 2859 744 2904 et
761 2842 897 2903 sublimia
921 2841 1069 2902 hominum
1088 2842 1301 2904 accommodent

84 2940 223 3001 societati.
263 2943 369 3002 Omnes
385 2944 461 3020 ejus
488 2943 525 3003 de
548 2944 693 3018 numeris,
721 2942 759 3002 de
784 2941 954 3021 geometria,
975 2938 1011 2998 de
1031 2943 1227 3018 nonnanis,
1245 2940 1296 3001 har·

85 3037 199 3112 monia,
228 3039 265 3099 de
294 3040 348 3107 hac
378 3041 460 3122 ipsa,
489 3062 577 3120 quam
605 3062 685 3101 nunc
714 3052 892 3121 spectamus,
922 3038 1041 3098 sublimi
1072 3060 1143 3099 sane
1161 3038 1295 3101 uidete

85 3133 267 3214 disquisitio,
298 3139 427 3198 omnium
455 3140 578 3199 maxime
606 3139 644 3199 ad
671 3139 818 3199 civitatem
847 3138 990 3214 refertur,
1012 3151 1061 3212 ut,
1082 3138 1134 3218 qni
1154 3132 1294 3221 praetmu'

88 3246 156 3292 sunt
185 3234 297 3295 civitati
324 3235 483 3315 aliquando
512 3254 629 3317 eamque
657 3238 769 3296 beatam
802 3234 967 3312 reddituri,
997 3237 1115 3319 optimis
1143 3238 1292 3298 excolant!

86 3329 261 3412 disciplinis.
302 3334 395 3415 Ergo,
424 3336 449 3394 si
477 3334 601 3395 Socratis
620 3337 768 3416 quaeritur
788 3348 817 3394 et
834 3334 964 3395 Platonis
982 3336 1015 3394 in
1036 3334 1192 3397 dialectico
1208 3350 1291 3418 propt·

85 3429 186 3505 situm,
214 3429 313 3510 hujus·
331 3432 450 3494 videtur
477 3436 570 3512 majus
595 3434 804 3514 sublimiusque
828 3433 916 3492 fuisse
927 3480 936 3509 ,
957 3456 974 3494 a
992 3433 1139 3495 Socratico
1158 3456 1227 3498 vero
1240 3448 1289 3515 pn·

84 3529 178 3609 posito
197 3550 320 3611 vereque
337 3531 450 3593 homini
467 3533 586 3593 salutari
608 3555 668 3594 non
687 3532 844 3595 diversum.

104 3723 161 3783 De
183 3730 366 3787 ocetbodo
390 3729 611 3804 Plutonis,
638 3751 739 3809 quae
759 3720 1280 3809 cernendojungendoqtt't

393 3830 608 3904 procedit,
640 3829 1001 3917 revideanquar‘.

25 4107 28 4112 .
126 4001 174 4079 Ad
188 4018 266 4079 hanc
280 4021 349 4081 item
364 4022 555 4083 excolendam
573 4023 836 4106 perficiendamque
855 4022 1041 4098 methodum,
1062 4045 1128 4083 cum
1148 4024 1230 4099 aliis,
1247 4022 1318 4119 tuf}

87 4138 157 4179 vero
176 4118 287 4180 Socrati
305 4119 438 4181 debuisse
457 4122 581 4183 multum
598 4122 717 4184 videtur
735 4121 826 4183 Plato.
858 4123 1022 4201 conjuncta
1041 4122 1092 4182 illa
1113 4144 1198 4204 quant
1215 4126 1324 4205 profi·

118 4412 144 4477 1)
162 4415 226 4468 Xon.
245 4419 315 4469 Mem.
335 4418 354 4468 l.
374 4417 398 4468 1.
418 4417 436 4479 §
456 4416 498 4467 16.
