2796 5048
676 257 735 321 572

89 420 108 486 d
122 426 174 490 νῦν
189 421 231 509 tq*
246 425 335 506 σῶμα
348 421 553 508 περιφέροντες
564 418 768 507 ὀνομάζομεν,
784 418 910 507 σ’στρέσυ
921 418 1031 506 τρόπον
1046 421 1289 506 δεδεσμευμένοι.
1301 425 1329 508 l)

88 527 162 589 lnde
190 543 285 589 autem
313 551 392 590 orsus
420 528 627 611 philosophus,
659 531 800 591 rationem
821 548 874 591 nos
891 526 1027 605 edocuit,
1047 550 1106 610 qna
1125 529 1225 591 redire
1245 529 1329 589 nobis

87 626 127 689 ad
154 628 307 709 pristinam
337 627 418 687 illam
448 649 514 687 cum
543 630 603 688 Deo
629 628 853 689 similitudinem
882 626 978 688 liceat.
1019 629 1121 689 Amori
1142 629 1176 688 in
1195 627 1252 689 hac
1274 626 1327 689 dis·

87 726 199 807 ciplina
218 727 325 807 primas
351 740 446 807 partes
464 727 577 786 tribuit.
619 728 691 787 Nam
718 742 750 788 ut
769 727 833 787 illic
853 748 905 786 nos
924 740 1053 786 nostrum
1070 728 1200 808 quisque
1220 727 1327 803 Deum,

87 838 226 904 tanquam
250 825 422 906 choregum,
443 847 540 885 sumus
568 827 678 902 secuti,
699 827 739 886 ita
769 825 817 887 hic
841 825 928 886 illurn
950 816 1117 906 ipuaerimus
1145 825 1325 905 colimusque

86 923 244 998 amasium,
274 906 329 1003 qui
350 924 435 984 nobis
465 925 589 985 maxime
610 926 702 985 Deum
722 939 850 986 nostrum
870 926 990 985 referat!
1012 945 1137 1006 eumque
1155 943 1219 1005 quo
1239 926 1325 1005 magis

87 1035 116 1082 et
138 1021 260 1083 colimus
284 1036 313 1083 et
336 1044 405 1083 vero
431 1045 484 1083 nos
508 1023 584 1105 ipsos
613 1024 651 1085 ad
681 1026 743 1103 ejus
762 1023 927 1105 exemplum
946 1023 1085 1105 perficere
1105 1038 1274 1099 conamur,
1293 1044 1322 1085 co

85 1121 205 1203 propius
224 1119 388 1181 accedimus
409 1120 507 1183 denuo
526 1123 564 1183 ad
589 1122 709 1184 divinae
729 1136 847 1183 naturae
864 1122 1098 1184 similitudinem.
1141 1124 1213 1198 Quo
1232 1137 1322 1183 autem

84 1219 150 1305 quis
180 1221 316 1299 majorem
344 1235 457 1281 secutus
485 1223 576 1282 Deum
604 1236 666 1298 est,
687 1223 727 1281 ita
744 1241 796 1302 per
811 1243 934 1282 amorem
954 1221 992 1282 ad
1010 1224 1150 1301 majorem
1171 1220 1322 1282 contendit

57 1381 61 1389 ,
85 1310 301 1399 perfectionem.
342 1319 424 1380 Jovis
451 1320 575 1385 cultores
602 1341 667 1380 eum
695 1321 753 1380 sibi
771 1321 906 1380 amasium
924 1335 1086 1401 quaerunt,
1108 1322 1164 1401 qui
1184 1315 1320 1394 Διὶὸςίιι

84 1429 192 1490 animo.
233 1423 398 1487 Σκοποῦσιν
434 1419 505 1547 plo,
537 1425 563 1488 εἰ
593 1419 772 1546 φιλόσοφός.
788 1447 819 1487 τε
843 1423 899 1503 scol
930 1418 1104 1506 ἡγεμονικοῖς
1129 1415 1191 1504 τήν
1222 1414 1319 1504 φύσιν·

84 1525 134 1589 oet
162 1550 235 1588 οταν
259 1520 351 1589 αὐτον
377 1521 521 1611 εὑρόντες
537 1527 772 1648 ἒρασθῶσιί
730 1553 788 1591 παν
808 1527 940 1590 ποιοῦσιν
962 1520 1044 1601 ὅπως
1063 1524 1206 1600 τοιοῦτος
1232 1519 1319 1588 ἔσται

86 1622 208 1691 lav
170 1653 224 1692 ουν
248 1624 294 1712 μή
320 1625 466 1716 πρότερον
493 1630 643 1714 ἔμβεβῶσι
668 1655 712 1719 τῳ
740 1626 968 1714 ἐπιτηδεύματι,
989 1623 1058 1692 τότε
1080 1621 1318 1711 ἐπιχειρήσαντες

84 1726 279 1811 μανθάνονσί
299 1758 330 1797 τε
351 1728 471 1798 locst
449 1761 486 1798 αν
505 1760 533 1798 τι
556 1695 713 1852 δύνανται,
740 1735 788 1798 καὶ
815 1730 899 1798 αυτοὶ
917 1727 1171 1816 μετέρχονται·’
1160 1756 1171 1792 ι
1173 1752 1317 1813 μνευοιτες

86 1832 124 1897 δὲ
149 1859 210 1918 παρ
250 1832 364 1900 ἑαυτῶν
392 1833 568 1923 ἀνευρίσκειν
593 1862 650 1921 spe
675 1860 729 1900 του
757 1833 903 1922 σφετέρου
926 1836 1004 1899 θεοῦ
1019 1829 1128 1918 φύσιν,
1152 1829 1314 1914 εὐποροῦσι,

84 1933 137 2000 δαὶ
163 1930 201 2000 tri
231 1936 377 2016 συντόνως
405 1936 594 2025 ἠναγκάσθαι
624 1934 702 2024 πρδς
723 1936 777 2002 cdv
797 1934 872 2005 θεὸν
892 1935 1022 2022 βλέπειν·
1045 1936 1097 1999 καὶ
1119 1929 1313 2018 ἐφαπτόμενοι

84 2036 178 2106 αὐτοῦ
203 2043 245 2130 τῇ
269 2039 391 2132 μνήμῃ,
420 2043 650 2124 ἐνθουσιῶντες,
674 2043 706 2118 ἒξ
726 2041 835 2106 ἐκείνου
855 2036 1038 2123 λαμβάνουσι
1058 2034 1099 2102 tri
1125 2034 1195 2123 ἔθη
1219 2038 1261 2101 κατ’
1278 2031 1309 2098 tol

84 2139 320 2227 ἐπιτηδεύματα,
354 2142 426 2210 καθ’
457 2140 526 2212 ὅσον
561 2141 689 2209 durastis
716 2144 794 2208 θεοῦ
824 2138 981 2232 ἀνθρώπῳ
1013 2147 1201 2224 μετασχεῖν·
1222 2147 1303 2200 ιιπιὶ-

80 2250 195 2308 derum
220 2257 332 2332 igitur,
360 2263 467 2311 utrum
489 2254 531 2310 od
553 2252 772 2331 philosophiam
788 2259 819 2308 et
834 2257 997 2327 imperium
1014 2253 1134 2306 noterit
1153 2250 1265 2318 υαλιτες
1282 2253 1304 2302 et

81 2349 202 2426 quando
230 2351 318 2408 illum
347 2336 504 2410 inventurn
531 2351 710 2427 dilexerint,
740 2357 821 2410 omni
847 2371 931 2428 opere
960 2348 1170 2424 contendunt,
1194 2349 1263 2406 telis
1280 2353 1311 2403 ot

81 2447 150 2518 fiet.
191 2446 239 2505 Ac
267 2456 330 2508 nisi
352 2456 442 2528 prius
468 2450 508 2508 ed
537 2451 673 2525 studium
703 2451 917 2523 increbuerint,
948 2457 1021 2505 tunc
1050 2443 1266 2505 contendentes
1280 2451 1313 2501 st

81 2546 207 2604 &eunt
234 2548 429 2629 undecunque
453 2559 598 2628 possunt,
620 2558 650 2608 st
683 2558 784 2626 sponte
804 2571 860 2607 ιαα
883 2547 1141 2628 progrediuntur.
1187 2545 1314 2603 Investi-

79 2653 190 2726 ρατιονε
208 2656 310 2705 aetem
328 2650 410 2726 apud
427 2659 518 2707 semol
533 2656 612 2727 ipsos
630 2646 693 2707 Dei
720 2655 770 2707 sui
790 2656 954 2722 naturam,
973 2646 1110 2727 gaudent
1119 2690 1129 2719 ,
1153 2643 1233 2723 quod
1252 2664 1313 2702 con·

18 2804 24 2812 ,
48 2733 51 2738 ’
81 2749 218 2801 εἰκονίου
237 2743 337 2804 Deum
359 2750 510 2827 adspicere
524 2756 620 2806 coacti
631 2750 787 2824 [κοιναῖς
808 2769 931 2825 eumque
950 2749 1095 2804 memorio
1122 2745 1314 2822 comprehen-

82 2842 200 2918 dentes,
212 2846 362 2905 divinitus
381 2847 484 2920 afflati
497 2869 533 2904 ec
549 2869 580 2906 oo
596 2854 768 2924 suscipiunt
786 2867 881 2905 mores
898 2855 928 2903 ot
946 2844 1063 2917 studio,
1080 2844 1182 2921 quood
1200 2844 1312 2923 quidem

82 2939 145 3000 Det
162 2952 315 3022 participi
335 2967 395 3005 csso
415 2945 529 3004 homini
550 2947 630 3006 licat.
652 2943 684 3027 2)
715 2946 792 3004 Haec
821 2943 901 3024 apud
928 2942 1076 3001 Platonem
1098 2942 1208 3001 amoris
1228 2940 1313 3000 disci·

81 3039 165 3120 plina
182 3055 239 3118 est,
257 3043 415 3122 eodemque
434 3045 547 3104 tramite
567 3045 660 3104 omnis
677 3043 755 3126 apud
774 3061 839 3101 eum
856 3041 1041 3141 philosophia
1060 3038 1206 3150 procedit.
1240 3039 1311 3097 -Nan

82 3139 144 3199 sive
163 3161 216 3199 nos
233 3140 286 3202 illa
303 3141 343 3201 ad
362 3143 516 3224 pulcr,um
537 3142 796 3217 siveadverum,
828 3142 890 3201 sive
917 3132 1108 3217 adjustum,
1136 3139 1201 3199 sive
1229 3135 1317 3196 denis

80 3258 138 3318 que
161 3237 199 3297 ad
226 3254 357 3299 sanctum
384 3241 576 3321 divinumque
602 3241 702 3316 ducit,
733 3241 805 3300 illnc
833 3238 931 3299 tendit
958 3251 1144 3311 constanter,
1177 3250 1209 3294 ut
1243 3256 1311 3309 nos,

80 3337 217 3417 quoadj
192 3359 207 3397 e
222 3360 254 3398 ns
272 3337 335 3398 ficri
354 3354 461 3450 potest,
489 3342 542 3400 Dei
567 3320 674 3399 similes
694 3337 810 3399 efficiat.
837 3339 979 3411 Divinum
998 3336 1076 3395 enim
1095 3332 1128 3393 id
1150 3354 1238 3394 omne
1265 3346 1308 3392 est.

84 3431 130 3498 Τό
148 3429 208 3556 γρὶρ
234 3440 363 3514 θεῖον,
356 3461 388 3499 ιιι
408 3439 549 3500 Ρλαιιίνο
570 3439 669 3498 statuit
689 3437 836 3513 Socrates,
856 3426 963 3512 καλον,
985 3454 1098 3514 σοφον,
1119 3426 1248 3523 α’γαθον
1268 3429 1311 3492 καὶ

80 3536 140 3599 πιῖν
165 3562 182 3600 o
209 3563 237 3601 τι
259 3542 390 3605 τοιοῦτο·
402 3539 434 3623 3)
464 3565 496 3603 ac
526 3543 681 3603 Dictimc
673 3565 707 3602 ιιι
733 3541 906 3622 Symposio,
935 3553 968 3598 ut
998 3534 1052 3597 ad‘
1056 3536 1193 3618 pulcrum
1212 3535 1311 3596 eduxit

79 3641 241 3719 Socr‚atem
262 3643 396 3711 ἐνταῦθα
420 3648 477 3712 τοῦ
498 3647 580 3730 βίον,
601 3649 661 3725 ait,
683 3641 710 3712 ol
731 3646 796 3730 φίλε
821 3639 1019 3728 Σώκρατες,
1008 3638 1088 3723 εἴπερ
1111 3663 1173 3702 που
1190 3630 1308 3713 αλλοθι,

79 3741 190 3828 βιωτον
210 3737 382 3838 οἷνθραὶπῳ,
406 3747 617 3873 θεωμένιρ
577 3776 650 3816 αοτο
675 3776 709 3814 το
703 3744 825 3812 καλόν.
842 3750 874 3832 4)
924 3790 927 3795 ·
974 3810 977 3815 .

90 3844 226 3912 Sed
207 3845 346 3931 ομοιώσει
376 3854 445 3916 θεαῖ
474 3879 547 3919 κατα
579 3878 614 3919 το
647 3850 775 3918 δυναταν
800 3851 873 3934 quid
902 3849 1074 3933 spectaverit
1102 3847 1203 3924 Plato,
1227 3861 1307 3906 uter

81 3958 159 4017 omni
186 3960 247 4037 ejus
276 3953 408 4017 doctrina
434 3971 530 4041 patet,
551 3960 779 4049 itatperspicere
808 3963 892 4023 nobis
912 3962 1035 4022 maxime
1051 3981 1087 4020 ex
1107 3961 1171 4040 ejus
1195 3959 1307 4019 li'nsooo

115 4217 140 4270 ll
158 4219 265 4271 Plieedr.
281 4219 332 4272 250
348 4219 377 4273 G.
408 4220 455 4274 cr.
473 4222 552 4274 lotitia
568 4239 594 4291 p.
614 4223 648 4276 5⁰
665 4242 721 4295 sqq.

112 4303 141 4371 θ)
158 4307 220 4358 Eod.
237 4305 289 4359 252
299 4307 330 4359 Ε.

112 4379 332 4446 tumesco.
494 4412 496 4417 ·
579 4428 582 4435 -

113 4481 139 4544 l,
157 4480 238 4549 Spmp.
255 4478 304 4532 211
325 4479 354 4533 0.
370 4479 401 4533 Ι).
420 4481 497 4534 lsits‘a
510 4497 536 4550 p.
555 4479 613 4534 439.
