2796 5048
648 249 701 308 ltl

53 436 87 481 et
104 421 221 481 ratione
252 403 321 478 'vim
338 418 401 493 ejus
424 412 576 472 sublimem
600 410 734 470 tollamus
758 409 854 490 plane.
895 411 1123 492 decipiendum,
1143 426 1176 472 ut
1193 416 1280 474 inter·
1369 396 1393 427 '⁴

57 533 188 601 pretatus
218 513 383 576 Aristoteles
410 530 469 574 est:
492 503 532 583 ὠς
553 502 624 584 ὄψις
646 506 678 568 ἐν
699 501 869 594 ὀφθαλμῷ,
890 508 958 583 rotie
977 507 1009 570 ἐν
1029 509 1129 596 ψυχῇ.
1152 500 1182 594 l)
1200 514 1281 574 Plato

58 615 218 677 lectoribus
235 612 324 675 verbo
341 633 424 694 saepe
442 611 636 693 significavit,
656 632 728 689 quae
743 611 798 691 ipsi
819 612 975 686 sentirent,
995 612 1194 688 adverterent,
1213 634 1281 693 quo·

56 736 113 795 que
132 713 263 773 melioris
280 724 373 769 essent
391 710 521 789 ingenii,
543 732 575 769 eo
595 710 712 790 plenius
730 708 929 788 perciperent:
950 710 1174 790 necquidquam
1193 712 1282 791 magis

56 811 215 894 interpreti
233 808 471 884 carendum-est,
484 796 576 888 ''quam
597 829 633 866 ne
653 807 799 887 explicare
818 806 947 882 studeat,
968 808 1046 887 quod
1069 810 1130 890 ipse
1157 808 1281 889 philoso-
1330 821 1333 831 '

51 909 132 991 phus
151 908 300 990 explicare
318 907 366 967 vel
391 929 451 966 nou
470 908 565 991 potuit
583 905 631 967 vel
655 906 739 964 etiam
758 902 826 963 data
844 905 929 986 opera
949 905 1053 966 noluit.
1079 906 1283 987 Relinquenda

18 1050 25 1061 .
52 1020 98 1067 est
115 1005 275 1066 lectoribus
294 1006 325 1063 in
344 1004 443 1064 multis
461 1008 584 1081 caussis,
606 1024 691 1083 quam
719 1003 755 1060 iis
774 1002 854 1061 Plato
881 1002 999 1082 reliquit
1021 1002 1198 1084 prudenter,
1218 1024 1280 1064 sen·

54 1102 172 1179 tieudi,
192 1102 373 1184 suspicandi,
388 1101 602 1182 diuinandique
619 1101 755 1174 libertas,
775 1119 847 1178 quae
865 1122 908 1159 res
923 1121 991 1160 sane
1004 1100 1175 1182 philosopho
1193 1100 1282 1183 plena

57 1215 112 1269 est.
120 1202 289 1281 voluptatis.
330 1199 388 1259 Sed
406 1200 486 1260 haud
504 1203 564 1260 scio
582 1198 734 1278 equidem,
755 1220 793 1257 en
812 1196 889 1257 idem
908 1198 1004 1274 illud,
1025 1201 1058 1258 in
1077 1213 1136 1260 toto
1154 1201 1208 1261 hoc
1228 1216 1309 1261 ne-·

61 1287 137 1378 gotio
153 1313 271 1374 nostro,
292 1300 420 1358 omnium
438 1300 475 1358 sit
492 1297 710 1358 difficillimum.

12 1568 15 1573 Ι
83 1520 87 1525 ·
167 1490 1180 1577 Q-utdeetdocoratsevodauacevrtayiSocratica·

10 1748 12 1771 ÷
73 1722 77 1731 ·
110 1692 169 1751 Post
184 1691 299 1770 longam
317 1691 393 1749 hauc
407 1692 444 1751 de
463 1690 601 1752 discendo
620 1691 873 1771 cognoscendaque
893 1673 1136 1773 disputationem,
1157 1695 1285 1754 redimus

82 1788 181 1849 taudem
198 1788 236 1848 ad
255 1787 377 1848 Socratis
394 1802 422 1847 et
437 1788 586 1853 ,Theodori
606 1811 671 1848 cum
691 1789 844 1848 Theaeteto
859 1808 1018 1866 se1·m0nes;
1041 1790 1081 1848 sic
1099 1803 1194 1848 autem
1208 1791 1283 1851 redi·

85 1905 147 1961 mus,
166 1900 197 1946 ut
216 1888 271 1946 rite
289 1907 368 1946 nunc
381 1887 522 1945 instructi
547 1891 695 1968 paratique
713 1882 881 1968 μαιευτικῆν
899 1889 1091 1961 Socraticam,
1111 1908 1196 1966 quam
1223 1903 1286 1949 tum

10 2021 17 2055 :
88 1997 132 2042 erat
145 1983 272 2045 Socrates
299 1982 476 2059 traditurus,
497 2006 576 2055 nunc
604 1988 743 2067 possimus
770 1990 891 2048 interius
918 1987 1087 2068 perspicere.
1127 1986 1218 2062 Nam,
1248 2007 1286 2046 ne

10 2068 57 2148 η’,
89 2078 141 2140 haec
156 2095 211 2142 tota
231 2103 283 2143 nos
302 2082 420 2156 lateret,
441 2097 569 2142 constare
588 2083 712 2145 debebat
729 2086 765 2146 de
783 2098 884 2146 natura
902 2085 992 2144 animi
1012 2082 1111 2158 nostri.
1142 2084 1200 2157 Qui
1218 2105 1287 2144 sane

21 2206 59 2244 ε
90 2177 120 2252 si,
136 2193 164 2238 ut
179 2180 279 2240 multis
297 2180 424 2262 placuit,
445 2201 552 2240 vacuus
574 2166 651 2242 'esset
676 2185 755 2265 ipse,
775 2185 953 2242 extrinsecus
972 2194 1065 2261 autem
1092 2200 1143 2261 per
1169 2202 1287 2258 sensus,

10 2285 62 2353 inp
90 2287 201 2356 tauquam
221 2278 431 2353 infundibula,
453 2300 550 2337 omnes
568 2281 696 2338 omnium
712 2302 806 2340 rerum
824 2283 954 2342 notiones
964 2280 1122 2360 acciperet,
1143 2278 1288 2361 Sophiste·
1354 2315 1358 2323 ·

15 2358 62 2453 a}
91 2393 139 2435 rum
153 2377 335 2458 probaremus
353 2377 467 2450 studia,
488 2379 537 2455 qui
557 2378 612 2458 ipsi
633 2379 794 2438 doctrinam
812 2382 846 2439 in·
858 2382 1000 2458 juvenum
1011 2378 1121 2437 animos
1131 2379 1287 2442 infundere

10 2474 61 2553 η’
91 2471 300 2550 pollicebantur,
321 2475 444 2534 Socratis
462 2496 530 2536 vero
548 2474 753 2556 disciplinam,
772 2500 832 2537 non
852 2477 918 2537 dico
935 2476 1055 2557 probare
1073 2477 1286 2555 autadmirari,

10 2560 63 2641 achi
92 2568 130 2628 sed
150 2595 182 2633 ne
210 2572 374 2653 intelligere
401 2573 523 2653 quidem¹
544 2593 698 2655 possemus.
740 2577 824 2636 Nunc
850 2597 901 2635 nos
920 2575 1062 2635 Socratem
1082 2588 1110 2632 et
1138 2574 1287 2635 Platonem
1319 2620 1326 2629 .

10 2670 60 2753 ng*
92 2672 178 2748 muti,
205 2672 291 2758 aliter
320 2671 357 2731 de
384 2671 479 2730 animo
512 2684 611 2731 nostro
638 2674 801 2733 existimare
821 2673 995 2745 didicimus,
1016 2692 1075 2729 non
1098 2674 1233 2732 tabulam
1250 2674 1287 2732 ll·

10 2758 57 2844 ,a
93 2761 139 2826 ltu
153 2792 253 2830 recum
271 2791 348 2844 esse,
378 2770 446 2844 sed,
475 2770 535 2849 agri
554 2770 664 2845 instar,
695 2773 797 2831 natura
817 2771 932 2830 uberem
956 2784 983 2829 et
1009 2769 1201 2828 foecundum:
1223 2773 1289 2853 ple-

10 2864 58 2937 ἢ,
93 2870 238 2929 tamenim
257 2889 316 2927 esse
340 2868 455 2949 pulcri,
475 2866 546 2926 boni
557 2913 565 2944 ,
582 2869 671 2946 justi,
693 2870 936 2950 ipsiusveritatis
962 2868 1022 2927 sive
1048 2868 1288 2948 reminiscentiis,

91 2958 334 3041 alienationibus,
355 2968 415 3028 sive
438 2965 570 3027 sensibus
594 2967 762 3048 studiisque.
804 2969 841 3035 Et
863 2969 991 3049 prolecto
1008 2965 1075 3025 talis
1094 2980 1136 3025 est
1154 2988 1288 3047 prorsus,

12 3066 19 3075 ”
90 3076 159 3134 quem
175 3064 255 3124 Plato
277 3063 361 3123 nobis
380 3064 685 3146 spectandumdcdit,
705 3066 893 3141 Theaetetus,
914 3063 1058 3125 foecundo
1080 3065 1197 3144 ingenio
1221 3066 1288 3128 ado-¹

87 3150 199 3236 lestans,
221 3175 253 3221 ut
279 3163 451 3242 perspiceret
474 3163 620 3239 Socrates,
641 3166 770 3225 veritatis
789 3165 876 3224 illum
903 3184 996 3223 amore
1024 3161 1170 3222 ardentem
1199 3166 1290 3227 multa
1311 3178 1325 3207 ⁹

24 3332 30 3347 ‚
85 3246 184 3318 dudum
200 3261 297 3319 animo
316 3262 478 3340 concepisse
492 3264 608 3340 jamque
623 3283 721 3342 parere
736 3265 846 3342 gestire.
868 3264 925 3322 Nos
938 3283 1006 3323 vero
1016 3307 1025 3336 ,
1035 3260 1085 3340 qui
1101 3265 1290 3341 spectavimus

10 3358 28 3407 ἕ
82 3363 212 3435 puerum,
233 3358 337 3437 quidni
365 3359 521 3433 fateamur,
542 3360 600 3419 nisi
620 3358 732 3434 eidem,
753 3381 817 3418 cum
845 3361 907 3420 veri
935 3380 1048 3435 amore,
1070 3350 1193 3437 ὄργανον
1212 3361 1290 3421 illud

10 3470 20 3507 t
79 3442 138 3512 slte
154 3456 275 3535 facultas
293 3457 398 3515 inesset
416 3457 477 3515 veri
497 3457 631 3516 intuendi
649 3455 873 3534 quodammodo,
895 3478 1057 3539 progressus
1079 3461 1140 3537 ejus
1158 3460 1191 3518 in
1205 3460 1292 3518 rebus

10 3556 32 3681 h
75 3554 251 3614 geometricis
269 3574 322 3612 nec
341 3552 524 3612 Theodorum
540 3555 706 3635 praedicare
724 3576 777 3614 nec
796 3556 890 3637 ipsum
910 3555 1040 3638 probarer
1054 3557 1202 3637 potuisse?
1233 3557 1291 3616 Sed

71 3635 111 3697 Μ
132 3652 208 3732 ipsos
227 3641 369 3711 sermones
388 3651 553 3711 accedamus
570 3653 675 3712 denuo.

112 3742 305 3824 Theaetetus,
325 3748 398 3828 quid
416 3750 496 3810 istud
513 3764 602 3824 esset,
622 3752 700 3831 quod
710 3751 838 3810 Socrates
848 3750 979 3811 dixerat:
998 3761 1140 3828 partum
1162 3755 1290 3827 scilicet,

72 3826 256 3923 Theaeteto,
272 3859 431 3926 propterea
452 3851 527 3928 quod
549 3872 607 3908 non
631 3872 743 3908 vacuus
763 3873 811 3924 es,
832 3851 1061 3931 sedpraegnam
1081 3848 1113 3929 2)
1132 3872 1192 3911 non
1208 3864 1291 3923 tene-

66 3921 137 4002 hfft.
166 3946 270 4026 «Ego,
291 3948 405 4026 inquit,
426 3945 497 4025 quid
514 3947 585 4007 mihi
604 3948 758 4022 acciderit,
779 3947 863 4007 dico:
885 3968 929 4006 mc
948 3962 1040 4007 autem
1058 3952 1216 4031 parturire,
1236 3951 1291 4008 hoe

68 4035 150 4101 luid
166 4045 203 4103 sit
222 4045 332 4124 ignoro.
363 4046 437 4102 Tum
451 4043 595 4104 Socrates:
616 4059 685 4107 tune
703 4067 788 4120 vero,
809 4046 933 4120 ohone,
954 4048 1083 4125 ignoras,
1103 4048 1293 4106 Phaenaretae

70 4137 120 4188 ¹¹¹⁸
133 4162 192 4201 esse
201 4141 295 4200 lilium
302 4185 312 4215 ,
321 4141 482 4202 obstetricis
495 4164 643 4223 generosae
652 4164 787 4224 perquam
805 4159 833 4203 et
851 4147 988 4205 severae?
1000 4175 1030 4182 -
1041 4145 1150 4208 Audivi
1167 4163 1243 4203 sane.
1258 4174 1291 4183 -

74 4255 131 4283 x

134 4280 333 4289 --α--υ--υ-

79 4320 82 4325 ’
111 4342 139 4479 ἑ)
161 4352 238 4420 rapa.
257 4368 282 4418 p.
299 4350 358 4403 aaa.
376 4352 444 4418 syn.
464 4352 519 4402 val.
543 4351 613 4417 unc
632 4353 664 4402 aa
678 4353 742 4404 rut.
759 4353 792 4403 ae
804 4354 828 4403 s.
848 4352 876 4402 u.
894 4354 922 4404 v.
938 4369 963 4418 ρ.
981 4351 1021 4402 aa.

133 4434 140 4497 l
157 4438 217 4503 Sup.
234 4454 259 4503 p.
280 4436 338 4487 128.
601 4432 604 4438 ’
