2774 5048
638 224 676 285 l'l

83 404 129 471 git,
143 410 230 472 neque
247 387 304 449 ulli
323 387 411 473 lidan
430 385 533 447 babest
549 382 953 468 praeterquam-sibimetipsi,
972 384 997 442 si
1018 383 1090 464 quid
1108 386 1200 467 ipsum
1218 405 1269 469 per

83 490 272 571 eperceperit:
292 505 479 566 quaecunque
501 503 569 545 reso
587 503 639 564 per
657 480 715 543 alia
733 479 978 556 consideraverit,
989 502 1070 561 ⁸quae
1084 483 1116 543 in
1134 483 1200 545 aliis
1211 485 1270 544 alis

78 601 142 663 sunt,
160 586 260 646 horum
284 582 360 643 nihil
379 582 522 643 existimet
542 601 659 655 yerum:
680 579 751 639 haec
770 592 864 637 autem
881 599 957 653 esse,
977 600 1049 659 quae
1068 580 1159 641 oculis
1184 583 1272 642 sensi·

75 684 162 765 busque
179 696 296 766 pateant
307 727 315 756 ,
335 679 413 760 quod
440 693 534 739 autem
559 680 621 760 ipsa
638 691 754 752 cernat,
781 676 839 736 soll
853 690 947 736 mente
967 679 1087 760 percipi.
1111 677 1140 759 1)
1174 680 1272 760 ltaque

72 783 176 843 obstinet
192 779 357 864 philosophi
377 778 489 837 animus
508 774 720 856 voluptatibus,
741 773 949 856 cupiditatibus
976 789 1004 835 et
1022 776 1116 854 quoad
1133 780 1193 856 ejus
1211 778 1274 837 lieri

72 894 145 962 potest
152 925 161 956 ,
181 881 259 940 omni
284 880 403 950 affectu,
424 874 455 934 id
474 875 507 934 in
529 875 629 956 primis
648 895 770 949 cavens,
792 894 830 932 ne
849 893 982 932 sensuum
997 874 1110 951 judicio
1130 895 1174 934 res
1193 875 1275 953 diju-

71 977 171 1052 dicans,
184 975 269 1056 'quod
287 975 333 1034 his
347 973 459 1055 placet,
481 992 599 1047 verum,
620 971 698 1050 quod
717 971 870 1053 displicet,
891 970 995 1031 salsum
1012 970 1125 1041 habeat.

99 1076 218 1135 Omnino
237 1073 275 1133 ad
294 1074 428 1133 virtutem
446 1070 578 1148 vitaeque
597 1071 775 1129 sanctitatem
791 1069 911 1129 adducit
929 1068 1111 1151 philosophia
1130 1070 1276 1148 Platonis;

73 1172 111 1233 sed
126 1173 259 1231 sanctitas
278 1170 331 1230 illa
350 1180 466 1228 nonest
485 1167 736 1242 anachoretarum,
756 1167 807 1227 sed
817 1168 1070 1245 philosophorum,
1092 1169 1141 1246 qui
1162 1177 1278 1245 eapien-

73 1278 121 1329 ts'rs
137 1269 263 1331 student.
304 1265 390 1343 Quod
404 1264 534 1325 studium
548 1284 608 1324 non
624 1264 711 1342 hujus
724 1266 799 1325 ritae
816 1265 947 1324 terminis
964 1263 1083 1339 definit,
1101 1264 1151 1325 sed
1165 1266 1278 1328 futurae

74 1368 210 1448 inprimis
228 1368 305 1428 vitae
324 1363 471 1446 proprium
490 1362 643 1422 existimat.
683 1362 870 1443 Philosophos
889 1360 1004 1421 inducit
1026 1363 1066 1421 sic
1085 1383 1179 1423 secum
1198 1365 1280 1426 inri-

73 1483 120 1525 ttm
131 1463 327 1546 disputantes:
349 1459 487 1542 quamdiu
506 1461 538 1519 in
557 1480 674 1542 corpore
688 1460 883 1536 versabimur,
903 1461 1128 1539 commistusque
1141 1463 1195 1521 erit
1210 1461 1280 1524 huic

74 1560 133 1621 mlo
148 1575 176 1621 ct
188 1562 320 1644 pollutus
345 1561 460 1621 animus
483 1570 598 1632 noster,
619 1557 702 1618 nullo
721 1578 848 1638 unquam
867 1557 951 1618 modo
977 1560 1087 1636 assequi
1110 1560 1195 1621 nobis
1213 1560 1281 1622 lice·

75 1657 121 1733 bit,
153 1659 230 1739 quod
258 1660 434 1741 expetimus:
468 1650 568 1735 φαμὲν
595 1651 631 1716 δὲ
655 1655 743 1717 τοῦτο
769 1649 840 1717 εἶναι
870 1649 907 1718 td
938 1650 1061 1737 ἀληθὲς*
1098 1660 1150 1720 hoe
1179 1671 1281 1720 eutem

76 1777 121 1815 este
135 1758 261 1816 dicimus
280 1779 395 1816 cmm.
416 1752 448 1836 2)
468 1756 544 1816 Mori
564 1757 669 1817 iccirco
688 1760 826 1840 cupiunt:
848 1772 909 1818 tum
923 1759 1018 1831 enim,
1038 1758 1195 1835 inquiunt,
1215 1756 1281 1839 puri

78 1852 252 1935 immunesque
274 1877 291 1915 a
318 1875 452 1915 sensuum
470 1855 650 1935 corporisque
669 1855 832 1933 dementia,
857 1876 923 1915 cum
942 1854 1068 1930 talibus,
1090 1868 1121 1914 ut
1134 1869 1281 1917 consenta-

79 1971 147 2011 neum
171 1967 231 2028 est,
262 1953 386 2044 erimus,
405 1949 454 2012 soc*
479 1944 661 2031 γνωσόμεθα
686 1948 725 2014 ds'
748 1948 836 2035 ἡμῶν
861 1948 960 2014 αὐτῶν
983 1950 1042 2012 πᾶν
1066 1947 1102 2013 to'
1130 1950 1282 2036 εἰλαρινές·

80 2049 146 2111 τοῦτο
170 2045 199 2112 d'
225 2048 305 2112 ἐστὶν
329 2047 401 2127 ibose
424 2048 461 2115 td
482 2049 604 2136 ὀληθὲς.
644 2056 766 2136 Ipsique
780 2079 840 2136 per
857 2063 1046 2133 nosmetipsos
1069 2077 1151 2113 omne
1178 2078 1284 2136 cogno-

80 2171 171 2232 cemus
180 2176 296 2231 purum
309 2164 339 2213 et
352 2164 520 2215 sincerum:
540 2159 573 2215 id
592 2167 693 2214 autent
714 2178 773 2215 eoae
787 2178 910 2214 oerum
926 2155 1056 2213 videtur.
1077 2153 1192 2233 Impuro
1206 2155 1284 2213 enim

81 2267 163 2326 purum
180 2254 319 2332 attingere
338 2274 399 2312 non
417 2253 529 2314 licitum
549 2268 600 2315 cst.
625 2251 657 2335 3)
685 2255 785 2333 Itaque
798 2255 878 2314 Plato
896 2255 1010 2313 futurae
1025 2252 1102 2311 vitae
1118 2251 1285 2312 felicitatem

82 2345 196 2408 hemme
212 2351 391 2431 potissimum
403 2354 483 2411 cerni
500 2366 597 2413 censet
613 2361 710 2430 ipsius
727 2360 793 2411 ceri
812 2350 971 2434 spectandi.
1012 2350 1134 2411 Animus
1152 2351 1176 2408 si
1194 2370 1284 2431 purus

82 2461 212 2528 tcorpore
234 2447 380 2523 discedit,
401 2449 478 2509 nihil
497 2471 535 2509 ex
556 2472 590 2510 eo
614 2461 709 2510 secum
733 2451 868 2525 trahens,
888 2451 995 2531 quippe
1023 2468 1146 2526 quocum
1173 2449 1205 2506 in
1226 2449 1287 2509 vita

33 2588 36 2601 .
85 2542 177 2604 nullum
206 2545 310 2605 lubens
334 2549 532 2609 commercium
551 2549 699 2625 habuerit,
720 2546 770 2607 sed
793 2549 899 2630 fugerit
921 2535 1015 2621 illud,
1036 2566 1121 2623 seque
1139 2546 1233 2626 ipsum
1252 2546 1286 2605 in

33 2696 36 2717 ἰ
84 2657 105 2697 tt
119 2643 278 2724 collegerit,
299 2658 396 2726 utpote
421 2647 489 2706 huic
519 2667 629 2728 semper
659 2647 700 2705 rei
729 2645 901 2705 studens-
927 2645 959 2704 id
982 2657 1077 2703 autem
1099 2642 1176 2701 nihil
1203 2641 1286 2702 aliud

33 2726 36 2739 ¹
85 2750 130 2813 est,
145 2742 200 2801 nisi
223 2756 299 2801 recte
328 2742 525 2825 philosophari
554 2778 586 2788 -
614 2743 654 2802 sic
683 2745 771 2824 igitur
799 2764 828 2803 se
851 2743 961 2802 habens
987 2743 1100 2802 animus
1127 2759 1285 2820 corpusque

33 2840 36 2845 ’
85 2834 255 2918 relinquens,
280 2838 319 2898 ad
341 2840 420 2900 istud
444 2828 592 2927 proc-edit,
617 2841 700 2927 quod¹
719 2843 774 2923 ipsi
800 2855 841 2900 est
865 2840 958 2900 simile
977 2861 1030 2899 nec
1058 2850 1150 2921 potest
1171 2835 1287 2911 videri,

34 2962 37 3019 ᾗ
85 2929 216 3011 ditinum,
237 2936 415 3013 immortale,
435 2939 563 3019 sapiens:
584 2960 641 3018 quo
659 2953 691 3001 ut
708 2940 890 3020 pervenerit,
911 2937 1011 2997 licebit
1029 2936 1075 2996 illi
1102 2935 1186 2994 beato
1209 2953 1288 3009 esso,

34 3032 36 3043 '
85 3047 157 3092 errore
166 3079 175 3109 ,
196 3035 330 3108 inscitia,
350 3049 444 3109 metu,
457 3036 534 3095 ieris
552 3036 695 3097 amoribus
712 3037 885 3115 caeterisque
902 3036 985 3095 malis
998 3033 1132 3095 humanis
1151 3030 1287 3107 liberato,

86 3140 152 3207 utque
175 3131 212 3191 de
241 3131 364 3192 initiatis
392 3133 518 3208 dicitur,
539 3155 569 3193 re
594 3155 661 3195 vera
683 3157 735 3216 per
763 3153 882 3221 sequeus
901 3148 1012 3215 tempus
1038 3151 1121 3191 omne
1139 3151 1205 3188 cum
1224 3129 1288 3188 Diis

42 3302 47 3317 ι
87 3225 155 3288 viret.
184 3225 216 3309 t)
246 3229 333 3289 Unde
352 3229 470 3290 ductum
490 3232 750 3313 explicandumque
773 3247 814 3292 est
833 3231 979 3292 Ciceronis
1006 3228 1101 3305 illud,
1122 3227 1199 3308 quod
1222 3240 1289 3286 ante

86 3338 112 3379 ex
130 3325 279 3386 Hortensio
302 3328 467 3387 attulimus:
496 3326 561 3389 usic
576 3331 797 3390 existimandum
812 3344 853 3390 est
863 3374 872 3405 ,
892 3349 948 3407 quo
967 3328 1054 3406 magis
1070 3326 1160 3386 aminsi
1180 3324 1290 3382 fuerint

87 3436 175 3503 semper
195 3425 227 3483 in
246 3444 296 3482 suo
315 3445 400 3484 cursu
411 3470 419 3500 ,
440 3425 472 3485 id
492 3441 550 3502 est,
570 3428 602 3486 in
622 3429 732 3487 ratione
750 3442 778 3487 et
796 3425 989 3506 investigandi
1009 3423 1167 3506 cupiditate
1187 3420 1288 3480 -hoc

88 3511 112 3573 iis
128 3519 282 3580 faciliorem
311 3521 477 3582 adscensum
504 3537 531 3583 et
555 3525 677 3585 reditum
702 3526 735 3585 in
752 3525 862 3584 coelum
881 3527 949 3585 fore.
962 3548 976 3580 o
1001 3518 1032 3602 5)
1062 3524 1122 3581 lmo
1142 3521 1288 3580 verucola

89 3627 186 3677 uturae
211 3619 375 3697 cognitione
395 3634 422 3680 et
442 3622 560 3681 scientil
580 3636 637 3681 tam
656 3623 806 3683 hominum
825 3637 887 3704 post
904 3636 1040 3695 mortem,
1060 3640 1143 3700 quam
1166 3619 1291 3679 Deorum

89 3726 198 3774 constare
217 3714 444 3792 beatitudinem,
466 3721 497 3779 in
516 3720 613 3779 eodem
636 3742 719 3802 opere
733 3721 883 3781 contendit
900 3722 1016 3780 Cicero:
1041 3721 1088 3778 «si
1108 3718 1208 3790 nobis,
1225 3736 1291 3775 cum

89 3822 114 3865 ⁶¹
135 3812 185 3872 hac
210 3813 269 3873 vita
298 3815 546 3893 emigraverimus,
575 3820 607 3878 in
634 3808 780 3879 beatorum
802 3818 905 3879 insulis
932 3817 1090 3878 immortale
1117 3837 1237 3889 aeuum,
1258 3827 1290 3875 ut

90 3900 185 3970 fabulae
204 3912 303 3970 ferunt
313 3957 321 3985 ,
343 3912 443 3993 degere
462 3915 577 3989 liceret,
597 3917 669 3996 quid
695 3938 766 3998 opus
794 3931 864 3991 esset
888 3915 1069 3996 eloquentis,
1090 3935 1154 3974 cum
1176 3912 1289 3991 judicia

118 4087 137 4150 1)
152 4093 242 4144 Phoed.
259 4091 301 4144 83.
319 4094 356 4145 Α.-

117 4170 137 4236 2)
153 4179 210 4228 Eos.
227 4177 269 4229 66.
288 4178 317 4229 Β.

119 4255 139 4321 3)
154 4263 211 4314 [lod.
229 4261 270 4314 67.
289 4263 320 4315 Α.

121 4339 140 4403 u
155 4347 211 4399 sss.
228 4347 270 4399 so.
289 4349 320 4400 s.

52 4424 56 4429 ’
123 4424 142 4489 5)
157 4447 179 4496 u.
194 4432 234 4484 37.
