2774 5048
1274 229 1306 273 ΧΙ

94 392 145 472 Quo
163 403 192 452 in
214 416 248 453 re
265 413 370 453 verear
390 415 426 450 ne
452 400 515 451 sint
544 414 619 471 quae
639 393 840 470 displiceant:
853 395 962 468 fateor
986 392 1203 472 difficillimum
1221 416 1307 475 nego·

91 534 154 584 hum
161 529 282 602 fuisse,
303 503 431 585 modum!
442 532 490 583 ita
507 545 625 610 semper
642 545 782 599 serrare,
802 535 839 583 ut
857 533 997 585 constcus
1017 534 1093 585 esset
1114 545 1219 584 rerum
1244 545 1306 585 ma·

90 665 224 716 simarum
251 668 281 717 et
298 665 558 739 gravissimarum
581 659 813 717 animadversio.
845 655 907 716 Nec
927 667 1028 717 tomen
1053 665 1148 716 totius
1171 658 1306 734 disputa·

91 796 164 848 tionis
172 791 305 849 ordinem
325 793 481 848 verborum
500 791 647 848 brevitate
666 789 904 849 contrahendum
923 790 1000 847 mihi
1011 787 1168 849 essedum.
1198 787 1239 847 ld
1252 793 1305 867 qui

35 933 37 936 ’
92 940 162 978 ome
185 923 256 993 fieri
281 891 456 998 potuisset?
486 928 555 999 quis
572 919 775 999 postulasset?
804 927 856 979 cui
882 929 1011 1001 gratum
1027 920 1194 996 fecissem?
1233 918 1306 1000 Ipsa

92 1051 192 1130 legenda
216 1060 306 1128 sunt,
327 1075 403 1132 quae
416 1054 543 1129 fluxere
569 1074 605 1112 ea
623 1055 777 1111 diuturna
797 1074 902 1111 rerum
923 1063 1230 1131 argumentorumque
1249 1074 1306 1111 me·

15 1269 20 1279 Ι
91 1183 233 1244 ditatione:
263 1193 331 1262 ipsa
349 1186 481 1263 petendu
509 1194 564 1245 est-
577 1193 606 1244 et
632 1187 831 1264 percipienda
860 1191 1052 1263 expositionis
1081 1193 1176 1258 ratio,
1199 1191 1306 1243 viatica

91 1324 212 1375 emmonis
232 1317 414 1392 facilitate,
446 1317 663 1394 simplicitate,
694 1323 914 1389 concinnitate,
943 1324 972 1374 si
1003 1326 1166 1395 quoquest
1191 1325 1305 1394 impetu

90 1446 153 1505 houd
171 1470 242 1507 raro
260 1453 402 1528 insignis.
436 1435 518 1526 Quae
540 1448 659 1525 quidem
677 1468 740 1506 una
759 1454 840 1505 ratio
859 1457 921 1521 est,
943 1469 1004 1527 qua
1025 1471 1082 1507 uon
1110 1449 1204 1506 solum
1222 1457 1313 1528 ingen

91 1586 136 1637 niis
156 1587 260 1659 parati
271 1625 279 1655 ,
302 1580 352 1639 sed
371 1582 481 1639 imbuti
500 1587 613 1639 animis
633 1581 674 1638 ad
697 1589 777 1637 recto
797 1580 955 1659 legendum
974 1582 1144 1654 Platonem,
1167 1587 1220 1657 qui
1239 1586 1306 1655 ejus

90 1731 133 1770 esse
154 1715 280 1772 studiosi
308 1714 420 1787 velint,
442 1713 597 1771 accedant.
638 1711 754 1790 Easque
782 1714 815 1770 hi
841 1735 855 1770 e
886 1714 1010 1770 lectione
1040 1713 1097 1771 illa
1125 1720 1190 1770 sine
1217 1712 1305 1770 dubio

82 1844 194 1913 fructus
213 1849 344 1920 ferent,
365 1864 493 1921 quorum
523 1845 689 1901 ubertatem
711 1865 769 1900 non
797 1846 922 1903 latuisse
948 1865 993 1901 eos
1021 1851 1227 1922 cognocimus,
1249 1850 1304 1922 qui

81 1981 227 2048 juventute
246 1985 458 2054 perceperunt.
489 1973 599 2054 Itaque
610 1977 765 2050 fauebunt
795 1976 887 2063 mihi,
909 1995 1011 2052 spero,
1034 1965 1217 2051 quicunque,
1234 1995 1305 2053 por·

64 2083 66 2086 .
85 2107 153 2168 lectis
171 2109 194 2167 I
196 2118 236 2167 ni
243 2116 274 2166 ti
280 2115 293 2164 i
299 2130 328 2182 s,
349 2129 441 2185 quum
461 2109 589 2166 recolere
609 2109 733 2186 singula
751 2110 865 2187 sibique
885 2117 983 2166 mente
1001 2128 1116 2165 omnem
1136 2127 1242 2164 rerum
1260 2129 1304 2166 co·

80 2248 150 2314 pom
171 2262 335 2318 proponere
358 2248 503 2317 cupiant,
525 2243 644 2320 aliquid
664 2243 791 2300 subsidii
809 2248 958 2317 puratum
978 2240 1133 2312 videbunt,
1155 2261 1210 2317 quo
1237 2239 1315 2317 phi·-

81 2371 284 2449 losophicarum
301 2374 548 2449 disquisitionum
571 2375 628 2430 sibi
647 2362 792 2432 memoria
810 2381 1015 2447 instauretur.
1047 2370 1200 2429 Lubenter
1220 2377 1300 2428 enim

79 2521 101 2558 se
109 2511 295 2582 interrogari
309 2512 474 2580 potientur
483 2549 492 2579 ,
512 2513 547 2561 ut
565 2505 648 2582 opud
657 2513 785 2561 suentem
797 2510 929 2576 constet,
951 2524 1025 2561 num
1046 2506 1120 2582 quid
1136 2508 1302 2580 praeterie-

77 2645 113 2691 m
145 2645 202 2693 out
235 2638 416 2716 aufugerit,
449 2638 525 2714 quod
552 2638 795 2707 animadvertere
818 2656 852 2692 ac
880 2642 982 2693 tenere
1006 2643 1202 2711 oportuisset,
1229 2655 1302 2691 uum

76 2789 125 2844 qua
145 2775 425 2844 secusaccsperiut‚
449 2789 522 2824 uum
538 2773 679 2825 initiatos
697 2774 815 2825 omnino
835 2788 864 2825 se
885 2773 1020 2823 sentiant
1041 2767 1082 2823 ool
1099 2775 1214 2822 rectam
1234 2772 1301 2822 uni·

75 2921 168 2959 corsae
183 2900 389 2976 philosophiae
408 2901 582 2958 Platonicae
607 2900 855 2978 intelligentiam.
900 2895 996 2975 Quam
1015 2895 1232 2974 philosophiam
1252 2898 1314 2954 uhi⁴

75 3033 184 3110 legendo
215 3038 404 3108 potissimum
434 3031 560 3090 Platone
580 3033 702 3106 fontem
739 3052 844 3088 rerum
876 3038 1059 3108 optimarum
1093 3035 1300 3108 cognoverint,

73 3175 189 3241 gratum
206 3169 267 3221 erit
282 3184 375 3240 porro
395 3169 582 3243 inuestigare
591 3208 600 3238 ,
622 3184 697 3240 quae
713 3170 810 3241 ipsius
824 3162 990 3239 philosophi
1007 3162 1170 3238 praeclaro
1188 3168 1302 3218 merita

69 3297 204 3370 suerint,
227 3297 330 3372 qualia
350 3304 475 3352 conatus
485 3305 717 3372 consecutusque
734 3301 796 3364 sit,-
818 3303 908 3371 atque
916 3339 924 3366 ,
943 3302 979 3349 ut
989 3300 1045 3349 uni
1055 3299 1155 3350 omnia
1166 3294 1301 3349 tribuere

75 3439 207 3502 caueant,
228 3447 403 3504 comparare
418 3435 447 3484 ei
460 3434 648 3503 praesertim
660 3427 805 3502 juvabit,
827 3432 880 3502 qui
899 3434 970 3482 ante
990 3445 1056 3481 eum
1078 3431 1108 3481 et
1121 3433 1190 3501 post
1210 3430 1299 3481 easti-

22 3544 24 3546 .
75 3521 170 3618 terunt
190 3566 374 3618 eximiarum
396 3560 521 3617 laudum
543 3549 629 3632 sccii,
653 3555 809 3616 Socratem
829 3566 858 3614 et
875 3554 1080 3614 Aristotelem.

107 3690 213 3770 Itaque
233 3692 333 3748 altera
352 3690 423 3748 haec
443 3693 537 3748 euihit
556 3689 579 3747 I
582 3696 621 3747 ui
627 3696 728 3747 tioru
736 3688 891 3762 mediiis,
911 3697 1001 3765 etque
1023 3695 1056 3744 in
1077 3692 1186 3743 manus
1204 3683 1301 3742 homi-

41 3849 43 3854 *
75 3843 137 3882 num
151 3830 310 3902 perveniet
317 3845 331 3892 ;
345 3825 473 3898 formet,
496 3845 552 3881 non
569 3822 887 3895 malerie‚dissimilis
904 3827 1014 3898 priori.
1047 3817 1127 3876 Num
1143 3837 1300 3893 perpauca

73 3967 183 4014 mutatu
211 3965 298 4031 sunt,
330 3956 477 4013 nonnullo
507 3955 630 4029 addita,
654 3963 765 4011 cuncta
789 3955 824 4011 ab
851 3957 949 4029 ipsius
977 3955 1113 4010 auctoris
1142 3948 1300 4005 industria

70 4091 207 4163 prosecta.
239 4087 340 4145 Meum
358 4087 439 4144 nihil
458 4096 515 4162 est,
537 4107 630 4164 neque
646 4107 706 4143 esse
724 4092 824 4162 potuit
840 4091 967 4159 praeter
983 4087 1183 4139 memoratum
1199 4098 1299 4158 argu-

72 4230 230 4280 meatorum
247 4220 392 4294 indicem,
413 4225 555 4276 criticam
579 4219 711 4276 locorum
731 4217 920 4295 quorundam
944 4215 1169 4272 Platonicorum
1188 4232 1224 4286 uc
1247 4209 1300 4269 Ci-

71 4359 293 4410 ceronianorum
313 4357 578 4429 investigationem
599 4359 629 4406 et
657 4349 708 4406 hoc
734 4356 824 4406 triste
845 4347 1016 4426 praefandi
1045 4364 1165 4402 munus.
1204 4341 1300 4416 Cujus
