2774 5048
662 274 719 333 ³37

68 428 152 511 plina
169 426 353 504 doctrinam
376 450 496 509 verum,
526 448 556 492 ut
577 449 732 515 praestaret
750 437 796 496 illi
817 438 995 501 sublimitate
1023 440 1122 518 Plato,
1151 467 1209 505 non
1235 453 1301 527 poe·

68 526 137 587 ticis
156 528 349 588 tribuendum
367 533 629 611 comparationibus
648 548 709 610 est,
729 534 836 613 quibus
852 536 1014 599 identidem
1024 555 1066 599 est
1088 563 1171 602 usus:
1194 545 1303 603 factum

68 624 102 687 id
120 625 214 685 multo
234 627 323 706 magis
341 646 408 685 cum
427 641 485 688 tota
504 628 726 711 philosophiae,
747 652 834 710 quam
854 632 1004 714 prodidit,
1026 638 1117 697 forma
1136 654 1164 699 et
1193 642 1305 701 ratione

66 736 131 799 ent,
149 737 215 783 tum
231 722 349 804 placitis
366 727 489 785 maxime
510 726 546 785 de
563 729 669 805 pulcri
687 738 809 808 verique
826 753 927 791 nntore
936 777 945 806 ,
977 754 1050 811 quae
1067 737 1198 816 proxime
1218 754 1305 814 sunt,

68 834 102 881 ut
120 819 224 881 docuit
240 843 294 881 nos
310 822 454 899 Diotime,
480 845 546 883 cum
564 824 695 885 idearum
717 826 849 887 doctrina
867 833 1034 907 conjuncta.
1076 832 1173 911 Neque
1202 834 1305 895 horum

67 938 184 999 quoquc
201 919 282 1000 apud
300 918 443 981 Kantium
461 922 642 1001 quidquam3
665 923 744 1004 apud
761 925 911 986 Platonem
930 948 999 988 vero
1017 927 1094 987 idem
1125 930 1179 990 hoc
1208 953 1306 993 amo·

66 1024 134 1076 ris
150 1018 351 1098 principium,
373 1031 405 1077 ut
424 1018 590 1079 dominatur
609 1022 641 1079 in
662 1022 778 1100 ejusde
793 1045 847 1101 pu
859 1024 947 1083 lero
968 1028 1088 1105 beneq
1104 1049 1148 1085 tea
1172 1028 1304 1109 placitis,

66 1112 109 1175 lta
125 1112 318 1176 sublimitatis
337 1116 420 1175 illius
439 1129 468 1175 et
487 1118 664 1201 po'e'ticarum
682 1120 839 1200 imaginum
859 1122 924 1181 sons
944 1136 986 1182 est
1004 1126 1186 1204 praecipuus.

69 1308 630 1386 'Dadcniidea,idoarum
668 1322 847 1375 omnium
871 1324 1089 1397 principe.
1132 1320 1264 1380 Estne

357 1407 472 1468 Deua
501 1412 587 1469 etta
617 1415 726 1491 apud
756 1413 1003 1474 Platonem?

105 1604 173 1679 Quo
191 1605 282 1684 magis
300 1603 338 1662 ab
356 1604 423 1663 aliis
443 1606 625 1689 philosophis
643 1609 790 1668 Platonem
812 1609 1035 1691 distinguimus,
1066 1633 1100 1672 eo
1122 1612 1305 1695 procedimus

65 1700 154 1761 simul
174 1702 265 1781 magis
283 1703 316 1760 in
336 1703 399 1779 ejus
416 1702 549 1763 doctrina
568 1705 754 1785 explicanda.
797 1708 834 1767 Et
854 1708 1033 1787 sicquidem
1052 1724 1155 1790 sponte
1176 1712 1238 1789 jani
1266 1714 1302 1773 ad

64 1788 124 1881 nir
142 1797 200 1859 τοῦ
219 1792 342 1876 ἀγαθοῦ
361 1792 458 1873 ἰδέαν,
489 1800 527 1864 ad
547 1804 642 1882 ipsum
663 1804 806 1862 bonum
836 1805 1037 1880 escendimus,
1068 1810 1151 1886 cujus
1178 1811 1303 1869 maxime

64 1901 167 1961 caussa
195 1901 290 1958 omnis
309 1899 380 1959 haec
401 1901 486 1961 nobis
504 1914 635 1980 suscepta
654 1913 696 1958 est
720 1900 756 1959 de
788 1899 861 1959 ideis
888 1901 1071 1980 disquisitio„
1107 1904 1165 1964 Sed
1189 1904 1239 1965 htc
1267 1908 1301 1965 in

63 1998 186 2081 primis,
207 1998 240 2057 iu
267 2011 435 2077 argumento
461 2013 519 2058 tam
548 1996 657 2056 illustri
677 2018 708 2055 ac
729 1997 866 2073 sublimi,
897 1998 993 2079 ipsum
1023 2000 1172 2060 Platonem
1199 2003 1303 2062 ducem

63 2116 227 2175 sequamur.
268 2095 421 2174 Postquam
437 2096 567 2155 Socrates
583 2094 663 2174 apud
682 2115 748 2153 eum
776 2097 809 2154 in
837 2094 941 2154 iisdem
968 2098 1003 2155 de
1027 2097 1193 2175 Republica
1218 2097 1304 2159 libris

64 2192 102 2255 de
120 2195 218 2275 specie
236 2207 266 2252 ct
285 2195 424 2269 veritate,
446 2194 483 2254 de
502 2195 642 2275 opinione
663 2207 692 2251 ct
714 2194 836 2252 scientia
856 2193 979 2252 multum
1005 2195 1195 2273 disseruerat,
1214 2188 1303 2257 τόκον

64 2310 93 2351 sc
112 2290 250 2353 daturum
269 2292 335 2349 bone·
354 2290 437 2352 dicit.
484 2293 608 2371 «Ipsum
628 2292 752 2365 bonurn,
775 2291 889 2368 inquit,
911 2291 984 2369 quid
1003 2293 1060 2368 sit,
1082 2315 1167 2369 nunc,
1182 2295 1302 2373 quidem

64 2388 222 2448 mittamus.
263 2388 360 2466 Majus
379 2390 457 2447 enini
477 2408 535 2448 esse
554 2388 691 2461 videtur,
712 2408 798 2465 quam
826 2387 905 2466 quod
932 2392 1076 2467 praesenti
1106 2386 1303 2473 disputatione

63 2506 207 2566 assequar.
250 2486 325 2546 Boni
345 2506 414 2547 vero
433 2486 547 2568 proles,
567 2485 644 2566 patri
663 2484 830 2559 simillima,
851 2506 992 2563 quaenam
1012 2507 1071 2546 esse
1092 2488 1245 2567 videatur,
1277 2495 1301 2551 si

63 2584 149 2647 vobis
168 2583 282 2664 placet,
303 2583 419 2660 dicam,
440 2586 488 2644 sin
504 2585 622 2658 minus,
644 2583 807 2641 mittam-
830 2583 876 2640 Tu
895 2603 963 2642 vero
988 2583 1055 2660 dic,
1086 2606 1209 2663 quaeso:
1241 2588 1300 2649 alio

61 2698 191 2765 tempore
216 2683 308 2763 patris
334 2682 429 2743 solves
455 2682 734 2762 descriptionem-
755 2678 870 2737 Vellem
890 2680 1042 2757 equidem,
1074 2695 1106 2741 ut
1126 2703 1188 2742 eam
1205 2686 1297 2764 ipsam

62 2800 175 2863 possem
202 2779 316 2839 tradere
345 2801 453 2860 vosque
483 2780 632 2859 accipere,
663 2797 741 2852 non,
773 2789 804 2834 ut
835 2797 934 2852 nunc,
963 2776 1075 2857 prolem
1093 2793 1225 2860 tantum,
1248 2783 1300 2842 sed

63 2880 173 2939 loetum
187 2879 250 2956 jam
268 2877 359 2957 ipsius
377 2877 449 2937 boni
470 2877 637 2958 prolemque
655 2876 797 2955 accipite:
818 2888 917 2935 cavete
941 2888 1053 2952 autem,
1082 2897 1120 2937 ne
1138 2899 1189 2938 vos
1215 2883 1301 2942 invi·

61 2958 116 3037 tus·
127 2974 293 3055 decipiam,
322 2974 425 3033 salsam
455 2974 539 3034 vobis
566 2971 622 3030 lilii
652 2971 878 3052 descriptionem
906 2972 1104 3034 exhibens-
1126 2976 1300 3040 Cavebimus

62 3094 116 3154 pro
135 3071 270 3148 viribus,
293 3091 394 3133 verum
415 3068 463 3129 dic
485 3069 578 3129 modo.
590 3097 622 3110 -·
643 3069 777 3141 Faciam,
800 3068 850 3127 ubi
868 3070 993 3149 primum
1014 3072 1097 3163 vobis
1114 3074 1148 3133 in
1168 3080 1299 3138 memori·

61 3192 108 3230 arn
127 3189 321 3244 revocavero,
343 3189 450 3247 vosque
468 3166 660 3249 probaveritis
680 3186 811 3239 mecum,
841 3185 915 3244 quae
936 3182 964 3227 et
984 3170 1017 3228 in
1036 3168 1241 3251 'superioribus
1271 3190 1299 3236 et

61 3268 139 3328 alias
159 3287 364 3348 saepenumero
381 3243 460 3325 dicta
479 3280 600 3325 sunt-
620 3266 768 3339 Quaenam
787 3263 909 3324 illat-
937 3266 1042 3328 Pulcra
1067 3270 1178 3347 multa,
1207 3274 1300 3333 multa

60 3366 130 3427 item
161 3362 239 3423 bona
268 3378 297 3424 et
324 3363 440 3449 ¹singula
468 3365 509 3423 ita
537 3377 565 3423 et
595 3363 719 3422 dicimus
747 3376 777 3421 et
793 3383 923 3422 sermone
941 3363 1154 3427 definimus.—
1171 3370 1300 3430 Dicimus

54 3484 186 3545 panes:-
206 3462 295 3541 Atqui
313 3448 456 3543 ddipsum
477 3461 613 3541 pulcrum
633 3473 661 3518 et
680 3459 791 3518 bonum
808 3460 904 3539 ipsum
925 3473 953 3519 et
981 3462 1098 3538 cannia,
1128 3486 1201 3543 quae
1227 3480 1299 3529 tuuc

61 3559 208 3619 'utmulta
227 3559 376 3634 diximus,
397 3564 496 3618 rursus
520 3556 558 3616 ad
584 3576 671 3614 unam
698 3554 792 3615 ideam
819 3557 994 3632 referentes,
1015 3557 1067 3635 id,
1098 3559 1177 3637 quod
1197 3581 1301 3621 unum·

109 3646 120 3661 ⁶
182 3670 277 3733 eest,
298 3657 493 3737 appellamus:
517 3668 545 3713 et
565 3653 616 3712 illa
638 3653 755 3731 quidem
786 3653 867 3711 cerni
891 3652 1002 3711 dicimu
1064 3673 1125 3716 non
1151 3658 1299 3741 intelligi,

55 3656 234 3817 mero
253 3745 400 3834 intelligi,
432 3776 491 3813 non
515 3753 651 3812 cerni.·-
671 3751 853 3808 Omnino-
873 3751 937 3824 Quo
964 3750 1054 3830 igitur
1078 3774 1195 3832 eorum,
1225 3780 1298 3837 quae

60 3852 220 3928 babemus,
250 3842 460 3933 ldspectabilia
488 3850 657 3910 cernimus?
677 3881 712 3893 -
732 3847 860 3907 Visu—
880 3847 984 3907 Nonne
1016 3869 1031 3906 e
1072 3850 1195 3928 auditu,
1224 3876 1297 3934 quae

59 3948 225 4010 audiuntur·
243 3962 272 4008 et
292 3950 412 4031 caeteris
431 3947 563 4007 sensibus
581 3945 696 4027 singula
705 3991 714 4020 ,
735 3964 808 4023 quae
829 3945 899 4025 ipsis
914 3945 1186 4027 percipiunturl÷
1206 3950 1298 4026 Quid·

61 4026 166 4109 nii-
186 4044 337 4126 Numquid
355 4030 608 4119 animadvertisti,
628 4064 714 4122 quam
732 4043 837 4101 eximie
857 4062 927 4122 prae
945 4044 1065 4104 caeteris
1085 4045 1217 4107 sensibus
1233 4070 1297 4109 sen·

61 4166 146 4205 suum
173 4158 276 4205 auctor
304 4145 366 4206 vim
391 4142 535 4217 videndi,
565 4162 678 4222 quaque
708 4162 752 4199 res
781 4138 939 4215 videntur,
969 4142 1149 4220 perfecerit?
1168 4174 1204 4186 -
1230 4146 1297 4206 Non

61 4238 213 4323 equidem*
224 4261 406 4321 magnopere.
419 4274 451 4287 -
474 4240 522 4298 Sic
549 4261 618 4301 vero
646 4237 815 4299 considera:
846 4250 926 4296 estne
955 4237 1071 4298 auditui
1099 4260 1131 4299 ac
1153 4243 1217 4301 voci
1238 4244 1298 4303 alio

62 4360 166 4419 genere
184 4359 256 4420 opus
275 4338 313 4397 ad
332 4338 407 4412 hoc,
429 4352 460 4396 ut
479 4337 532 4396 ille
552 4335 671 4410 audiat,
700 4336 770 4394 haec
788 4333 942 4394 audiatur:
972 4357 1030 4414 quo
1049 4338 1135 4397 tertio
1160 4339 1296 4417 absente,

63 4437 114 4496 ille
135 4458 195 4497 non
220 4435 337 4509 audiet,
368 4434 438 4495 haec
466 4454 525 4493 non
554 4433 758 4493 audieturl-
778 4434 843 4491 Non
872 4445 913 4490 est
944 4451 1069 4512 opus—
1089 4436 1201 4511 Credo,
1233 4439 1298 4498 aliis

1064 4531 1103 4589 22
