2796 5048
669 244 727 310 469

59 424 182 484 sacres,
204 422 237 469 nt
255 423 283 468 et
301 409 442 490 agricolae
460 409 498 469 ad
518 410 659 470 arandum
679 410 789 483 bobus,
811 425 839 470 et
860 411 1010 472 aroliitccti
1031 411 1068 471 ad
1083 414 1307 515 'vehendam

58 511 224 573 nuteriam
239 508 399 584 jumentis,
420 523 448 568 et
466 522 591 568 textores
609 509 647 569 ad
668 530 727 566 rem
749 509 915 569 vestiariam
934 511 1062 591 pellibus
1079 533 1112 570 ac
1135 511 1210 571 lanis
1230 527 1312 574 utan-

59 618 129 671 ω.
174 608 284 668 Verum
311 627 348 665 ne
377 607 555 687 sicquidem
579 605 702 666 sufficiet
730 607 845 666 sibimet
873 607 936 687 ipsa
964 610 1084 670 civitas:
1116 610 1313 686 desiderabit,

58 728 146 789 quse
165 706 234 764 aliis
252 704 286 762 in
304 703 374 763 locis
392 718 526 764 exstant:
549 725 608 763 esse
628 706 717 784 igitur
736 719 906 764 mercatores
925 706 1054 784 aliosque
1071 709 1218 768 ministros
1229 731 1311 790 opor-

58 804 167 878 tbit,
188 803 239 882 qui
250 802 419 879 invehant,
441 804 566 882 itemque
586 803 712 862 evehant
731 803 864 882 singula:
887 803 990 880 quodsi
1016 806 1160 864 maritima
1190 807 1310 888 insuper
1368 844 1370 849 ·

58 915 235 963 {ereatura
253 901 429 979 requiritur,
450 920 509 961 esse
527 902 647 981 insuper
666 901 828 980 oportebit,
849 905 900 980 qui
927 901 1029 960 barum
1048 904 1107 961 sint
1123 924 1307 983 rerumtgna·

58 1001 105 1063 ἡ.
150 1001 301 1059 Caeterum
329 1011 358 1057 et
386 998 481 1057 forum
509 998 586 1058 adsit
614 1019 727 1060 necesse
754 1013 797 1058 est
827 1000 858 1058 in
879 999 976 1059 media
996 999 1087 1074 urbe,
1109 1000 1307 1062 et-hominum

59 1118 183 1183 genus,
203 1095 301 1175 quod,
321 1094 359 1155 ad
385 1096 442 1154 alia
463 1097 577 1176 negotia
608 1096 733 1169 inutile,
762 1097 885 1158 emendo
913 1089 1126 1176 rendendoqne
1152 1100 1311 1180 occupabi-

59 1210 139 1272 tur,
169 1208 199 1253 et
227 1214 296 1255 vero
321 1195 563 1254 mercenariorum
593 1194 773 1268 multitudo,
803 1215 877 1274 quae
897 1197 1026 1257 civitatis
1044 1196 1098 1254 erit
1114 1197 1311 1276 complemen-

62 1308 162 1357 m.»
197 1290 227 1372 l)

64 1430 71 1437 -
95 1393 171 1452 ‘ch
192 1391 339 1465 Socrates,
361 1389 480 1449 condita
496 1392 557 1468 jam
577 1390 788 1470 quodammodo
799 1387 946 1466 civitate,
960 1431 963 1436 ι
978 1411 1014 1449 ex
1035 1391 1191 1451 Adimanto
1219 1413 1311 1472 quae-

64 1492 132 1553 sit:
168 1493 275 1550 citans
297 1509 383 1562 vero,
415 1487 591 1563 Adimante,
618 1503 702 1548 aucta
727 1491 787 1566 jam
806 1491 891 1551 nobis
916 1491 1020 1551 civitas
1040 1504 1101 1564 est,
1132 1503 1164 1548 ut
1182 1491 1309 1570 perfecta

59 1588 133 1657 dici
154 1589 286 1669 possiti»
311 1587 397 1662 Quod
418 1608 484 1646 cnm
506 1610 566 1648 non
584 1601 702 1666 negaret
721 1588 773 1646 ille
785 1633 793 1661 ‚
814 1587 944 1647 Socrates
964 1588 1063 1647 denuo
1085 1609 1100 1641 n
1112 1589 1233 1649 ubinam
1239 1592 1309 1668 jam,
1348 1601 1351 1605 '

63 1686 196 1766 inquit,
216 1685 247 1769 in
267 1706 299 1744 ea
319 1705 378 1743 esse
394 1686 508 1762 justitia
527 1699 555 1744 et
575 1687 720 1762 injustitia
739 1685 856 1744 videtur
874 1700 902 1745 et
931 1706 1057 1763 quanam
1077 1707 1142 1745 cum
1162 1709 1193 1744 re
1221 1689 1308 1747 simul

62 1784 104 1847 in
115 1804 183 1842 eam
192 1784 314 1844 inducta
323 1785 356 1843 t»
381 1783 416 1842 Id
436 1804 505 1844 vero
523 1783 697 1842 Adimantus
718 1784 849 1842 nondum
860 1784 916 1842 sibi
928 1805 1065 1864 apparere
1085 1785 1208 1843 fatetur:
1234 1787 1309 1845 «nisi

62 1871 168 1957 tine,
190 1885 308 1961 inquit,
329 1880 361 1942 ἓν
389 1877 488 1942 αὐτῶν
507 1875 622 1943 τούτων
641 1881 730 1966 χρείᾳ
745 1880 809 1942 ’τινὶ
827 1883 868 1966 τῇ
888 1875 963 1962 node
991 1876 1148 1963 ἀλλήλους·
1177 1896 1210 1944 s'n
1239 1905 1309 1943 sren-

62 1990 128 2041 -dsso
155 2003 278 2057 eorum,
315 2006 391 2062 quas
416 1986 570 2059 dicimus,
601 2007 659 2043 usn
688 1994 810 2044 esserto
840 1984 926 2058 Quod
948 2004 1014 2042 cum
1042 1998 1113 2042 esset
1132 1985 1310 2064 suspicatus,

62 2078 207 2141 Socrates
226 2081 471 2142 considerandum
490 2081 544 2142 boc
563 2084 603 2142 ait
624 2082 782 2162 diligenter
802 2103 879 2156 esse,
908 2091 960 2140 bec
981 2081 1078 2141 studio
1096 2078 1312 2140 remittendum.

70 2178 201 2253 Quaerit
218 2179 308 2258 igitur
327 2179 364 2238 de
382 2181 457 2240 vitae
478 2201 591 2260 genere.
638 2182 767 2240 «Nonne
787 2180 867 2239 cibos
876 2226 885 2254 ,
906 2181 947 2238 ait
958 2226 966 2254 ,
977 2169 1091 2240 *vinum
1101 2227 1109 2256 ,
1132 2176 1310 2251 vestes,cal·

65 2296 164 2350 ceos,
194 2275 280 2336 aedes
307 2293 459 2358 parantes,
490 2293 595 2339 aestate
623 2281 682 2338 fere
713 2278 805 2354 nudi,
835 2277 929 2338 bieme
948 2298 1017 2338 vero
1037 2278 1168 2339 vestibus
1191 2275 1309 2349 induti,

63 2374 161 2457 operi
189 2374 381 2436 incumbent?
410 2377 583 2435 Nutrientur
609 2392 723 2451 autem,
753 2397 789 2435 ex
817 2376 927 2436 hordeo
947 2391 975 2436 et
997 2377 1144 2436 frumento
1163 2376 1308 2447 farinam,

68 2472 206 2551 indeque
231 2473 392 2554 praeclaras
419 2475 568 2554 placentas
593 2475 800 2548 conficientes,
829 2476 942 2555 ipsique
971 2476 1003 2544 in
1028 2475 1111 2534 lectis
1138 2494 1175 2531 ex
1193 2470 1311 2545 herbis,

64 2569 191 2631 milace
210 2585 296 2648 atque
314 2587 408 2652 myrto
428 2573 512 2631 lactis
522 2618 531 2647 ,
552 2571 784 2646 discumbentes,
817 2593 957 2630 unacum
977 2571 1077 2631 liberis
1105 2569 1310 2630 comessabun-

63 2682 137 2743 tur,
158 2669 263 2727 vinum
282 2683 429 2748 gustantes
447 2670 591 2746 subinde,
613 2671 758 2749 atquesita
777 2671 905 2729 coronati
925 2669 1050 2747 deosque
1069 2667 1308 2740 celebrantesju-

63 2764 170 2825 eunde
189 2767 334 2826 viventi»
359 2768 414 2826 Hie
435 2789 504 2828 vero
521 2767 633 2827 Glauco
651 2766 796 2850 Socratem
817 2768 967 2847 excipiens
997 2787 1011 2848 (ς
1022 2768 1101 2843 atqui
1120 2780 1172 2837 tu,
1193 2763 1308 2840 inquit,

63 2864 135 2924 sine
152 2863 273 2923 obsonio
292 2867 369 2924 viros
389 2866 540 2945 epulantes
558 2852 658 2946 lingisi
696 2867 751 2926 Cui
772 2865 921 2939 Socrates,
943 2877 1018 2922 recte
1039 2883 1155 2936 mones,
1183 2860 1307 2940 reponit.

65 2958 162 3021 Haud
189 2963 395 3038 memineram,
424 2962 575 3024 babituros
603 2985 650 3023 eos
678 2985 737 3023 esse
758 2951 929 3037 obsonium,
962 2960 1023 3036 sal,
1053 2961 1148 3034 oleas,
1175 2979 1308 3030 caseum,

64 3057 188 3119 bulbos.
229 3060 290 3118 Into
310 3080 377 3120 vero
396 3061 473 3120 olera
493 3063 528 3120 iis
547 3082 725 3142 apponemus
739 3062 775 3127 ,‘et
793 3060 917 3143 bellaria
938 3058 1076 3134 ficorum,
1097 3059 1242 3130 cicerum,
1261 3056 1308 3113 fa-

65 3156 194 3217 barum:
216 3155 318 3217 baccas
336 3173 483 3238 praeterea
502 3154 590 3239 myrti
610 3158 648 3218 ad
667 3161 763 3239 ignem
784 3157 937 3217 torrebunt
947 3204 956 3232 ,
977 3157 1113 3216 bibentes
1129 3155 1308 3227 identidem,

66 3268 99 3314 et
119 3255 162 3313 sic
182 3253 300 3333 quidem
320 3257 409 3317 vitam
431 3257 464 3315 in
482 3278 553 3337 pace
570 3278 637 3315 sane
657 3270 685 3315 et
705 3258 865 3317 incolumes
886 3256 1041 3335 degentes,
1072 3255 1152 3314 senio
1182 3251 1308 3310 confecti

65 3351 159 3415 salem
178 3351 316 3434 deinceps
336 3356 426 3415 vitam
444 3357 565 3435 posteris
584 3357 643 3436 suis
663 3357 841 3434 relinquent.
883 3353 929 3415 sd
950 3355 1021 3415 haec
1051 3367 1145 3413 autem
1175 3350 1306 3421 Glauco,

66 3448 95 3513 el
115 3446 153 3510 δὲ
171 3443 233 3514 ὑῶν
251 3445 338 3512 πόλιν
343 3499 353 3527 ,
376 3443 403 3513 ὦ
418 3447 590 3534 Σώκρατες,
620 3460 736 3535 inquit,
756 3447 963 3527 κατεσκεύαζες
971 3498 981 3526 ,
1002 3449 1033 3511 τί
1053 3445 1089 3510 o‘iv
1112 3442 1219 3520 αὐτοῦς
1236 3441 1306 3506 ἄλλο

65 3547 91 3637 ἢ
115 3550 212 3613 ταῦτα
237 3548 415 3635 ἕχόρταζες;
438 3565 465 3617 si
482 3578 660 3636 porcorum,
686 3579 701 3614 o
728 3555 888 3628 Socratas,
917 3562 1073 3612 civitatem
1100 3556 1307 3621 instituisses,

64 3658 181 3747 quibus
197 3678 244 3716 eos
259 3658 332 3716 nls's‘s
354 3660 481 3716 cibariis
502 3653 715 3734 saginassesP»
750 3651 836 3726 Quod
855 3672 921 3709 cum
941 3650 1037 3709 subito
1054 3649 1194 3720 dixisset,
1216 3644 1306 3705 efficit

65 3753 142 3816 inde
161 3754 301 3817 continuo
321 3756 467 3828 Socrates,
489 3754 600 3834 duplex
616 3755 677 3832 jam
693 3765 839 3831 repertum
857 3749 893 3808 ab
923 3750 994 3829 ipsis
1012 3766 1072 3805 esse
1102 3745 1230 3804 civitatis
1256 3766 1308 3824 ge-

66 3874 145 3929 nus,
168 3853 290 3914 alterum
308 3854 449 3934 simplicis
466 3874 498 3912 ac
519 3854 725 3932 temperantis,
745 3850 910 3908 luxuriosae
929 3846 1059 3905 alterum.
1083 3842 1115 3923 2)

109 3951 206 4010 Lectis
235 3951 314 4010 bisce
343 3953 542 4033 perceptisque
571 3951 686 4022 animo,
717 3968 790 4028 quae
808 3946 846 4005 de
866 3945 959 4004 initiis
978 3944 1106 4003 civitatis
1124 3941 1205 4000 Plato
1225 3939 1305 3998 tanti

64 4064 185 4128 tamque
205 4048 373 4108 admirabili
394 4049 535 4108 suavitate
553 4067 586 4106 ac
604 4045 759 4126 diligentia
779 4043 934 4124 exposuit,
955 4054 1074 4121 quaerat
1088 4040 1206 4099 fortasse
1225 4036 1301 4113 quis·

103 4329 628 4427 nmmnmn-mu

100 4426 445 4515 mmmm-n
559 4445 561 4448 ι
