<?xml version="1.0" encoding="UTF-8"?>
<!DOCTYPE html PUBLIC "-//W3C//DTD XHTML 1.0 Transitional//EN"
    "http://www.w3.org/TR/xhtml1/DTD/xhtml1-transitional.dtd">
<html xmlns="http://www.w3.org/1999/xhtml" xml:lang="en" lang="en">
 <head>
  <title>
</title>
<meta http-equiv="Content-Type" content="text/html;charset=utf-8" />
  <meta name='ocr-system' content='tesseract 3.04.00' />
  <meta name='ocr-capabilities' content='ocr_page ocr_carea ocr_par ocr_line ocrx_word'/>
</head>
<body>
  <div class='ocr_page' id='page_1' title='image "./initiaphilosoph00heusgoog_0132.png"; bbox 0 0 2796 5048; ppageno 0'>
   <div class='ocr_carea' id='block_1_1' title="bbox 668 223 706 284">
    <p class='ocr_par' dir='ltr' id='par_1_1' title="bbox 668 223 706 284">
     <span class='ocr_line' id='line_1_1' title="bbox 668 223 706 284; baseline -0.026 0"><span class='ocrx_word' id='word_1_1' title='bbox 668 223 706 284; x_wconf 84' lang='lat' dir='ltr'><strong>st</strong></span> 
     </span>
    </p>
   </div>
   <div class='ocr_carea' id='block_1_2' title="bbox 64 383 1312 3710">
    <p class='ocr_par' dir='ltr' id='par_1_2' title="bbox 67 383 1300 1639">
     <span class='ocr_line' id='line_1_2' title="bbox 72 383 1297 472; baseline 0.002 -28"><span class='ocrx_word' id='word_1_2' title='bbox 72 383 323 446; x_wconf 86' lang='lat' dir='ltr'><strong>commendatione</strong></span> <span class='ocrx_word' id='word_1_3' title='bbox 339 407 371 444; x_wconf 92' lang='lat' dir='ltr'><strong>ac</strong></span> <span class='ocrx_word' id='word_1_4' title='bbox 381 385 505 466; x_wconf 84' lang='lat' dir='ltr'>pedestri</span> <span class='ocrx_word' id='word_1_5' title='bbox 516 386 575 472; x_wconf 77' lang='lat' dir='ltr'><strong>sepe</strong></span> <span class='ocrx_word' id='word_1_6' title='bbox 589 386 716 444; x_wconf 87' lang='lat' dir='ltr'><strong>oratione</strong></span> <span class='ocrx_word' id='word_1_7' title='bbox 726 388 866 466; x_wconf 72' lang='lat' dir='ltr'><strong>procedit·</strong></span> <span class='ocrx_word' id='word_1_8' title='bbox 888 386 1092 469; x_wconf 80' lang='lat' dir='ltr'><strong>Apudveteres</strong></span> <span class='ocrx_word' id='word_1_9' title='bbox 1101 407 1170 447; x_wconf 77' lang='lat' dir='ltr'><strong>vero</strong></span> <span class='ocrx_word' id='word_1_10' title='bbox 1179 401 1297 466; x_wconf 89' lang='lat' dir='ltr'><strong>utraque</strong></span> 
     </span>
     <span class='ocr_line' id='line_1_3' title="bbox 73 482 1296 564; baseline 0.002 -23"><span class='ocrx_word' id='word_1_11' title='bbox 73 482 203 541; x_wconf 75' lang='lat' dir='ltr'><strong>achoris</strong></span> <span class='ocrx_word' id='word_1_12' title='bbox 232 498 298 543; x_wconf 92' lang='lat' dir='ltr'><strong>nata</strong></span> <span class='ocrx_word' id='word_1_13' title='bbox 321 498 376 558; x_wconf 90' lang='lat' dir='ltr'><strong>est,</strong></span> <span class='ocrx_word' id='word_1_14' title='bbox 396 484 554 562; x_wconf 91' lang='lat' dir='ltr'><strong>horumque</strong></span> <span class='ocrx_word' id='word_1_15' title='bbox 575 496 712 563; x_wconf 86' lang='lat' dir='ltr'><strong>perpetuo</strong></span> <span class='ocrx_word' id='word_1_16' title='bbox 730 497 758 542; x_wconf 90' lang='lat' dir='ltr'><strong>et</strong></span> <span class='ocrx_word' id='word_1_17' title='bbox 776 488 895 564; x_wconf 78' lang='lat' dir='ltr'>gratiam</span> <span class='ocrx_word' id='word_1_18' title='bbox 914 485 1013 543; x_wconf 90' lang='lat' dir='ltr'><strong>retulit</strong></span> <span class='ocrx_word' id='word_1_19' title='bbox 1031 498 1059 543; x_wconf 88' lang='lat' dir='ltr'><strong>et</strong></span> <span class='ocrx_word' id='word_1_20' title='bbox 1081 485 1296 564; x_wconf 74' lang='lat' dir='ltr'><strong>sublimitatem.</strong></span> 
     </span>
     <span class='ocr_line' id='line_1_4' title="bbox 71 561 1299 663; baseline 0.002 -23"><span class='ocrx_word' id='word_1_21' title='bbox 71 581 143 640; x_wconf 75' lang='lat' dir='ltr'><strong>Nam</strong></span> <span class='ocrx_word' id='word_1_22' title='bbox 162 580 246 641; x_wconf 91' lang='lat' dir='ltr'><strong>chori</strong></span> <span class='ocrx_word' id='word_1_23' title='bbox 273 584 402 663; x_wconf 79' lang='lat' dir='ltr'><em>agebant</em></span> <span class='ocrx_word' id='word_1_24' title='bbox 427 582 482 661; x_wconf 90' lang='lat' dir='ltr'><strong>ipsi</strong></span> <span class='ocrx_word' id='word_1_25' title='bbox 502 584 534 639; x_wconf 89' lang='lat' dir='ltr'><strong>in</strong></span> <span class='ocrx_word' id='word_1_26' title='bbox 553 580 658 639; x_wconf 88' lang='lat' dir='ltr'><strong>Bacchi</strong></span> <span class='ocrx_word' id='word_1_27' title='bbox 677 582 782 656; x_wconf 86' lang='lat' dir='ltr'><strong>sacris,</strong></span> <span class='ocrx_word' id='word_1_28' title='bbox 805 561 836 642; x_wconf 84' lang='lat' dir='ltr'><strong>rit</strong></span> <span class='ocrx_word' id='word_1_29' title='bbox 855 584 888 642; x_wconf 91' lang='lat' dir='ltr'><strong>in</strong></span> <span class='ocrx_word' id='word_1_30' title='bbox 907 582 1033 642; x_wconf 84' lang='lat' dir='ltr'><strong>Deliacis</strong></span> <span class='ocrx_word' id='word_1_31' title='bbox 1052 583 1132 643; x_wconf 81' lang='lat' dir='ltr'><strong>festis</strong></span> <span class='ocrx_word' id='word_1_32' title='bbox 1151 584 1299 659; x_wconf 88' lang='lat' dir='ltr'><strong>solebant,</strong></span> 
     </span>
     <span class='ocr_line' id='line_1_5' title="bbox 69 678 1298 762; baseline 0.004 -25"><span class='ocrx_word' id='word_1_33' title='bbox 69 693 98 737; x_wconf 84' lang='lat' dir='ltr'><strong>et</strong></span> <span class='ocrx_word' id='word_1_34' title='bbox 123 680 237 759; x_wconf 88' lang='lat' dir='ltr'><strong>pariter</strong></span> <span class='ocrx_word' id='word_1_35' title='bbox 264 700 309 739; x_wconf 89' lang='lat' dir='ltr'><strong>res</strong></span> <span class='ocrx_word' id='word_1_36' title='bbox 327 682 450 739; x_wconf 81' lang='lat' dir='ltr'><strong>Deorum</strong></span> <span class='ocrx_word' id='word_1_37' title='bbox 468 693 497 736; x_wconf 96' lang='lat' dir='ltr'><strong>et</strong></span> <span class='ocrx_word' id='word_1_38' title='bbox 514 678 664 737; x_wconf 91' lang='lat' dir='ltr'><strong>hominum</strong></span> <span class='ocrx_word' id='word_1_39' title='bbox 682 680 793 758; x_wconf 88' lang='lat' dir='ltr'><strong>agendo</strong></span> <span class='ocrx_word' id='word_1_40' title='bbox 811 680 1081 762; x_wconf 74' lang='lat' dir='ltr'><strong>repraesentabant:</strong></span> <span class='ocrx_word' id='word_1_41' title='bbox 1103 697 1131 742; x_wconf 87' lang='lat' dir='ltr'><strong>et</strong></span> <span class='ocrx_word' id='word_1_42' title='bbox 1148 683 1298 762; x_wconf 86' lang='lat' dir='ltr'><strong>quamvis,</strong></span> 
     </span>
     <span class='ocr_line' id='line_1_6' title="bbox 69 776 1299 858; baseline 0.002 -22"><span class='ocrx_word' id='word_1_43' title='bbox 69 791 189 836; x_wconf 82' lang='lat' dir='ltr'><strong>auctore</strong></span> <span class='ocrx_word' id='word_1_44' title='bbox 208 778 369 858; x_wconf 79' lang='lat' dir='ltr'><strong>Aeschylo,</strong></span> <span class='ocrx_word' id='word_1_45' title='bbox 390 776 560 836; x_wconf 82' lang='lat' dir='ltr'><strong>accederent</strong></span> <span class='ocrx_word' id='word_1_46' title='bbox 577 776 738 836; x_wconf 90' lang='lat' dir='ltr'><strong>identidem</strong></span> <span class='ocrx_word' id='word_1_47' title='bbox 757 778 929 851; x_wconf 91' lang='lat' dir='ltr'><strong>histriones,</strong></span> <span class='ocrx_word' id='word_1_48' title='bbox 952 776 981 858; x_wconf 86' lang='grc' dir='ltr'>Ι)</span> <span class='ocrx_word' id='word_1_49' title='bbox 1001 800 1058 857; x_wconf 91' lang='lat' dir='ltr'><strong>quo</strong></span> <span class='ocrx_word' id='word_1_50' title='bbox 1076 780 1148 838; x_wconf 89' lang='lat' dir='ltr'><strong>ratio</strong></span> <span class='ocrx_word' id='word_1_51' title='bbox 1166 793 1194 837; x_wconf 91' lang='lat' dir='ltr'><strong>et</strong></span> <span class='ocrx_word' id='word_1_52' title='bbox 1208 781 1299 839; x_wconf 87' lang='lat' dir='ltr'><strong>forma</strong></span> 
     </span>
     <span class='ocr_line' id='line_1_7' title="bbox 68 874 1300 958; baseline 0.002 -23"><span class='ocrx_word' id='word_1_53' title='bbox 68 876 210 935; x_wconf 76' lang='lat' dir='ltr'><strong>dramatis</strong></span> <span class='ocrx_word' id='word_1_54' title='bbox 227 876 290 935; x_wconf 83' lang='lat' dir='ltr'><strong>rite</strong></span> <span class='ocrx_word' id='word_1_55' title='bbox 319 874 434 934; x_wconf 89' lang='lat' dir='ltr'><strong>demum</strong></span> <span class='ocrx_word' id='word_1_56' title='bbox 460 874 624 933; x_wconf 41' lang='lat' dir='ltr'><strong>constituta*</strong></span> <span class='ocrx_word' id='word_1_57' title='bbox 642 888 701 950; x_wconf 90' lang='lat' dir='ltr'><strong>est,</strong></span> <span class='ocrx_word' id='word_1_58' title='bbox 722 876 825 935; x_wconf 89' lang='lat' dir='ltr'><strong>chorus</strong></span> <span class='ocrx_word' id='word_1_59' title='bbox 853 890 949 935; x_wconf 91' lang='lat' dir='ltr'><strong>tamen</strong></span> <span class='ocrx_word' id='word_1_60' title='bbox 976 877 1008 936; x_wconf 91' lang='lat' dir='ltr'><strong>in</strong></span> <span class='ocrx_word' id='word_1_61' title='bbox 1027 875 1135 935; x_wconf 82' lang='lat' dir='ltr'><strong>fabulis</strong></span> <span class='ocrx_word' id='word_1_62' title='bbox 1154 878 1300 958; x_wconf 84' lang='lat' dir='ltr'><strong>principes</strong></span> 
     </span>
     <span class='ocr_line' id='line_1_8' title="bbox 67 971 1298 1054; baseline 0.002 -22"><span class='ocrx_word' id='word_1_63' title='bbox 67 971 211 1053; x_wconf 86' lang='lat' dir='ltr'><strong>quasdam</strong></span> <span class='ocrx_word' id='word_1_64' title='bbox 228 986 322 1054; x_wconf 83' lang='lat' dir='ltr'><strong>partes</strong></span> <span class='ocrx_word' id='word_1_65' title='bbox 348 973 460 1046; x_wconf 92' lang='lat' dir='ltr'><strong>tenuit,</strong></span> <span class='ocrx_word' id='word_1_66' title='bbox 481 992 527 1031; x_wconf 87' lang='lat' dir='ltr'><strong>cas</strong></span> <span class='ocrx_word' id='word_1_67' title='bbox 549 986 624 1031; x_wconf 87' lang='lat' dir='ltr'><strong>certe</strong></span> <span class='ocrx_word' id='word_1_68' title='bbox 634 1019 642 1046; x_wconf 98' lang='lat'><strong>,</strong></span> <span class='ocrx_word' id='word_1_69' title='bbox 662 974 768 1052; x_wconf 88' lang='lat' dir='ltr'><strong>quibus</strong></span> <span class='ocrx_word' id='word_1_70' title='bbox 785 974 909 1033; x_wconf 89' lang='lat' dir='ltr'><strong>musicae</strong></span> <span class='ocrx_word' id='word_1_71' title='bbox 928 975 958 1035; x_wconf 88' lang='lat' dir='ltr'><strong>vi</strong></span> <span class='ocrx_word' id='word_1_72' title='bbox 977 988 1006 1034; x_wconf 91' lang='lat' dir='ltr'><strong>et</strong></span> <span class='ocrx_word' id='word_1_73' title='bbox 1024 973 1183 1034; x_wconf 80' lang='lat' dir='ltr'><strong>saltationis</strong></span> <span class='ocrx_word' id='word_1_74' title='bbox 1208 975 1298 1054; x_wconf 71' lang='lat' dir='ltr'><strong>gratia</strong></span> 
     </span>
     <span class='ocr_line' id='line_1_9' title="bbox 68 1070 1300 1151; baseline 0 -21"><span class='ocrx_word' id='word_1_75' title='bbox 68 1070 248 1130; x_wconf 86' lang='lat' dir='ltr'><strong>mirabiliter</strong></span> <span class='ocrx_word' id='word_1_76' title='bbox 264 1084 433 1150; x_wconf 80' lang='lat' dir='ltr'><strong>spectatores</strong></span> <span class='ocrx_word' id='word_1_77' title='bbox 448 1083 476 1131; x_wconf 91' lang='lat' dir='ltr'><strong>et</strong></span> <span class='ocrx_word' id='word_1_78' title='bbox 495 1084 621 1131; x_wconf 83' lang='lat' dir='ltr'><strong>moveret</strong></span> <span class='ocrx_word' id='word_1_79' title='bbox 638 1085 666 1130; x_wconf 92' lang='lat' dir='ltr'><strong>et</strong></span> <span class='ocrx_word' id='word_1_80' title='bbox 684 1070 848 1132; x_wconf 88' lang='lat' dir='ltr'><strong>oblectaret.</strong></span> <span class='ocrx_word' id='word_1_81' title='bbox 870 1070 1046 1132; x_wconf 87' lang='lat' dir='ltr'><strong>Constabant</strong></span> <span class='ocrx_word' id='word_1_82' title='bbox 1065 1073 1154 1151; x_wconf 87' lang='lat' dir='ltr'><strong>igitur</strong></span> <span class='ocrx_word' id='word_1_83' title='bbox 1172 1071 1300 1132; x_wconf 82' lang='lat' dir='ltr'><strong>dramata</strong></span> 
     </span>
     <span class='ocr_line' id='line_1_10' title="bbox 68 1159 1298 1248; baseline -0.001 -20"><span class='ocrx_word' id='word_1_84' title='bbox 68 1167 124 1228; x_wconf 85' lang='lat' dir='ltr'><strong>illa</strong></span> <span class='ocrx_word' id='word_1_85' title='bbox 147 1191 210 1228; x_wconf 84' lang='lat' dir='ltr'><strong>non</strong></span> <span class='ocrx_word' id='word_1_86' title='bbox 236 1168 327 1227; x_wconf 93' lang='lat' dir='ltr'><strong>solum</strong></span> <span class='ocrx_word' id='word_1_87' title='bbox 354 1169 450 1248; x_wconf 73' lang='lat' dir='ltr'><strong>poesi,</strong></span> <span class='ocrx_word' id='word_1_88' title='bbox 471 1167 521 1226; x_wconf 91' lang='lat' dir='ltr'><strong>sed</strong></span> <span class='ocrx_word' id='word_1_89' title='bbox 539 1169 647 1227; x_wconf 71' lang='lat' dir='ltr'><strong>musica</strong></span> <span class='ocrx_word' id='word_1_90' title='bbox 664 1169 749 1227; x_wconf 92' lang='lat' dir='ltr'><strong>simul</strong></span> <span class='ocrx_word' id='word_1_91' title='bbox 766 1183 795 1228; x_wconf 87' lang='lat' dir='ltr'><strong>et</strong></span> <span class='ocrx_word' id='word_1_92' title='bbox 812 1169 981 1233; x_wconf 81' lang='lat' dir='ltr'><strong>saltatione:</strong></span> <span class='ocrx_word' id='word_1_93' title='bbox 1004 1171 1061 1229; x_wconf 91' lang='lat' dir='ltr'><strong>imo</strong></span> <span class='ocrx_word' id='word_1_94' title='bbox 1082 1159 1298 1231; x_wconf 73' lang='lat' dir='ltr'><strong>musicosoca-</strong></span> 
     </span>
     <span class='ocr_line' id='line_1_11' title="bbox 69 1265 1298 1346; baseline -0.001 -20"><span class='ocrx_word' id='word_1_95' title='bbox 69 1267 182 1326; x_wconf 85' lang='lat' dir='ltr'><strong>bantur</strong></span> <span class='ocrx_word' id='word_1_96' title='bbox 207 1275 376 1324; x_wconf 78' lang='lat' dir='ltr'><strong>certamino</strong></span> <span class='ocrx_word' id='word_1_97' title='bbox 386 1305 402 1341; x_wconf 52' lang='lat'><strong>,1</strong></span> <span class='ocrx_word' id='word_1_98' title='bbox 415 1267 448 1324; x_wconf 89' lang='lat' dir='ltr'><strong>in</strong></span> <span class='ocrx_word' id='word_1_99' title='bbox 471 1265 576 1344; x_wconf 89' lang='lat' dir='ltr'><strong>quihus</strong></span> <span class='ocrx_word' id='word_1_100' title='bbox 603 1281 766 1326; x_wconf 83' lang='lat' dir='ltr'><strong>concertare</strong></span> <span class='ocrx_word' id='word_1_101' title='bbox 793 1287 889 1327; x_wconf 90' lang='lat' dir='ltr'><strong>secum</strong></span> <span class='ocrx_word' id='word_1_102' title='bbox 907 1269 1034 1327; x_wconf 83' lang='lat' dir='ltr'><strong>invicem</strong></span> <span class='ocrx_word' id='word_1_103' title='bbox 1052 1265 1182 1326; x_wconf 90' lang='lat' dir='ltr'><strong>solebant</strong></span> <span class='ocrx_word' id='word_1_104' title='bbox 1197 1267 1298 1346; x_wconf 80' lang='lat' dir='ltr'><strong>tragici</strong></span> 
     </span>
     <span class='ocr_line' id='line_1_12' title="bbox 69 1363 1298 1447; baseline -0.001 -24"><span class='ocrx_word' id='word_1_105' title='bbox 69 1371 173 1447; x_wconf 70' lang='lat' dir='ltr'><strong>poetae</strong></span> <span class='ocrx_word' id='word_1_106' title='bbox 207 1377 236 1424; x_wconf 90' lang='lat' dir='ltr'><strong>ct</strong></span> <span class='ocrx_word' id='word_1_107' title='bbox 268 1365 379 1423; x_wconf 90' lang='lat' dir='ltr'><strong>comici.</strong></span> <span class='ocrx_word' id='word_1_108' title='bbox 430 1364 502 1422; x_wconf 87' lang='lat' dir='ltr'><strong>Nam</strong></span> <span class='ocrx_word' id='word_1_109' title='bbox 531 1363 734 1437; x_wconf 87' lang='lat' dir='ltr'><strong>dominabatur</strong></span> <span class='ocrx_word' id='word_1_110' title='bbox 762 1365 849 1445; x_wconf 90' lang='lat' dir='ltr'><strong>plane</strong></span> <span class='ocrx_word' id='word_1_111' title='bbox 877 1367 909 1424; x_wconf 90' lang='lat' dir='ltr'><strong>in</strong></span> <span class='ocrx_word' id='word_1_112' title='bbox 936 1363 1016 1438; x_wconf 90' lang='lat' dir='ltr'><strong>illis,</strong></span> <span class='ocrx_word' id='word_1_113' title='bbox 1047 1363 1124 1423; x_wconf 89' lang='lat' dir='ltr'><strong>unde</strong></span> <span class='ocrx_word' id='word_1_114' title='bbox 1160 1365 1298 1444; x_wconf 81' lang='lat' dir='ltr'><strong>originem</strong></span> 
     </span>
     <span class='ocr_line' id='line_1_13' title="bbox 68 1461 1298 1545; baseline -0.003 -22"><span class='ocrx_word' id='word_1_115' title='bbox 68 1463 238 1536; x_wconf 84' lang='lat' dir='ltr'><strong>duxerant,</strong></span> <span class='ocrx_word' id='word_1_116' title='bbox 259 1470 383 1520; x_wconf 78' lang='lat' dir='ltr'><strong>musico.</strong></span> <span class='ocrx_word' id='word_1_117' title='bbox 425 1463 495 1521; x_wconf 90' lang='lat' dir='ltr'><strong>Tam</strong></span> <span class='ocrx_word' id='word_1_118' title='bbox 520 1463 575 1523; x_wconf 89' lang='lat' dir='ltr'><strong>late</strong></span> <span class='ocrx_word' id='word_1_119' title='bbox 599 1462 677 1543; x_wconf 89' lang='lat' dir='ltr'><strong>apud</strong></span> <span class='ocrx_word' id='word_1_120' title='bbox 700 1463 823 1522; x_wconf 85' lang='lat' dir='ltr'><strong>Graecos</strong></span> <span class='ocrx_word' id='word_1_121' title='bbox 845 1463 961 1545; x_wconf 91' lang='lat' dir='ltr'><strong>patebat</strong></span> <span class='ocrx_word' id='word_1_122' title='bbox 986 1462 1105 1522; x_wconf 79' lang='lat' dir='ltr'><strong>divinae</strong></span> <span class='ocrx_word' id='word_1_123' title='bbox 1123 1461 1210 1539; x_wconf 69' lang='lat' dir='ltr'><strong>bajus</strong></span> <span class='ocrx_word' id='word_1_124' title='bbox 1229 1462 1298 1520; x_wconf 86' lang='lat' dir='ltr'><strong>artis</strong></span> 
     </span>
     <span class='ocr_line' id='line_1_14' title="bbox 69 1557 402 1639; baseline -0.009 -19"><span class='ocrx_word' id='word_1_125' title='bbox 69 1563 116 1621; x_wconf 83' lang='lat' dir='ltr'><strong>vis</strong></span> <span class='ocrx_word' id='word_1_126' title='bbox 140 1575 169 1619; x_wconf 91' lang='lat' dir='ltr'><strong>et</strong></span> <span class='ocrx_word' id='word_1_127' title='bbox 192 1561 354 1618; x_wconf 87' lang='lat' dir='ltr'><strong>auctoritas.</strong></span> <span class='ocrx_word' id='word_1_128' title='bbox 371 1557 402 1639; x_wconf 84' lang='lat'><strong>2)</strong></span> 
     </span>
    </p>

    <p class='ocr_par' dir='ltr' id='par_1_3' title="bbox 64 1656 1312 3121">
     <span class='ocr_line' id='line_1_15' title="bbox 109 1656 1296 1738; baseline -0.003 -20"><span class='ocrx_word' id='word_1_129' title='bbox 109 1657 170 1718; x_wconf 83' lang='lat' dir='ltr'><strong>Sed</strong></span> <span class='ocrx_word' id='word_1_130' title='bbox 199 1659 231 1716; x_wconf 92' lang='lat' dir='ltr'><strong>in</strong></span> <span class='ocrx_word' id='word_1_131' title='bbox 254 1656 367 1731; x_wconf 82' lang='lat' dir='ltr'><strong>choris,</strong></span> <span class='ocrx_word' id='word_1_132' title='bbox 399 1658 440 1716; x_wconf 90' lang='lat' dir='ltr'><strong>uti</strong></span> <span class='ocrx_word' id='word_1_133' title='bbox 464 1661 698 1732; x_wconf 83' lang='lat' dir='ltr'><strong>memoravimus,</strong></span> <span class='ocrx_word' id='word_1_134' title='bbox 729 1673 756 1718; x_wconf 87' lang='lat' dir='ltr'><strong>et</strong></span> <span class='ocrx_word' id='word_1_135' title='bbox 786 1658 876 1718; x_wconf 93' lang='lat' dir='ltr'><strong>multo</strong></span> <span class='ocrx_word' id='word_1_136' title='bbox 902 1660 987 1718; x_wconf 87' lang='lat' dir='ltr'><strong>etiam</strong></span> <span class='ocrx_word' id='word_1_137' title='bbox 1014 1657 1102 1738; x_wconf 92' lang='lat' dir='ltr'><strong>magis</strong></span> <span class='ocrx_word' id='word_1_138' title='bbox 1130 1657 1163 1716; x_wconf 91' lang='lat' dir='ltr'><strong>in</strong></span> <span class='ocrx_word' id='word_1_139' title='bbox 1192 1657 1296 1736; x_wconf 82' lang='lat' dir='ltr'><strong>tragica</strong></span> 
     </span>
     <span class='ocr_line' id='line_1_16' title="bbox 69 1756 1297 1836; baseline -0.003 -20"><span class='ocrx_word' id='word_1_140' title='bbox 69 1771 98 1816; x_wconf 86' lang='lat' dir='ltr'><strong>et</strong></span> <span class='ocrx_word' id='word_1_141' title='bbox 125 1757 235 1816; x_wconf 85' lang='lat' dir='ltr'><strong>comica</strong></span> <span class='ocrx_word' id='word_1_142' title='bbox 264 1756 360 1836; x_wconf 76' lang='lat' dir='ltr'><strong>poesi,</strong></span> <span class='ocrx_word' id='word_1_143' title='bbox 390 1763 522 1814; x_wconf 74' lang='lat' dir='ltr'><strong>imitatio</strong></span> <span class='ocrx_word' id='word_1_144' title='bbox 547 1757 704 1818; x_wconf 84' lang='lat' dir='ltr'><strong>obtinebat.</strong></span> <span class='ocrx_word' id='word_1_145' title='bbox 734 1759 811 1816; x_wconf 87' lang='lat' dir='ltr'><strong>Haec</strong></span> <span class='ocrx_word' id='word_1_146' title='bbox 835 1770 929 1815; x_wconf 89' lang='lat' dir='ltr'><strong>autem</strong></span> <span class='ocrx_word' id='word_1_147' title='bbox 952 1758 985 1815; x_wconf 88' lang='lat' dir='ltr'><strong>in</strong></span> <span class='ocrx_word' id='word_1_148' title='bbox 1014 1770 1161 1834; x_wconf 87' lang='lat' dir='ltr'><strong>utramque</strong></span> <span class='ocrx_word' id='word_1_149' title='bbox 1188 1768 1297 1836; x_wconf 88' lang='lat' dir='ltr'><strong>partem</strong></span> 
     </span>
     <span class='ocr_line' id='line_1_17' title="bbox 68 1851 1297 1936; baseline 0 -24"><span class='ocrx_word' id='word_1_150' title='bbox 68 1875 210 1936; x_wconf 88' lang='lat' dir='ltr'><strong>perquam</strong></span> <span class='ocrx_word' id='word_1_151' title='bbox 236 1867 278 1912; x_wconf 89' lang='lat' dir='ltr'><strong>est</strong></span> <span class='ocrx_word' id='word_1_152' title='bbox 304 1851 426 1928; x_wconf 84' lang='lat' dir='ltr'><strong>efficax,</strong></span> <span class='ocrx_word' id='word_1_153' title='bbox 447 1875 512 1912; x_wconf 91' lang='lat' dir='ltr'><strong>cum</strong></span> <span class='ocrx_word' id='word_1_154' title='bbox 538 1853 576 1913; x_wconf 89' lang='lat' dir='ltr'><strong>ad</strong></span> <span class='ocrx_word' id='word_1_155' title='bbox 602 1854 814 1928; x_wconf 89' lang='lat' dir='ltr'><strong>emendandos,</strong></span> <span class='ocrx_word' id='word_1_156' title='bbox 835 1868 896 1913; x_wconf 91' lang='lat' dir='ltr'><strong>tum</strong></span> <span class='ocrx_word' id='word_1_157' title='bbox 926 1875 995 1914; x_wconf 82' lang='lat' dir='ltr'><strong>vero</strong></span> <span class='ocrx_word' id='word_1_158' title='bbox 1018 1853 1057 1934; x_wconf 83' lang='lat' dir='ltr'><strong>ad</strong></span> <span class='ocrx_word' id='word_1_159' title='bbox 1076 1851 1297 1936; x_wconf 89' lang='lat' dir='ltr'><strong>corrumpendos</strong></span> 
     </span>
     <span class='ocr_line' id='line_1_18' title="bbox 64 1952 1297 2032; baseline -0.001 -20"><span class='ocrx_word' id='word_1_160' title='bbox 64 1955 211 2031; x_wconf 86' lang='lat' dir='ltr'><strong>juvenum</strong></span> <span class='ocrx_word' id='word_1_161' title='bbox 230 1952 348 2010; x_wconf 89' lang='lat' dir='ltr'><strong>animos.</strong></span> <span class='ocrx_word' id='word_1_162' title='bbox 379 1953 499 2025; x_wconf 78' lang='lat' dir='ltr'><strong>Poetae,</strong></span> <span class='ocrx_word' id='word_1_163' title='bbox 524 1953 574 2030; x_wconf 93' lang='lat' dir='ltr'><strong>qui</strong></span> <span class='ocrx_word' id='word_1_164' title='bbox 599 1973 689 2012; x_wconf 88' lang='lat' dir='ltr'><strong>mores</strong></span> <span class='ocrx_word' id='word_1_165' title='bbox 712 1952 861 2012; x_wconf 91' lang='lat' dir='ltr'><strong>hominum</strong></span> <span class='ocrx_word' id='word_1_166' title='bbox 880 1953 1030 2011; x_wconf 89' lang='lat' dir='ltr'><strong>imitantur</strong></span> <span class='ocrx_word' id='word_1_167' title='bbox 1055 1973 1158 2032; x_wconf 86' lang='lat' dir='ltr'><strong>pravos</strong></span> <span class='ocrx_word' id='word_1_168' title='bbox 1174 1966 1203 2011; x_wconf 91' lang='lat' dir='ltr'><strong>et</strong></span> <span class='ocrx_word' id='word_1_169' title='bbox 1220 1953 1297 2031; x_wconf 89' lang='lat' dir='ltr'><strong>inge·</strong></span> 
     </span>
     <span class='ocr_line' id='line_1_19' title="bbox 69 2047 1297 2128; baseline -0.003 -18"><span class='ocrx_word' id='word_1_170' title='bbox 69 2072 130 2110; x_wconf 91' lang='lat' dir='ltr'><strong>nuo</strong></span> <span class='ocrx_word' id='word_1_171' title='bbox 159 2051 224 2109; x_wconf 88' lang='lat' dir='ltr'><strong>viro</strong></span> <span class='ocrx_word' id='word_1_172' title='bbox 250 2047 402 2126; x_wconf 84' lang='lat' dir='ltr'><strong>indignos,</strong></span> <span class='ocrx_word' id='word_1_173' title='bbox 424 2064 529 2109; x_wconf 89' lang='lat' dir='ltr'><strong>nocent</strong></span> <span class='ocrx_word' id='word_1_174' title='bbox 547 2050 723 2110; x_wconf 88' lang='lat' dir='ltr'><strong>carminibus</strong></span> <span class='ocrx_word' id='word_1_175' title='bbox 742 2050 891 2128; x_wconf 87' lang='lat' dir='ltr'><strong>juventuti</strong></span> <span class='ocrx_word' id='word_1_176' title='bbox 911 2049 1092 2128; x_wconf 88' lang='lat' dir='ltr'><strong>gravissime:</strong></span> <span class='ocrx_word' id='word_1_177' title='bbox 1113 2048 1297 2128; x_wconf 81' lang='lat' dir='ltr'><strong>praesertim,</strong></span> 
     </span>
     <span class='ocr_line' id='line_1_20' title="bbox 67 2140 1296 2228; baseline -0.003 -22"><span class='ocrx_word' id='word_1_178' title='bbox 67 2146 189 2228; x_wconf 89' lang='lat' dir='ltr'><strong>quando</strong></span> <span class='ocrx_word' id='word_1_179' title='bbox 207 2146 263 2227; x_wconf 89' lang='lat' dir='ltr'><strong>ipsi</strong></span> <span class='ocrx_word' id='word_1_180' title='bbox 276 2147 412 2223; x_wconf 87' lang='lat' dir='ltr'><strong>juvenes,</strong></span> <span class='ocrx_word' id='word_1_181' title='bbox 434 2140 574 2208; x_wconf 88' lang='lat' dir='ltr'><strong>inchoris</strong></span> <span class='ocrx_word' id='word_1_182' title='bbox 598 2162 750 2222; x_wconf 85' lang='lat' dir='ltr'><strong>canentes,</strong></span> <span class='ocrx_word' id='word_1_183' title='bbox 771 2162 799 2207; x_wconf 90' lang='lat' dir='ltr'><strong>et</strong></span> <span class='ocrx_word' id='word_1_184' title='bbox 819 2168 888 2210; x_wconf 85' lang='lat' dir='ltr'><strong>voce</strong></span> <span class='ocrx_word' id='word_1_185' title='bbox 907 2168 954 2205; x_wconf 89' lang='lat' dir='ltr'><strong>eos</strong></span> <span class='ocrx_word' id='word_1_186' title='bbox 973 2159 1001 2204; x_wconf 95' lang='lat' dir='ltr'><strong>et</strong></span> <span class='ocrx_word' id='word_1_187' title='bbox 1019 2144 1142 2204; x_wconf 89' lang='lat' dir='ltr'><strong>motibus</strong></span> <span class='ocrx_word' id='word_1_188' title='bbox 1160 2142 1296 2224; x_wconf 87' lang='lat' dir='ltr'><strong>gestibus·</strong></span> 
     </span>
     <span class='ocr_line' id='line_1_21' title="bbox 66 2235 1298 2326; baseline -0.001 -23"><span class='ocrx_word' id='word_1_189' title='bbox 66 2267 126 2325; x_wconf 89' lang='lat' dir='ltr'><strong>que</strong></span> <span class='ocrx_word' id='word_1_190' title='bbox 143 2245 320 2324; x_wconf 84' lang='lat' dir='ltr'><strong>exprimunt.</strong></span> <span class='ocrx_word' id='word_1_191' title='bbox 362 2245 529 2305; x_wconf 89' lang='lat' dir='ltr'><strong>Verendum</strong></span> <span class='ocrx_word' id='word_1_192' title='bbox 547 2266 717 2326; x_wconf 84' lang='lat' dir='ltr'><strong>magnopere</strong></span> <span class='ocrx_word' id='word_1_193' title='bbox 735 2261 790 2322; x_wconf 87' lang='lat' dir='ltr'><strong>est,</strong></span> <span class='ocrx_word' id='word_1_194' title='bbox 812 2269 848 2306; x_wconf 89' lang='lat' dir='ltr'><strong>ne</strong></span> <span class='ocrx_word' id='word_1_195' title='bbox 867 2242 899 2306; x_wconf 75' lang='grc' dir='ltr'><strong>ἐκ</strong></span> <span class='ocrx_word' id='word_1_196' title='bbox 919 2243 974 2326; x_wconf 77' lang='grc' dir='ltr'><strong>τῆς</strong></span> <span class='ocrx_word' id='word_1_197' title='bbox 995 2236 1147 2324; x_wconf 76' lang='grc' dir='ltr'>μιμήσεως</span> <span class='ocrx_word' id='word_1_198' title='bbox 1167 2237 1204 2304; x_wconf 77' lang='lat' dir='ltr'><strong>td</strong></span> <span class='ocrx_word' id='word_1_199' title='bbox 1226 2235 1298 2304; x_wconf 72' lang='grc' dir='ltr'><strong><em>εἶναι</em></strong></span> 
     </span>
     <span class='ocr_line' id='line_1_22' title="bbox 65 2331 1295 2426; baseline 0 -22"><span class='ocrx_word' id='word_1_200' title='bbox 65 2331 286 2417; x_wconf 53' lang='grc' dir='ltr'><strong>ἀπολαύσωσιν.</strong></span> <span class='ocrx_word' id='word_1_201' title='bbox 325 2345 396 2402; x_wconf 89' lang='lat' dir='ltr'><strong>Nam</strong></span> <span class='ocrx_word' id='word_1_202' title='bbox 420 2344 611 2418; x_wconf 87' lang='lat' dir='ltr'><strong>imitationes,</strong></span> <span class='ocrx_word' id='word_1_203' title='bbox 632 2345 671 2418; x_wconf 90' lang='lat' dir='ltr'><strong>si,</strong></span> <span class='ocrx_word' id='word_1_204' title='bbox 689 2366 706 2402; x_wconf 90' lang='lat' dir='ltr'><strong>a</strong></span> <span class='ocrx_word' id='word_1_205' title='bbox 725 2349 829 2405; x_wconf 89' lang='lat' dir='ltr'><strong>teneris</strong></span> <span class='ocrx_word' id='word_1_206' title='bbox 846 2348 976 2409; x_wconf 87' lang='lat' dir='ltr'><strong>ludendo</strong></span> <span class='ocrx_word' id='word_1_207' title='bbox 994 2361 1085 2420; x_wconf 87' lang='lat' dir='ltr'><strong>ortae,</strong></span> <span class='ocrx_word' id='word_1_208' title='bbox 1105 2345 1215 2406; x_wconf 90' lang='lat' dir='ltr'><strong>diutius</strong></span> <span class='ocrx_word' id='word_1_209' title='bbox 1233 2367 1295 2426; x_wconf 91' lang='lat' dir='ltr'><strong>pro·</strong></span> 
     </span>
     <span class='ocr_line' id='line_1_23' title="bbox 65 2442 1296 2524; baseline -0.002 -19"><span class='ocrx_word' id='word_1_210' title='bbox 65 2446 200 2518; x_wconf 87' lang='lat' dir='ltr'><strong>cedunt,</strong></span> <span class='ocrx_word' id='word_1_211' title='bbox 221 2444 253 2502; x_wconf 88' lang='lat' dir='ltr'><strong>in</strong></span> <span class='ocrx_word' id='word_1_212' title='bbox 282 2463 372 2502; x_wconf 89' lang='lat' dir='ltr'><strong>mores</strong></span> <span class='ocrx_word' id='word_1_213' title='bbox 400 2455 427 2513; x_wconf 76' lang='lat' dir='ltr'><strong>et</strong></span> <span class='ocrx_word' id='word_1_214' title='bbox 454 2454 585 2499; x_wconf 90' lang='lat' dir='ltr'><strong>naturam</strong></span> <span class='ocrx_word' id='word_1_215' title='bbox 610 2442 737 2515; x_wconf 89' lang='lat' dir='ltr'><strong>abeunt,</strong></span> <span class='ocrx_word' id='word_1_216' title='bbox 767 2466 819 2504; x_wconf 90' lang='lat' dir='ltr'><strong>uec</strong></span> <span class='ocrx_word' id='word_1_217' title='bbox 843 2446 939 2505; x_wconf 88' lang='lat' dir='ltr'><strong>minus</strong></span> <span class='ocrx_word' id='word_1_218' title='bbox 958 2447 1105 2520; x_wconf 87' lang='lat' dir='ltr'><strong>animum,</strong></span> <span class='ocrx_word' id='word_1_219' title='bbox 1124 2465 1210 2524; x_wconf 88' lang='lat' dir='ltr'><strong>quam</strong></span> <span class='ocrx_word' id='word_1_220' title='bbox 1237 2465 1296 2503; x_wconf 90' lang='lat' dir='ltr'><strong>cor·</strong></span> 
     </span>
     <span class='ocr_line' id='line_1_24' title="bbox 64 2536 1297 2627; baseline -0.001 -24"><span class='ocrx_word' id='word_1_221' title='bbox 64 2567 123 2627; x_wconf 91' lang='lat' dir='ltr'><strong>pus</strong></span> <span class='ocrx_word' id='word_1_222' title='bbox 151 2556 181 2601; x_wconf 90' lang='lat' dir='ltr'><strong>et</strong></span> <span class='ocrx_word' id='word_1_223' title='bbox 209 2562 307 2603; x_wconf 86' lang='lat' dir='ltr'><strong>vocem</strong></span> <span class='ocrx_word' id='word_1_224' title='bbox 331 2552 526 2627; x_wconf 89' lang='lat' dir='ltr'><strong>corrumpunt.</strong></span> <span class='ocrx_word' id='word_1_225' title='bbox 556 2536 587 2619; x_wconf 85' lang='lat'><strong>3)</strong></span> <span class='ocrx_word' id='word_1_226' title='bbox 608 2539 716 2614; x_wconf 86' lang='lat' dir='ltr'><strong>Quodsi</strong></span> <span class='ocrx_word' id='word_1_227' title='bbox 741 2540 842 2621; x_wconf 89' lang='lat' dir='ltr'><strong>pulcra</strong></span> <span class='ocrx_word' id='word_1_228' title='bbox 858 2544 1004 2604; x_wconf 89' lang='lat' dir='ltr'><strong>imitantes</strong></span> <span class='ocrx_word' id='word_1_229' title='bbox 1019 2550 1117 2625; x_wconf 71' lang='lat' dir='ltr'><strong>poitae</strong></span> <span class='ocrx_word' id='word_1_230' title='bbox 1134 2557 1162 2602; x_wconf 89' lang='lat' dir='ltr'><strong>et</strong></span> <span class='ocrx_word' id='word_1_231' title='bbox 1179 2542 1297 2602; x_wconf 88' lang='lat' dir='ltr'><strong>honesta</strong></span> 
     </span>
     <span class='ocr_line' id='line_1_25' title="bbox 64 2635 1312 2721; baseline -0.005 -18"><span class='ocrx_word' id='word_1_232' title='bbox 64 2637 179 2704; x_wconf 79' lang='lat' dir='ltr'><strong>stodiis</strong></span> <span class='ocrx_word' id='word_1_233' title='bbox 194 2652 412 2721; x_wconf 85' lang='lat' dir='ltr'><strong>prosequentes,</strong></span> <span class='ocrx_word' id='word_1_234' title='bbox 426 2636 503 2695; x_wconf 93' lang='lat' dir='ltr'><strong>nihil</strong></span> <span class='ocrx_word' id='word_1_235' title='bbox 522 2635 679 2716; x_wconf 90' lang='lat' dir='ltr'><strong>quidquam</strong></span> <span class='ocrx_word' id='word_1_236' title='bbox 697 2652 809 2718; x_wconf 89' lang='lat' dir='ltr'><strong>praeter</strong></span> <span class='ocrx_word' id='word_1_237' title='bbox 825 2640 894 2700; x_wconf 90' lang='lat' dir='ltr'><strong>haec</strong></span> <span class='ocrx_word' id='word_1_238' title='bbox 913 2656 972 2700; x_wconf 92' lang='lat' dir='ltr'><strong>arte</strong></span> <span class='ocrx_word' id='word_1_239' title='bbox 990 2641 1108 2700; x_wconf 89' lang='lat' dir='ltr'><strong>student</strong></span> <span class='ocrx_word' id='word_1_240' title='bbox 1125 2641 1312 2719; x_wconf 81' lang='lat' dir='ltr'><strong>exprimere,</strong></span> 
     </span>
     <span class='ocr_line' id='line_1_26' title="bbox 64 2735 1297 2823; baseline -0.003 -23"><span class='ocrx_word' id='word_1_241' title='bbox 64 2755 173 2823; x_wconf 91' lang='lat' dir='ltr'><strong>sponte</strong></span> <span class='ocrx_word' id='word_1_242' title='bbox 199 2758 308 2796; x_wconf 88' lang='lat' dir='ltr'><strong>eornm·</strong></span> <span class='ocrx_word' id='word_1_243' title='bbox 324 2737 449 2795; x_wconf 91' lang='lat' dir='ltr'><strong>carmina</strong></span> <span class='ocrx_word' id='word_1_244' title='bbox 478 2735 510 2792; x_wconf 87' lang='lat' dir='ltr'><strong>in</strong></span> <span class='ocrx_word' id='word_1_245' title='bbox 538 2736 702 2794; x_wconf 86' lang='lat' dir='ltr'><strong>canentium</strong></span> <span class='ocrx_word' id='word_1_246' title='bbox 724 2737 961 2818; x_wconf 90' lang='lat' dir='ltr'><strong>audientiumque</strong></span> <span class='ocrx_word' id='word_1_247' title='bbox 979 2739 1083 2798; x_wconf 89' lang='lat' dir='ltr'><strong>animis</strong></span> <span class='ocrx_word' id='word_1_248' title='bbox 1102 2737 1197 2818; x_wconf 90' lang='lat' dir='ltr'><strong>pulcri</strong></span> <span class='ocrx_word' id='word_1_249' title='bbox 1216 2739 1297 2796; x_wconf 87' lang='lat' dir='ltr'><strong>exci-</strong></span> 
     </span>
     <span class='ocr_line' id='line_1_27' title="bbox 65 2834 1297 2917; baseline -0.002 -20"><span class='ocrx_word' id='word_1_250' title='bbox 65 2840 178 2900; x_wconf 89' lang='lat' dir='ltr'><strong>tabunt</strong></span> <span class='ocrx_word' id='word_1_251' title='bbox 206 2836 373 2912; x_wconf 88' lang='lat' dir='ltr'><strong>honestique</strong></span> <span class='ocrx_word' id='word_1_252' title='bbox 402 2855 532 2892; x_wconf 88' lang='lat' dir='ltr'><strong>amorem.</strong></span> <span class='ocrx_word' id='word_1_253' title='bbox 574 2834 637 2907; x_wconf 87' lang='lat' dir='ltr'><strong>Quo</strong></span> <span class='ocrx_word' id='word_1_254' title='bbox 663 2838 750 2914; x_wconf 91' lang='lat' dir='ltr'><strong>magis</strong></span> <span class='ocrx_word' id='word_1_255' title='bbox 768 2835 800 2895; x_wconf 91' lang='lat' dir='ltr'><strong>id</strong></span> <span class='ocrx_word' id='word_1_256' title='bbox 818 2837 952 2896; x_wconf 86' lang='lat' dir='ltr'><strong>omnibus</strong></span> <span class='ocrx_word' id='word_1_257' title='bbox 970 2836 1111 2917; x_wconf 87' lang='lat' dir='ltr'><strong>agendum</strong></span> <span class='ocrx_word' id='word_1_258' title='bbox 1130 2849 1171 2894; x_wconf 88' lang='lat' dir='ltr'><strong>est</strong></span> <span class='ocrx_word' id='word_1_259' title='bbox 1187 2836 1297 2915; x_wconf 86' lang='lat' dir='ltr'><strong>po&#39;etis,</strong></span> 
     </span>
     <span class='ocr_line' id='line_1_28' title="bbox 67 2924 1298 3016; baseline -0.003 -19"><span class='ocrx_word' id='word_1_260' title='bbox 67 2952 101 2997; x_wconf 91' lang='lat' dir='ltr'><strong>ut</strong></span> <span class='ocrx_word' id='word_1_261' title='bbox 127 2929 186 3015; x_wconf 64' lang='grc' dir='ltr'><strong>τήν</strong></span> <span class='ocrx_word' id='word_1_262' title='bbox 205 2933 261 2994; x_wconf 74' lang='grc' dir='ltr'><strong>τοῦ</strong></span> <span class='ocrx_word' id='word_1_263' title='bbox 281 2928 401 3012; x_wconf 70' lang='grc' dir='ltr'><em>ἀγαθοῦ</em></span> <span class='ocrx_word' id='word_1_264' title='bbox 420 2925 517 2992; x_wconf 74' lang='grc' dir='ltr'><strong><em>εἰκόνα</em></strong></span> <span class='ocrx_word' id='word_1_265' title='bbox 537 2924 636 3012; x_wconf 71' lang='grc' dir='ltr'><strong><em>ἤθους</em></strong></span> <span class='ocrx_word' id='word_1_266' title='bbox 657 2935 833 3012; x_wconf 80' lang='lat' dir='ltr'><strong>poematibus</strong></span> <span class='ocrx_word' id='word_1_267' title='bbox 852 2936 1033 3016; x_wconf 82' lang='lat' dir='ltr'><strong>exprimant,</strong></span> <span class='ocrx_word' id='word_1_268' title='bbox 1049 2931 1080 3012; x_wconf 77' lang='lat' dir='ltr'><strong>lt)</strong></span> <span class='ocrx_word' id='word_1_269' title='bbox 1099 2934 1214 3013; x_wconf 89' lang='lat' dir='ltr'><strong>tragicis</strong></span> <span class='ocrx_word' id='word_1_270' title='bbox 1231 2955 1298 2994; x_wconf 84' lang='lat' dir='ltr'><strong>vero</strong></span> 
     </span>
     <span class='ocr_line' id='line_1_29' title="bbox 66 3032 1180 3121; baseline -0.008 -23"><span class='ocrx_word' id='word_1_271' title='bbox 66 3038 270 3121; x_wconf 86' lang='lat' dir='ltr'><strong>potissimum,</strong></span> <span class='ocrx_word' id='word_1_272' title='bbox 291 3055 412 3114; x_wconf 89' lang='lat' dir='ltr'><strong>quorum</strong></span> <span class='ocrx_word' id='word_1_273' title='bbox 437 3035 543 3114; x_wconf 92' lang='lat' dir='ltr'><strong>quippe</strong></span> <span class='ocrx_word' id='word_1_274' title='bbox 571 3033 698 3093; x_wconf 88' lang='lat' dir='ltr'><strong>studium</strong></span> <span class='ocrx_word' id='word_1_275' title='bbox 723 3032 863 3093; x_wconf 87' lang='lat' dir='ltr'><strong>imitando</strong></span> <span class='ocrx_word' id='word_1_276' title='bbox 890 3034 1055 3092; x_wconf 90' lang='lat' dir='ltr'><strong>continetur</strong></span> <span class='ocrx_word' id='word_1_277' title='bbox 1080 3044 1180 3090; x_wconf 89' lang='lat' dir='ltr'><strong>totum.</strong></span> 
     </span>
    </p>

    <p class='ocr_par' dir='ltr' id='par_1_4' title="bbox 67 3129 1299 3707">
     <span class='ocr_line' id='line_1_30' title="bbox 111 3129 1298 3211; baseline -0.005 -17"><span class='ocrx_word' id='word_1_278' title='bbox 111 3137 193 3194; x_wconf 87' lang='lat' dir='ltr'><strong>Haec</strong></span> <span class='ocrx_word' id='word_1_279' title='bbox 221 3145 286 3193; x_wconf 90' lang='lat' dir='ltr'><strong>cum</strong></span> <span class='ocrx_word' id='word_1_280' title='bbox 314 3132 464 3192; x_wconf 91' lang='lat' dir='ltr'><strong>chororum</strong></span> <span class='ocrx_word' id='word_1_281' title='bbox 491 3145 562 3190; x_wconf 90' lang='lat' dir='ltr'><strong>esset</strong></span> <span class='ocrx_word' id='word_1_282' title='bbox 593 3131 753 3209; x_wconf 85' lang='lat' dir='ltr'><strong>antiquitus</strong></span> <span class='ocrx_word' id='word_1_283' title='bbox 786 3131 864 3211; x_wconf 92' lang='lat' dir='ltr'><strong>apud</strong></span> <span class='ocrx_word' id='word_1_284' title='bbox 889 3131 1013 3191; x_wconf 90' lang='lat' dir='ltr'><strong>Graecos</strong></span> <span class='ocrx_word' id='word_1_285' title='bbox 1041 3129 1188 3204; x_wconf 89' lang='lat' dir='ltr'><strong>conditio,</strong></span> <span class='ocrx_word' id='word_1_286' title='bbox 1218 3129 1298 3188; x_wconf 91' lang='lat' dir='ltr'><strong>Plato</strong></span> 
     </span>
     <span class='ocr_line' id='line_1_31' title="bbox 67 3227 1298 3317; baseline -0.006 -23"><span class='ocrx_word' id='word_1_287' title='bbox 67 3236 196 3317; x_wconf 86' lang='lat' dir='ltr'><strong>primam</strong></span> <span class='ocrx_word' id='word_1_288' title='bbox 224 3230 296 3291; x_wconf 90' lang='lat' dir='ltr'><strong>ab</strong></span> <span class='ocrx_word' id='word_1_289' title='bbox 288 3232 324 3289; x_wconf 82' lang='lat' dir='ltr'><strong>ris</strong></span> <span class='ocrx_word' id='word_1_290' title='bbox 350 3230 561 3289; x_wconf 88' lang='lat' dir='ltr'><strong>institutionem</strong></span> <span class='ocrx_word' id='word_1_291' title='bbox 587 3228 771 3309; x_wconf 90' lang='lat' dir='ltr'><strong>repetendam</strong></span> <span class='ocrx_word' id='word_1_292' title='bbox 799 3250 856 3288; x_wconf 88' lang='lat' dir='ltr'><strong>esse</strong></span> <span class='ocrx_word' id='word_1_293' title='bbox 885 3229 1005 3289; x_wconf 91' lang='lat' dir='ltr'><strong>censuit.</strong></span> <span class='ocrx_word' id='word_1_294' title='bbox 1037 3229 1107 3285; x_wconf 88' lang='lat' dir='ltr'><strong>Nam</strong></span> <span class='ocrx_word' id='word_1_295' title='bbox 1134 3227 1172 3287; x_wconf 90' lang='lat' dir='ltr'><strong>ad</strong></span> <span class='ocrx_word' id='word_1_296' title='bbox 1200 3248 1298 3286; x_wconf 91' lang='lat' dir='ltr'><strong>sensus</strong></span> 
     </span>
     <span class='ocr_line' id='line_1_32' title="bbox 67 3326 1298 3413; baseline -0.006 -21"><span class='ocrx_word' id='word_1_297' title='bbox 67 3353 170 3392; x_wconf 90' lang='lat' dir='ltr'><strong>omnes</strong></span> <span class='ocrx_word' id='word_1_298' title='bbox 197 3331 366 3407; x_wconf 85' lang='lat' dir='ltr'><strong>affectusque</strong></span> <span class='ocrx_word' id='word_1_299' title='bbox 394 3327 592 3408; x_wconf 89' lang='lat' dir='ltr'><strong>temperandos</strong></span> <span class='ocrx_word' id='word_1_300' title='bbox 612 3328 719 3385; x_wconf 87' lang='lat' dir='ltr'><strong>musica</strong></span> <span class='ocrx_word' id='word_1_301' title='bbox 746 3327 807 3387; x_wconf 79' lang='lat' dir='ltr'><strong>vim</strong></span> <span class='ocrx_word' id='word_1_302' title='bbox 825 3326 913 3386; x_wconf 89' lang='lat' dir='ltr'><strong>habet</strong></span> <span class='ocrx_word' id='word_1_303' title='bbox 930 3328 1098 3413; x_wconf 81' lang='lat' dir='ltr'><strong>maximam:</strong></span> <span class='ocrx_word' id='word_1_304' title='bbox 1119 3326 1298 3406; x_wconf 83' lang='lat' dir='ltr'><strong>praesertim,</strong></span> 
     </span>
     <span class='ocr_line' id='line_1_33' title="bbox 69 3422 1297 3503; baseline -0.007 -12"><span class='ocrx_word' id='word_1_305' title='bbox 69 3434 94 3491; x_wconf 90' lang='lat' dir='ltr'><strong>si</strong></span> <span class='ocrx_word' id='word_1_306' title='bbox 119 3443 229 3490; x_wconf 88' lang='lat' dir='ltr'><strong>mature</strong></span> <span class='ocrx_word' id='word_1_307' title='bbox 244 3427 440 3487; x_wconf 87' lang='lat' dir='ltr'><strong>adhibeatur</strong></span> <span class='ocrx_word' id='word_1_308' title='bbox 429 3426 588 3503; x_wconf 67' lang='lat' dir='ltr'><strong>juventuti.</strong></span> <span class='ocrx_word' id='word_1_309' title='bbox 607 3425 712 3484; x_wconf 89' lang='lat' dir='ltr'><strong>Molles</strong></span> <span class='ocrx_word' id='word_1_310' title='bbox 731 3426 808 3484; x_wconf 89' lang='lat' dir='ltr'><strong>enim</strong></span> <span class='ocrx_word' id='word_1_311' title='bbox 827 3440 894 3485; x_wconf 89' lang='lat' dir='ltr'><strong>sunt</strong></span> <span class='ocrx_word' id='word_1_312' title='bbox 912 3426 964 3484; x_wconf 90' lang='lat' dir='ltr'><strong>hac</strong></span> <span class='ocrx_word' id='word_1_313' title='bbox 984 3439 1074 3483; x_wconf 88' lang='lat' dir='ltr'><strong>aetate</strong></span> <span class='ocrx_word' id='word_1_314' title='bbox 1093 3438 1121 3482; x_wconf 91' lang='lat' dir='ltr'><strong>et</strong></span> <span class='ocrx_word' id='word_1_315' title='bbox 1140 3425 1231 3482; x_wconf 89' lang='lat' dir='ltr'><strong>teneri</strong></span> <span class='ocrx_word' id='word_1_316' title='bbox 1249 3422 1297 3482; x_wconf 95' lang='lat' dir='ltr'><strong>ho·</strong></span> 
     </span>
     <span class='ocr_line' id='line_1_34' title="bbox 69 3512 1299 3604; baseline -0.006 -15"><span class='ocrx_word' id='word_1_317' title='bbox 69 3532 184 3588; x_wconf 89' lang='lat' dir='ltr'><strong>minum</strong></span> <span class='ocrx_word' id='word_1_318' title='bbox 210 3528 315 3600; x_wconf 88' lang='lat' dir='ltr'><strong>animi,</strong></span> <span class='ocrx_word' id='word_1_319' title='bbox 344 3522 393 3584; x_wconf 77' lang='grc' dir='ltr'><strong>καὶ</strong></span> <span class='ocrx_word' id='word_1_320' title='bbox 418 3517 547 3601; x_wconf 76' lang='grc' dir='ltr'><em>μάλιστα</em></span> <span class='ocrx_word' id='word_1_321' title='bbox 573 3517 612 3604; x_wconf 72' lang='grc' dir='ltr'><strong>δη</strong></span> <span class='ocrx_word' id='word_1_322' title='bbox 639 3512 707 3583; x_wconf 73' lang='grc' dir='ltr'><strong>τότε</strong></span> <span class='ocrx_word' id='word_1_323' title='bbox 733 3516 889 3584; x_wconf 74' lang='grc' dir='ltr'><em>πλάττεται</em></span> <span class='ocrx_word' id='word_1_324' title='bbox 914 3547 963 3584; x_wconf 79' lang='grc' dir='ltr'><strong>και</strong></span> <span class='ocrx_word' id='word_1_325' title='bbox 955 3516 1116 3584; x_wconf 71' lang='grc' dir='ltr'><strong>ἐνδύεται</strong></span> <span class='ocrx_word' id='word_1_326' title='bbox 1137 3514 1241 3596; x_wconf 80' lang='grc' dir='ltr'><strong><em>τύπος,</em></strong></span> <span class='ocrx_word' id='word_1_327' title='bbox 1264 3518 1299 3582; x_wconf 82' lang='grc' dir='ltr'><strong>ὃν</strong></span> 
     </span>
     <span class='ocr_line' id='line_1_35' title="bbox 71 3600 1298 3710; baseline -0.004 -22"><span class='ocrx_word' id='word_1_328' title='bbox 71 3621 117 3688; x_wconf 77' lang='grc' dir='ltr'><strong>ἄν</strong></span> <span class='ocrx_word' id='word_1_329' title='bbox 133 3649 178 3701; x_wconf 86' lang='grc' dir='ltr'><strong>τις</strong></span> <span class='ocrx_word' id='word_1_330' title='bbox 202 3619 344 3707; x_wconf 74' lang='grc' dir='ltr'><strong>βούληται</strong></span> <span class='ocrx_word' id='word_1_331' title='bbox 371 3618 598 3707; x_wconf 74' lang='grc' dir='ltr'><strong>ἐνσημήνασθαι</strong></span> <span class='ocrx_word' id='word_1_332' title='bbox 629 3619 749 3710; x_wconf 73' lang='grc' dir='ltr'><em>ἑκάστῳ.</em></span> <span class='ocrx_word' id='word_1_333' title='bbox 791 3600 866 3684; x_wconf 72' lang='lat' dir='ltr'><strong>Trim</strong></span> <span class='ocrx_word' id='word_1_334' title='bbox 894 3633 1022 3683; x_wconf 79' lang='lat' dir='ltr'><strong>moaime</strong></span> <span class='ocrx_word' id='word_1_335' title='bbox 1032 3616 1175 3706; x_wconf 71' lang='lat' dir='ltr'><strong>flagitiis·</strong></span> <span class='ocrx_word' id='word_1_336' title='bbox 1193 3627 1298 3683; x_wconf 79' lang='lat' dir='ltr'><strong>indui—</strong></span> 
     </span>
    </p>
   </div>
   <div class='ocr_carea' id='block_1_3' title="bbox 72 3717 1297 3808">
    <p class='ocr_par' dir='ltr' id='par_1_5' title="bbox 72 3717 1297 3808">
     <span class='ocr_line' id='line_1_36' title="bbox 72 3717 1297 3808; baseline -0.003 -20"><span class='ocrx_word' id='word_1_337' title='bbox 72 3743 183 3808; x_wconf 83' lang='lat' dir='ltr'><strong>turque</strong></span> <span class='ocrx_word' id='word_1_338' title='bbox 202 3733 329 3804; x_wconf 82' lang='lat' dir='ltr'><strong>formo,</strong></span> <span class='ocrx_word' id='word_1_339' title='bbox 358 3749 447 3806; x_wconf 83' lang='lat' dir='ltr'><strong>quom</strong></span> <span class='ocrx_word' id='word_1_340' title='bbox 475 3735 542 3806; x_wconf 84' lang='lat' dir='ltr'><strong>quir</strong></span> <span class='ocrx_word' id='word_1_341' title='bbox 567 3735 729 3805; x_wconf 79' lang='lat' dir='ltr'><strong>unicuique</strong></span> <span class='ocrx_word' id='word_1_342' title='bbox 751 3733 926 3804; x_wconf 77' lang='lat' dir='ltr'><strong>imprimere</strong></span> <span class='ocrx_word' id='word_1_343' title='bbox 947 3725 1026 3783; x_wconf 83' lang='lat' dir='ltr'><strong>velit.</strong></span> <span class='ocrx_word' id='word_1_344' title='bbox 1040 3721 1071 3801; x_wconf 85' lang='lat'><strong>5)</strong></span> <span class='ocrx_word' id='word_1_345' title='bbox 1100 3717 1297 3804; x_wconf 76' lang='lat' dir='ltr'><strong>Kvptosttt&#39;rq,</strong></span> 
     </span>
    </p>
   </div>
   <div class='ocr_carea' id='block_1_4' title="bbox 76 4005 1301 4499">
    <p class='ocr_par' dir='ltr' id='par_1_6' title="bbox 108 4005 467 4076">
     <span class='ocr_line' id='line_1_37' title="bbox 108 4005 467 4076; baseline 0.008 -20"><span class='ocrx_word' id='word_1_346' title='bbox 108 4005 133 4071; x_wconf 86' lang='lat'><strong>1)</strong></span> <span class='ocrx_word' id='word_1_347' title='bbox 152 4007 259 4059; x_wconf 73' lang='lat' dir='ltr'><strong>Aristot.</strong></span> <span class='ocrx_word' id='word_1_348' title='bbox 276 4010 305 4059; x_wconf 85' lang='lat' dir='ltr'><strong>de</strong></span> <span class='ocrx_word' id='word_1_349' title='bbox 318 4014 382 4076; x_wconf 75' lang='lat' dir='ltr'><strong>poet.</strong></span> <span class='ocrx_word' id='word_1_350' title='bbox 401 4025 422 4059; x_wconf 92' lang='lat' dir='ltr'><strong>c.</strong></span> <span class='ocrx_word' id='word_1_351' title='bbox 444 4005 467 4059; x_wconf 81' lang='grc'><strong>4.</strong></span> 
     </span>
    </p>

    <p class='ocr_par' dir='ltr' id='par_1_7' title="bbox 76 4089 1301 4245">
     <span class='ocr_line' id='line_1_38' title="bbox 107 4089 1301 4162; baseline -0.004 -17"><span class='ocrx_word' id='word_1_352' title='bbox 107 4093 133 4158; x_wconf 78' lang='grc'>2)</span> <span class='ocrx_word' id='word_1_353' title='bbox 150 4093 209 4145; x_wconf 86' lang='lat' dir='ltr'><strong>Vid.</strong></span> <span class='ocrx_word' id='word_1_354' title='bbox 227 4094 281 4144; x_wconf 80' lang='lat' dir='ltr'><strong>Deo</strong></span> <span class='ocrx_word' id='word_1_355' title='bbox 300 4093 355 4144; x_wconf 78' lang='lat' dir='ltr'><strong>Ter.</strong></span> <span class='ocrx_word' id='word_1_356' title='bbox 372 4111 397 4160; x_wconf 93' lang='lat' dir='ltr'><strong>p.</strong></span> <span class='ocrx_word' id='word_1_357' title='bbox 419 4091 469 4141; x_wconf 78' lang='lat'><strong>152</strong></span> <span class='ocrx_word' id='word_1_358' title='bbox 490 4110 544 4162; x_wconf 87' lang='lat' dir='ltr'><strong>sqq.</strong></span> <span class='ocrx_word' id='word_1_359' title='bbox 566 4102 593 4144; x_wconf 91' lang='lat' dir='ltr'><strong>et</strong></span> <span class='ocrx_word' id='word_1_360' title='bbox 614 4095 710 4160; x_wconf 81' lang='lat' dir='ltr'><strong>scripit.</strong></span> <span class='ocrx_word' id='word_1_361' title='bbox 731 4093 762 4144; x_wconf 86' lang='lat' dir='ltr'><strong>ab</strong></span> <span class='ocrx_word' id='word_1_362' title='bbox 780 4109 813 4144; x_wconf 89' lang='lat' dir='ltr'><strong>eo</strong></span> <span class='ocrx_word' id='word_1_363' title='bbox 834 4093 916 4144; x_wconf 88' lang='lat' dir='ltr'><strong>citati:</strong></span> <span class='ocrx_word' id='word_1_364' title='bbox 937 4093 1012 4156; x_wconf 88' lang='lat' dir='ltr'><strong>item,</strong></span> <span class='ocrx_word' id='word_1_365' title='bbox 1033 4107 1097 4159; x_wconf 88' lang='lat' dir='ltr'><strong>quae</strong></span> <span class='ocrx_word' id='word_1_366' title='bbox 1118 4106 1166 4142; x_wconf 90' lang='lat' dir='ltr'><strong>nos</strong></span> <span class='ocrx_word' id='word_1_367' title='bbox 1185 4089 1238 4140; x_wconf 90' lang='lat' dir='ltr'><strong>illic</strong></span> <span class='ocrx_word' id='word_1_368' title='bbox 1251 4105 1301 4140; x_wconf 90' lang='lat' dir='ltr'><strong>no-</strong></span> 
     </span>
     <span class='ocr_line' id='line_1_39' title="bbox 76 4176 309 4245; baseline -0.026 -13"><span class='ocrx_word' id='word_1_369' title='bbox 76 4181 183 4232; x_wconf 82' lang='lat' dir='ltr'><strong>tavimus</strong></span> <span class='ocrx_word' id='word_1_370' title='bbox 203 4195 228 4245; x_wconf 93' lang='lat' dir='ltr'><strong>p.</strong></span> <span class='ocrx_word' id='word_1_371' title='bbox 249 4176 309 4227; x_wconf 87' lang='lat'><strong>110.</strong></span> 
     </span>
    </p>

    <p class='ocr_par' dir='ltr' id='par_1_8' title="bbox 107 4262 449 4331">
     <span class='ocr_line' id='line_1_40' title="bbox 107 4262 449 4331; baseline -0.003 -17"><span class='ocrx_word' id='word_1_372' title='bbox 107 4263 134 4329; x_wconf 81' lang='grc'>3)</span> <span class='ocrx_word' id='word_1_373' title='bbox 152 4266 191 4316; x_wconf 85' lang='lat' dir='ltr'><strong>De</strong></span> <span class='ocrx_word' id='word_1_374' title='bbox 207 4265 267 4331; x_wconf 73' lang='lat' dir='ltr'><strong>ttep.</strong></span> <span class='ocrx_word' id='word_1_375' title='bbox 283 4263 325 4315; x_wconf 89' lang='lat' dir='ltr'><strong>lll.</strong></span> <span class='ocrx_word' id='word_1_376' title='bbox 343 4262 400 4315; x_wconf 81' lang='lat'><strong>395.</strong></span> <span class='ocrx_word' id='word_1_377' title='bbox 422 4264 449 4316; x_wconf 86' lang='lat' dir='ltr'><strong>C.</strong></span> 
     </span>
    </p>

    <p class='ocr_par' dir='ltr' id='par_1_9' title="bbox 109 4347 1123 4414">
     <span class='ocr_line' id='line_1_41' title="bbox 109 4347 1123 4414; baseline -0.01 -15"><span class='ocrx_word' id='word_1_378' title='bbox 109 4348 134 4414; x_wconf 82' lang='lat' dir='ltr'><strong>l)</strong></span> <span class='ocrx_word' id='word_1_379' title='bbox 153 4351 214 4401; x_wconf 76' lang='lat' dir='ltr'><strong>Eoi.</strong></span> <span class='ocrx_word' id='word_1_380' title='bbox 230 4347 287 4400; x_wconf 78' lang='lat'>401.</span> <span class='ocrx_word' id='word_1_381' title='bbox 305 4349 333 4400; x_wconf 90' lang='grc' dir='ltr'><strong>Β.</strong></span> <span class='ocrx_word' id='word_1_382' title='bbox 883 4357 886 4362; x_wconf 94' lang='grc'><em>·</em></span> <span class='ocrx_word' id='word_1_383' title='bbox 1108 4358 1123 4389; x_wconf 76' lang='grc' dir='ltr'><strong><em>ι</em></strong></span> 
     </span>
    </p>

    <p class='ocr_par' dir='ltr' id='par_1_10' title="bbox 109 4432 381 4499">
     <span class='ocr_line' id='line_1_42' title="bbox 109 4432 381 4499; baseline 0.007 -16"><span class='ocrx_word' id='word_1_384' title='bbox 109 4435 134 4499; x_wconf 85' lang='grc'>5)</span> <span class='ocrx_word' id='word_1_385' title='bbox 152 4437 214 4488; x_wconf 79' lang='lat' dir='ltr'><strong>Eoi.</strong></span> <span class='ocrx_word' id='word_1_386' title='bbox 229 4435 260 4486; x_wconf 90' lang='lat'><strong>11.</strong></span> <span class='ocrx_word' id='word_1_387' title='bbox 279 4432 337 4485; x_wconf 82' lang='lat'><strong>377.</strong></span> <span class='ocrx_word' id='word_1_388' title='bbox 352 4435 381 4484; x_wconf 88' lang='lat' dir='ltr'><strong>B.</strong></span> 
     </span>
    </p>
   </div>
   <div class='ocr_carea' id='block_1_5' title="bbox 0 0 1403 5048">
    <p class='ocr_par' dir='ltr' id='par_1_11' title="bbox 0 0 1403 5048">
     <span class='ocr_line' id='line_1_43' title="bbox 0 0 1403 5048; baseline 0 0"><span class='ocrx_word' id='word_1_389' title='bbox 0 0 1403 5048; x_wconf 95' lang='lat' dir='ltr'><strong> </strong></span> 
     </span>
    </p>
   </div>
  </div>
 </body>
</html>
