2796 5048
658 230 718 295 329

62 389 119 455 καὶ
143 383 297 470 εἰώθαμεν
322 385 427 472 λὲγων,
453 383 499 453 ὅτι
529 388 546 454 o'
575 389 760 475 δημιουργός
780 388 919 477 ἑκατέρου
940 397 995 457 τοῦ
1014 390 1134 470 σκεύους
1153 388 1231 479 προς
1251 388 1305 476 τῆν

63 488 177 557 litor
203 487 321 573 βλέπων
346 486 426 554 οὕτω
453 497 545 568 ποιεῖ,
574 488 593 556 ot
613 490 670 573 μὲν
690 490 744 569 τοίς
763 493 875 572 κλίνας,
899 491 917 558 o‘
939 496 975 559 di
996 493 1050 572 τοὶς
1070 493 1234 578 τραπέζας,
1258 489 1305 571 αἷς

79 589 161 677 Ἰμεῒς
179 589 334 677 χρώμεθα
355 594 404 655 καὶ
424 588 518 656 τᾶλλα
538 591 613 656 saed
634 591 742 658 coditi·
765 592 802 658 oei
822 592 878 681 γάρ
900 621 958 660 που
978 594 1035 681 τήν
1054 623 1085 680 γε
1108 595 1190 660 ἰδέαν
1212 594 1305 682 anitii

90 697 254 780 ημιουργεῖ
283 689 379 770 οὐδεὶς
413 696 474 758 τῶν
506 698 716 780 δημιουργῶν·
752 698 817 773 πῶς
849 695 920 785 μᾶρς
949 747 981 758 .-
1012 698 1179 782 Οὐδαμῶς·
1206 704 1305 761 dicere

63 802 220 872 ¹fulserint,
247 772 403 876 artificem
432 809 593 879 utriusque
621 809 670 860 rei
699 803 799 861 ideam
824 812 1010 883 intuentem,
1040 813 1083 863 eie
1095 809 1206 881 fecere
1225 807 1306 863 bunc

66 900 182 969 lectos,
213 895 303 953 illum
332 918 462 986 menies,
495 902 603 976 quidni
631 921 683 958 nos
701 908 839 976 utimur,
860 914 890 961 et
908 912 1028 960 coetero
1048 884 1214 961 similitir:
1234 923 1306 960 nain

65 1005 171 1075 i'peem
198 994 317 1070 quidem
345 997 443 1054 ideam
460 997 566 1056 nullut
576 1001 722 1074 fabricat
741 1003 879 1075 artifex:
901 1022 957 1079 qno
976 1009 1056 1059 enim
1074 1003 1155 1060 modo
1172 1003 1206 1058 id
1216 1004 1305 1076 faee-

66 1092 196 1153 nit„-
228 1089 356 1152 anlo.»
400 1093 467 1152 Hos
486 1117 592 1153 rernm
600 1099 744 1171 formes,
766 1111 799 1156 ut
818 1099 965 1157 Ciceronis
985 1098 1083 1158 verbis
1104 1112 1185 1174 utar,
1207 1099 1305 1177 appel·

68 1184 232 1263 lnt'iddag
258 1192 312 1249 ille
339 1213 398 1250 non
423 1194 618 1274 intelligendi
646 1195 759 1270 solum,
780 1197 831 1253 ced
849 1204 942 1255 etiem
960 1198 1081 1254 dicendi
1100 1203 1306 1276 gravissimus

66 1302 181 1353 mter
209 1300 240 1349 et
267 1297 436 1368 magister,
465 1290 567 1351 Plato.
589 1289 618 1370 1)
659 1292 717 1350 Νοο
746 1313 815 1354 vcro
841 1306 946 1352 temere
973 1292 1043 1352 ille:
1076 1314 1144 1352 nam
1172 1305 1306 1351 naturam

66 1389 215 1472 expiessit
239 1386 294 1446 hoc
322 1386 481 1464 vocabulo,
511 1402 544 1448 ut
571 1388 706 1469 linguae,
738 1403 833 1448 nostra
862 1405 938 1450 certe
963 1391 1079 1470 Belgica
1090 1436 1099 1466 ,
1131 1390 1251 1466 docent,
1271 1374 1306 1451 in
1360 1405 1362 1408 ‘

66 1487 180 1570 quibus
197 1485 267 1544 illae
286 1484 419 1544 notiones
443 1488 517 1545 den
529 1489 622 1546 ledet
633 1489 646 1544 l
654 1491 699 1545 de
710 1510 729 1544 n
736 1534 745 1563 ,
758 1491 883 1563 ferinae
903 1509 952 1547 seu
971 1496 1121 1569 imagines
1134 1490 1305 1569 cogitandi,

66 1586 126 1648 hae
156 1582 348 1643 eoordeel
355 1583 449 1658 den,
476 1593 626 1665 imagines
659 1607 735 1663 quoe
762 1589 911 1645 imitando
939 1595 1174 1664 exprimuntur,
1206 1588 1304 1648 vocari

68 1685 178 1746 solent.
212 1673 334 1753 Τόπους
354 1682 423 1740 item
441 1682 570 1763 appellat
587 1680 713 1742 subinde
731 1682 812 1742 Plato
827 1684 882 1744 boc
902 1683 1025 1743 alterum
1044 1685 1196 1744 notionum
1215 1706 1305 1764 genus

68 1782 91 1842 i.
114 1801 140 1842 e.
154 1785 299 1859 sirmas,
319 1787 472 1860 imagines
479 1825 488 1854 ,
510 1778 597 1838 ducta
623 1779 791 1859 metaphord
812 1802 829 1839 a
847 1782 953 1861 signis,
973 1803 1095 1860 quorum
1111 1783 1251 1863 imagines
1271 1783 1303 1840 in

69 1899 138 1939 cera
167 1880 381 1960 exprimuntur.
409 1876 442 1956 2)
459 1930 467 1937 ..
491 1877 613 1936 Easdem
638 1890 733 1937 autem
762 1876 847 1937 hasce
876 1900 973 1939 rerum
999 1880 1119 1954 formas,
1150 1893 1182 1938 ut
1210 1880 1304 1960 pergit

68 1977 175 2037 eodem
206 1977 270 2037 loco
299 1977 417 2051 Cicero,
440 1985 532 2056 gigni
549 1987 642 2058 neget
660 1976 761 2052 Plato,
782 1986 813 2034 et
831 1984 879 2034 eit
897 1996 1110 2077 temperem,
1131 1998 1166 2035 no
1184 1985 1304 2036 ratione

68 2085 101 2133 et
130 2077 340 2157 intelligentia
367 2081 538 2133 contineri:
564 2084 690 2156 'caetere
718 2081 821 2148 nesci,
842 2074 991 2149 occidere,
1004 2075 1128 2150 fluere,
1150 2076 1231 2151 tati,
1250 2095 1304 2133 nec

67 2174 193 2232 ἆίαίὶυο
217 2194 278 2231 esse
309 2194 368 2231 nno
397 2182 427 2230 et
455 2173 551 2231 eedem
579 2182 672 2232 statu.
695 2170 727 2252 3)
767 2170 886 2231 Scilicet
912 2192 944 2230 eo
962 2172 1088 2252 peitinet
1105 2171 1229 2231 maxime
1244 2184 1305 2233 tote
1334 2148 1367 2227 il»-

66 2269 201 2330 Platonis
231 2270 268 2330 de
294 2271 369 2330 ideis
396 2269 549 2345 doctrina,
566 2283 612 2330 ‘ut
641 2272 674 2331 in
700 2269 754 2329 bac
785 2250 896 2331 reruni
918 2270 1048 2329 omnium
1076 2282 1105 2328 et
1134 2269 1305 2349 opinionum
1355 2322 1366 2343 ,

66 2366 262 2427 fluctuatione
290 2367 430 2444 baberet,
460 2366 538 2447 quod
565 2383 674 2427 certum
699 2381 772 2427 esset
791 2388 845 2427 nec
864 2358 1018 2449 mutationi
1039 2365 1208 2427 obnoxium.
1249 2368 1306 2426 Res

65 2485 201 2546 magnae
219 2486 292 2544 quae
310 2467 351 2524 ita
367 2463 507 2524 dicuntur
526 2465 577 2524 ubi
597 2485 663 2524 cum
681 2465 780 2545 parvis
798 2452 1017 2555 comperantui,
1031 2466 1135 2524 sicum
1149 2464 1306 2543 majoribus

66 2576 296 2644 comparantur,
322 2585 437 2641 porcae
466 2576 625 2644 apparent:
645 2561 789 2621 similiter
813 2563 928 2642 negotia
955 2562 1075 2642 pulcra,
1106 2561 1213 2636 bona,·
1226 2563 1305 2639 justa

58 2658 147 2743 ῇίιο
176 2661 398 2736 existimantur,
425 2660 492 2719 aliis
512 2658 688 2740 tempoiibus
708 2660 836 2738 locisque
854 2672 957 2734 taetra,
978 2658 1072 2733 mala,
1093 2659 1201 2736 injusta
1218 2676 1306 2737 appa·
1358 2714 1369 2739 Ι.

62 2756 148 2821 ient.
170 2757 202 2839 b)
242 2760 322 2833 Quae
342 2759 452 2818 inceita
472 2772 501 2817 et
519 2758 662 2829 contraria
681 2757 717 2817 de
736 2756 822 2816 rebus
839 2756 952 2835 judicia
978 2753 1183 2836 adspectabilis
1202 2744 1328 2814 mundi¹

62 2856 237 2919 conditioni
266 2855 414 2916 tribuebat
438 2857 537 2931 Plato,
567 2858 600 2916 in
628 2878 686 2936 quo
713 2855 845 2916 sensibus
876 2855 962 2913 unice
987 2854 1072 2914 homo
1093 2853 1181 2913 fidem
1199 2852 1306 2928 babet,

90 2964 98 2973 ''
164 2954 171 2967 “
193 2955 385 3023 ,ιια-Ῐιιοιιοὶὶε.
425 2946 625 3036 Quipropter,
656 2975 698 3013 ue.
724 2953 822 3034 decipi
853 2973 905 3011 nos
924 2967 1087 3033 pateremur
1108 2951 1188 3010 falsis
1206 2951 1305 3031 imagi·

125 3070 197 3136 ue„
209 3050 289 3111 ideas
304 3067 371 3111 'nos
396 3052 504 3112 intueri
520 3055 607 3132 jussit
623 3052 657 3113 in
674 3053 784 3113 mundo
804 3049 903 3136 νοητῷ
921 3052 941 3111 i.
964 3051 1106 3130 e..ipsum
1126 3049 1205 3111 illud
1227 3047 1307 3128 quod

62 3166 236 3232 mugitum,
264 3148 343 3229 quod
370 3153 512 3228 aequale,
544 3151 622 3229 quod
646 3155 791 3231 pulcrum
809 3165 860 3212 est.
902 3152 980 3210 Haec
1001 3152 1224 3222 aeternamm,
1245 3148 1306 3222 ait,

63 3261 97 3309 et
127 3246 340 3307 immutabilia:
363 3262 472 3306 caetera
501 3263 680 3326 nascuntur,
701 3226 1164 3327 ocdldunt‚iluunt,*laffi1ntui·.
1210 3244 1241 3306 V
1238 3252 1303 3304 eri-

63 3355 167 3425 tptene
196 3344 285 3426 igitur
316 3346 457 3426 spectavit
486 3347 601 3425 Plato,'
616 3370 706 3428 quum
734 3349 773 3431 de
801 3349 874 3408 ideis
902 3344 1164 3429 philosopharetur.
1217 3342 1308 3402 Ideae

62 3442 151 3527 bpnd
180 3463 245 3504 eum
278 3437 317 3504 toi
347 3435 420 3503 dero
453 3459 539 3520 sunt,
569 3467 643 3526 quae
674 3452 842 3524 ennt,1ion
870 3445 1014 3511 videntur
1043 3461 1111 3499 esse.
1154 3440 1306 3498 Cernimus

66 3556 186 3618 tutem,
213 3565 274 3604 non
300 3557 413 3604 tantum
441 3544 517 3603 hanc
546 3524 710 3604 doctrinain
727 3564 792 3603 cum
808 3547 887 3623 justo
905 3541 1140 3618 disciplinarum
1159 3536 1305 3619 proposito

68 3641 246 3716 convenire,
266 3656 463 3719 quantumst,
485 3656 517 3701 ut
535 3641 684 3700 adrerum
698 3642 864 3715 scientiam,
885 3639 922 3697 ad
941 3631 979 3697 eoi
1001 3627 1073 3696 dna
1094 3656 1147 3694 nos
1163 3634 1304 3711 educant3

69 3736 123 3797 sed
153 3738 277 3798 eandem
303 3740 389 3799 etiem
411 3741 450 3800 ad
469 3750 553 3798 artes
570 3751 647 3798 recte
665 3739 831 3800 tractandas
851 3739 937 3798 unice
956 3757 1015 3797 esse
1032 3751 1130 3818 ,eptem
1150 3749 1179 3794 et
1197 3753 1305 3821 accom-

69 3834 225 3895 modatam.
276 3836 425 3898 Ciceronis
453 3838 489 3898 de
520 3837 641 3935 Phidiap
669 3826 963 3919 signis'sententiam
993 3856 1080 3916 supra
1105 3822 1305 3915 apposuimus,

103 4126 131 4192 1)
151 4127 202 4180 cic.
221 4130 292 4182 Orat.
312 4148 334 4182 ο.
353 4130 378 4182 3.

103 4210 131 4276 2)
148 4213 180 4264 V.
200 4232 221 4265 c.
241 4218 272 4267 de
290 4217 351 4286 ltep.
370 4218 415 4266 111.
436 4215 495 4268 396.
519 4217 550 4269 Ε.

104 4296 132 4362 3)
152 4299 204 4352 cie.
223 4301 240 4351 Ι.
259 4301 276 4352 Ι.

103 4381 141 4447 λ),
150 4385 208 4438 Vid.
225 4385 319 4440 Plieed.
338 4385 396 4435 102.
416 4386 447 4438 Α.
466 4386 496 4437 Β.
