2796 5048
667 234 728 293 438

78 398 213 484 ρωγαηῇ
241 398 368 458 hominis
397 397 435 457 ad
464 396 615 456 veritatem
636 394 801 470 docuimus,
819 393 848 476 1)
878 406 937 453 tam
963 393 1095 475 simplex
1124 393 1197 455 haec
1215 395 1293 476 philo·

78 504 162 586 sophi
192 497 361 576 hominique
391 494 525 555 salutaris
552 493 713 555 admonitio
741 506 799 569 est,
826 507 886 554 mm
911 490 1014 553 eadem
1041 512 1098 573 per
1116 512 1231 553 omnem
1252 497 1295 573 eju

77 598 314 684 philosophiam,
342 595 402 653 sive
424 592 461 653 ad
487 592 641 674 pulcrum,
670 593 732 653 sive
751 594 887 655 universe
906 589 946 650 ad
965 611 1073 653 terum
1091 593 1236 668 refertur,
1258 592 1297 653 do·

79 700 208 758 minatur
227 694 331 775 plane,
349 705 464 770 tamque
484 688 589 752 efficax
608 690 695 751 simul
714 690 752 751 ad
768 712 837 751 vere
851 688 1051 751 excolendum
1067 690 1298 771 erudiendumque

79 796 226 857 hominem
246 805 287 851 est
297 836 306 866 ,
329 804 360 850 ut
380 812 442 851 non
460 789 700 849 committendum
721 788 856 851 videatur
874 787 980 865 nohis,
999 789 1077 867 quin
1096 787 1149 851 hle
1169 788 1299 853 &noeti

81 915 144 955 eam
165 904 288 952 attentos
307 890 446 948 faciamus
466 887 595 948 lectores.
1151 903 1154 909 ’

123 992 195 1050 Nam
221 989 300 1048 omni
311 999 402 1046 aetate
420 984 587 1067 philosophi
607 986 656 1047 tel
679 986 718 1044 ita
739 986 889 1064 conquesti
910 983 947 1045 de
967 985 1102 1047 hominis
1120 984 1301 1045 imbecillitate

81 1102 169 1164 sunt,
198 1088 246 1147 vel
266 1100 325 1145 tam
343 1084 464 1144 arduam
487 1104 546 1143 esse
566 1105 625 1143 rem
645 1084 858 1165 philosophiam
877 1082 1118 1165 perhibuerunt,
1140 1080 1177 1143 rit
1195 1083 1301 1165 philoso-

81 1187 166 1268 phia,
188 1187 234 1245 his
252 1182 431 1256 auctoribus,
451 1182 551 1263 plures
570 1181 741 1242 absterreret
761 1181 935 1242 difficultate
954 1180 1024 1256 suh,
1046 1202 1138 1260 quam
1150 1182 1301 1263 praestantii

79 1298 164 1365 atque
187 1284 313 1343 utilitate
333 1280 472 1341 alliceret.
515 1281 656 1341 Neutrum
677 1281 746 1340 fecit
767 1281 858 1340 Plato.
900 1280 1018 1339 Monuit
1036 1280 1233 1361 simpliciter,
1250 1279 1301 1339 illue

79 1384 140 1442 fere
169 1399 339 1441 conversam
366 1377 519 1438 hominum
549 1391 674 1437 mentem
703 1399 780 1454 esse,
809 1399 867 1458 quo
888 1399 949 1437 non
968 1392 1139 1459 oporteret:
1171 1379 1302 1437 sic-auten

78 1481 232 1551 accidisse,
260 1491 292 1536 ut
313 1475 486 1556 sibimetipsi
507 1475 593 1534 homo
613 1458 782 1555 displiceret
800 1476 977 1550 necessario,
1006 1497 1062 1535 nec
1081 1490 1184 1536 tantos
1203 1477 1302 1551 faceret,

78 1591 201 1657 quantos
220 1589 314 1656 posset
335 1594 367 1632 ac
387 1573 523 1648 deberet,
552 1576 584 1632 in
606 1595 702 1632 rerum
724 1573 928 1654 disquisitione
948 1594 1131 1654 progressus.
1176 1575 1302 1655 Itaqueir

78 1673 174 1755 pulcri
193 1671 345 1732 tractanda
365 1671 564 1752 philosophia,
586 1671 623 1731 ad
637 1681 742 1751 ‚aptum
758 1674 901 1749 pulcrum
919 1672 1062 1731 continuo
1080 1675 1233 1734 convertit
1246 1674 1302 1732 meni

81 1786 139 1831 tem
158 1784 300 1844 nostram,
313 1767 482 1848 artibusque
503 1790 556 1828 nos
569 1771 657 1848 jussit
675 1768 914 1849 elegantioribus,
934 1768 1094 1849 praecipue
1114 1771 1242 1829 musicae
1257 1791 1302 1851 ope

78 1880 140 1930 ra'm
161 1889 283 1942 navare,
303 1881 335 1927 ut
353 1866 400 1925 his
415 1866 585 1927 excolendis
603 1888 669 1926 cum
687 1867 784 1948 pulcri
802 1887 925 1928 amorem
933 1912 943 1942 ,
959 1866 1086 1927 insitum
1101 1867 1193 1929 nohis
1209 1868 1302 1936 naturl,

78 1983 106 2027 et
127 1966 314 2025 excitaremus
338 1979 366 2025 et
383 1965 543 2040 aleremur,
573 1978 635 2025 tum
655 1965 692 2025 ad
713 1967 809 2046 ipsum
829 1965 926 2047 pulcri
948 1958 1146 2046 παράδειγμα
1165 1988 1213 2027 res
1230 1986 1303 2027 omues

77 2065 194 2147 pulcras
213 2063 275 2124 sive
289 2063 422 2124 sensibus
441 2076 587 2143 patentes,
608 2065 721 2140 sivein
744 2065 805 2124 vita
825 2065 951 2144 agenda,
973 2066 1016 2127 in'
1025 2065 1138 2129 officiis
1157 2088 1192 2127 ac
1213 2050 1303 2126 uirtuti·

77 2164 132 2223 hus
149 2163 250 2223 obrias
269 2163 447 2241 exigeremus
468 2182 502 2219 ac
517 2160 719 2239 judicaremus
738 2175 825 2221 recte.
868 2163 926 2223 Nec
945 2162 1002 2223 alia
1022 2167 1103 2224 ratio
1123 2163 1303 2246 philosophiae

77 2262 243 2323 Platonicae
271 2273 332 2332 est,
363 2257 413 2316 ubi
445 2258 483 2318 ad
513 2279 614 2318 rerum
645 2262 770 2320 refertur
791 2261 936 2325 universe.
976 2262 1019 2322 Ut
1038 2262 1110 2323 illic
1129 2263 1170 2324 ad
1191 2262 1303 2345 pulcrum

79 2361 238 2432 continuo,
259 2358 299 2415 ita
330 2354 399 2430 hle,
429 2358 462 2416 in
481 2357 608 2417 naturali
628 2357 719 2439 ipsius
739 2361 957 2440 progressione,
984 2361 1128 2422 universe
1148 2359 1191 2423 ad
1209 2380 1304 2431 remu,

79 2458 141 2517 sive
157 2453 235 2514 illud
252 2454 387 2535 pulcrum
397 2499 406 2529 ,
428 2454 491 2515 sive
513 2454 642 2532 honum,
664 2458 726 2516 sive
741 2459 853 2536 justum
873 2471 929 2535 est,
946 2458 1042 2538 adque
1063 2463 1150 2537 veri,
1171 2458 1229 2523 teti
1244 2452 1306 2531 ittet

79 2553 230 2615 scientiam
250 2551 366 2630 tendit3
392 2567 424 2612 ut
443 2552 611 2636 disciplinis
633 2554 682 2615 hle
703 2556 837 2616 similiter
857 2571 942 2637 atque
959 2557 1024 2617 illic
1043 2559 1186 2639 artibus,
1204 2563 1306 2621 maxine

80 2651 237 2740 dialectici
265 2665 293 2710 et
321 2651 462 2711 aleremus
489 2673 614 2712 amorem
643 2655 706 2715 reri
727 2668 857 2714 nostrum
877 2669 906 2715 et
923 2657 1076 2736 proprium
1095 2660 1188 2721 nohis
1205 2653 1306 2743 ipos

79 2748 137 2832 τῆς
150 2738 269 2832 ψυχῆς,
292 2738 318 2834 ᾦ
336 2743 420 2834 μόνῳ
435 2743 565 2831 ἀλήθεια
586 2744 708 2833 ὁρᾶται,
728 2753 800 2835 (una
817 2752 851 2813 id
869 2775 922 2815 nos
938 2775 1009 2816 voce
1028 2759 1246 2836 exprimimus,
1269 2783 1306 2821 ee-

80 2876 135 2912 aeu
161 2853 353 2910 wuerhat'
364 2850 501 2932 dreia)
531 2873 734 2934 purgaremus,
760 2867 846 2933 atque
865 2850 903 2912 ad
922 2851 1001 2911 illud
1018 2855 1104 2933 quod
1124 2879 1189 2919 non
1207 2861 1307 2919 videtur

80 2951 236 3031 pulcrum,
256 2948 384 3026 honum,
401 2953 533 3031 justum,
555 2951 606 3011 sed
627 2963 689 3028 eet,
717 2952 755 3013 ad
775 2944 814 3012 toi
833 2941 924 3025 ὄντα,
956 2949 994 3010 ad
1014 2950 1122 3030 ideas,
1151 2954 1193 3014 ad
1213 2969 1307 3015 aetem

81 3046 114 3109 ἐν
138 3047 181 3132 τῇ
206 3038 292 3127 φύσει
313 3049 375 3109 veri
393 3045 621 3130 παραδείγματα
640 3053 813 3133 erigeremus
832 3063 957 3113 mentem
976 3064 1128 3111 nostram:
1156 3074 1220 3132 quo
1235 3053 1307 3136 perti-
1337 3074 1341 3085 ·

82 3149 148 3209 nuit
177 3169 243 3207 cum
264 3149 359 3207 omnis
379 3152 442 3229 ejus
462 3153 674 3212 accuratissime
695 3152 830 3211 instituta
849 3150 888 3210 de
905 3147 1074 3228 disciplinis
1096 3171 1131 3211 ac
1153 3151 1307 3224 dialectica,

81 3263 143 3307 tum
162 3246 232 3304 haec
243 3288 253 3320 ‚
287 3266 373 3324 quam
403 3247 488 3309 modo
518 3248 711 3326 tradidimus,
741 3248 778 3309 de
808 3249 919 3309 mundo
947 3246 1046 3331 νοητῷ
1063 3268 1101 3308 ac
1121 3252 1188 3312 veri
1208 3249 1308 3313 scienti

81 3344 250 3425 disputatio.
293 3345 381 3403 Hunc
412 3345 503 3424 igitur
531 3346 564 3407 in
592 3347 710 3407 modum
728 3347 810 3408 Plato
830 3368 885 3407 nec
905 3348 944 3408 de
960 3347 1135 3409 infirmitate
1152 3349 1308 3411 tacutmm

81 3457 244 3505 nostrarum
264 3465 318 3502 nec
336 3441 374 3502 de
391 3443 596 3526 philosophiae
616 3444 789 3506 difficultate
810 3459 937 3524 questus,
956 3445 1135 3525 simpliciter
1151 3447 1223 3525 alio,
1241 3465 1308 3527 quau

81 3540 169 3615 solet,
189 3542 421 3602 convertendum
440 3543 571 3603 animum
591 3558 722 3603 nostrum
738 3545 929 3606 existimarit:
951 3545 1116 3618 imovero,
1138 3545 1309 3624 quemadmo-

81 3636 152 3697 dum
173 3659 222 3712 eo,
239 3661 296 3717 quo
317 3655 446 3721 oportet,
469 3642 687 3702 convertendus
708 3642 762 3716 sit,
783 3643 875 3722 ipsius
895 3642 981 3705 nohis
1000 3641 1196 3724 philosophia
1214 3644 1309 3705 illustre

81 3734 286 3794 documentum
315 3751 365 3796 est.
408 3741 533 3799 Miratus
553 3740 688 3819 equidem
709 3760 914 3821 saepenumero
932 3762 1013 3815 sum,
1042 3739 1120 3819 quid
1139 3741 1308 3811 caussaesit,

81 3846 113 3893 ut
144 3854 204 3891 non
234 3833 326 3892 solum
356 3857 457 3916 parum
475 3837 544 3896 haec
565 3838 697 3897 curarint
714 3837 901 3919 philosophi,
932 3838 983 3899 sed
1004 3838 1057 3898 vix
1076 3839 1236 3919 quisquam
1252 3837 1309 3898 ader

82 3931 275 4011 interpretum
302 3932 516 3993 Platonicorum
546 3935 585 3993 ad
613 3935 689 3994 hanc
721 3936 861 3996 rationem
890 3936 986 3997 adhuc
1008 3936 1181 3997 universam
1200 3934 1308 4016 exegerit

79 4026 249 4109 philosophi
279 4028 457 4091 doctrinam]
504 4031 590 4106 Quod
622 4054 682 4090 non
701 4034 830 4113 profecto
850 4033 996 4093 socordiae
1017 4033 1174 4095 hominum
1197 4035 1306 4095 tribues·

80 4123 150 4182 dum
178 4139 297 4205 putem:
329 4148 414 4200 nam,
446 4129 577 4207 neglecta
599 4130 653 4189 hac
675 4130 801 4212 simplici
823 4133 951 4206 ratione,
977 4132 1033 4213 ipsi
1055 4132 1113 4191 sihi
1136 4131 1306 4193 difficultates

10 4456 13 4461 ,
113 4397 139 4463 dl
158 4401 300 4470 Praecipue
315 4421 339 4470 p.
359 4403 418 4455 376.
