2796 5048
688 241 748 302 453

87 420 198 471 ,omnes
214 400 271 481 ipsi
290 420 341 480 per
356 420 386 459 se
402 398 450 460 vel
469 399 540 458 mali
560 413 630 459 sunt
652 400 698 461 vel
708 415 831 461 nocent:
851 402 972 464 trahunt
992 419 1132 482 mentem,
1150 422 1182 468 ut
1192 410 1330 487 vidimus,

81 497 129 567 'in
159 517 259 557 omues
278 509 393 578 partes;
420 497 471 558 sed
499 518 574 555 unus
604 509 664 573 est,
681 499 776 575 ⁴cujus
802 497 904 560 ductui
933 515 962 559 et
979 501 1072 562 veluti
1089 508 1194 565 tractui
1212 509 1331 588 obsequi

82 594 237 669 ,debemus
267 595 363 655 unice:
392 594 477 653 illum
498 593 582 669 dico,
608 596 659 674 qui
680 616 745 654 cum
764 596 877 655 ratione
896 600 1041 658 consentit
1061 603 1179 682 ejusque
1200 605 1332 665 minister

90 706 147 753 est.
191 691 227 751 Id
249 713 352 774 nempe
373 706 430 767 est,
459 690 537 770 quod
557 691 594 751 de
615 693 735 752 rationis
756 693 846 752 ductu
866 694 1053 756 Atheniensis
1074 698 1126 757 ille
1147 699 1249 784 hospes
1270 724 1334 763 mo·

89 791 177 866 nuit,
197 789 318 851 δεῖσθαι
338 782 495 870 ὑπηρετῶν
514 783 568 849 roci
590 782 685 868 λόγον
706 780 837 871 ἀγωγην.
849 791 888 873 l).

133 889 206 950 Vim
225 891 314 970 igitur
332 892 437 963 amoris
456 891 490 949 in
509 892 607 950 animo
623 891 770 966 hominis,
800 891 944 971 siquidem
959 895 1081 954 rationis
1100 901 1250 958 accesserit
1270 920 1333 960 mo-

86 987 250 1064 deramen,
278 987 316 1047 ad
335 989 473 1051 virtutem
492 986 726 1069 honestatemque
744 1010 928 1071 permagnam
947 1011 1024 1067 esse,
1044 992 1114 1053 hinc
1134 1009 1224 1075 patet.
1266 998 1332 1059 Cer·

86 1084 178 1145 nitur
196 1099 290 1145 autem
310 1087 342 1144 in
363 1084 468 1144 iisdem
487 1084 567 1144 hisce
585 1087 743 1146 arctissima
760 1086 901 1166 quaedam
920 1088 1038 1149 virtutis
1058 1088 1264 1172 felicitatisque
1282 1118 1333 1157 ne·

85 1182 249 1243 cessitudo.
288 1181 375 1257 Quod
405 1184 438 1242 in
464 1182 565 1242 eodem
584 1182 638 1242 illo
658 1185 762 1244 amoris
779 1185 890 1265 hymno
913 1186 1010 1261 Plato,
1038 1201 1070 1246 ut
1088 1188 1121 1249 in
1134 1192 1332 1271 superioribus

85 1280 371 1355 animadvertimus,
391 1280 463 1339 mira
482 1279 661 1340 sublimitate
679 1281 849 1344 celebravit.
896 1285 993 1342 «Nam
1014 1305 1131 1360 amans,
1163 1288 1204 1346 ait
1226 1289 1330 1348 Socra·

82 1390 151 1452 tes„
183 1391 214 1445 ut
241 1399 350 1458 eoquo
370 1377 500 1438 diximus
520 1378 626 1454 modo,
650 1379 741 1439 altero
759 1379 813 1440 illo
833 1401 907 1459 equo
926 1381 1063 1459 adjutus,
1083 1403 1197 1464 -pravas
1215 1387 1330 1467 cupidi·

76 1487 165 1537 tates
184 1475 256 1537 vicit
275 1477 463 1555 domuitque,
483 1497 541 1554 quo
560 1478 622 1558 ipse
642 1477 767 1556 agitatur
784 1499 896 1554 amore,
923 1477 1023 1538 eodem
1039 1481 1102 1558 jam
1120 1481 1228 1542 imbuit
1249 1505 1329 1543 ama·

82 1573 177 1635 aium.
217 1576 301 1634 Amat
329 1575 418 1654 igitur
446 1587 474 1633 et
502 1575 605 1648 hicce,
636 1595 808 1654 quamquam
828 1576 902 1654 quid
919 1591 995 1637 amet
1014 1580 1118 1640 nescit.
1160 1579 1211 1639 Fit
1223 1594 1327 1640 autem
1380 1578 1384 1590 '

81 1690 187 1741 amore
202 1662 322 1746 mutuo,
344 1685 377 1730 ut
394 1685 532 1751 tauquam
552 1672 586 1730 in
604 1671 737 1752 speculo,
757 1674 798 1732 sic
820 1676 853 1734 in
874 1690 987 1735 amante
1006 1677 1209 1758 semetipsum
1228 1677 1326 1758 adspi-

77 1769 157 1855 ciat.
199 1767 312 1841 Absens
339 1770 442 1856 igitur*
457 1768 604 1829 desiderat
624 1793 707 1845 eum,
738 1786 770 1830 ut
790 1771 828 1831 ab
848 1792 881 1831 co
898 1772 1081 1833 desideratur
1100 1775 1249 1850 vicissim,
1271 1797 1323 1837 nec

77 1865 249 1947 ‚quidquam
274 1868 356 1948 cupit
383 1866 601 1943 vehementius,
620 1889 706 1947 quam
728 1882 760 1927 ut
780 1863 891 1950 semper
911 1891 976 1928 cum
996 1891 1030 1930 eo
1051 1871 1089 1930 sit
1111 1891 1180 1932 una.
1225 1872 1263 1931 Et
1283 1875 1324 1933 sic

75 1964 208 2047 quidem
228 1964 312 2042 ambo
328 1964 440 2024 beatam
462 1978 546 2044 atque
565 1966 737 2026 concordem
757 1956 936 2046 praesentem
954 1981 1044 2047 agunt
1064 1969 1173 2045 vitam,
1204 1970 1326 2031 modesti

80 2076 116 2123 et
134 2061 252 2121 sibimet
272 2063 343 2143 ipsis
362 2063 556 2144 imperantes,
574 2063 720 2138 subactis,
741 2083 765 2122 ·e
783 2063 890 2142 quibus
910 2065 1000 2139 vitia,
1021 2065 1054 2123 in
1072 2064 1234 2125 libertatem
1254 2069 1325 2127 vin-

76 2158 195 2223 dicatis
204 2205 213 2236 ,
232 2181 248 2218 e
268 2160 375 2240 quibus
396 2161 519 2222 virtutes
538 2160 673 2220 oriuntur·
683 2185 690 2237 3
713 2162 818 2220 mortui
838 2167 907 2222 v'ero
917 2205 926 2235 ,
954 2163 1131 2242 recuperatis
1148 2162 1223 2239 alis,
1237 2185 1326 2245 prae-

79 2259 170 2339 petes
195 2257 330 2333 evolant,
356 2279 423 2318 cum
450 2259 539 2316 trium
558 2260 748 2317 certaminum
769 2259 990 2339 Olympicorum
1010 2280 1102 2318 uuum
1122 2262 1321 2342 pervicerint:

78 2374 145 2434 qno
165 2376 233 2414 sane
253 2354 457 2436 praestabilius
473 2355 583 2415 bonum
603 2377 656 2415 nec
677 2357 805 2416 humana
824 2358 1033 2437 temperantia,
1062 2377 1116 2416 nec
1136 2356 1259 2420 divinus
1278 2345 1323 2418 fu·

78 2474 135 2525 ror
154 2452 268 2513 homini
286 2453 385 2513 afferre
403 2452 498 2512 ullum
515 2466 644 2533 potest.»
657 2454 699 2531 2).

157 2612 216 2672 De
237 2619 429 2690 justitia
460 2614 760 2689 etfelt'citate.
814 2613 1063 2690 Sufficitoe
1094 2588 1250 2674 humilta·

357 2714 406 2771 od
436 2713 550 2770 beate
580 2714 797 2770 vivendum
819 2711 1037 2789 justitio?

124 2873 326 2933 Veruntamen
349 2893 422 2951 quae
448 2892 484 2930 ex
504 2870 689 2952 philosophia
708 2873 804 2953 pulcri
823 2873 861 2932 ad
881 2872 1078 2952 qaaestionem
1099 2868 1135 2928 de
1150 2872 1264 2948 justitia
1285 2892 1317 2930 ac

74 2971 225 3032 felicitate
250 2969 399 3030 attulimus
425 2969 584 3044 hactenus,
605 2972 843 3052 praeparaverint
863 2972 933 3031 haec
955 2992 1007 3029 nos
1026 2968 1236 3048 quodammodo
1256 2971 1318 3030 for·
1383 2980 1387 2988 '

75 3082 173 3142 tasse,
194 3081 240 3142 ut,
258 3067 337 3147 quod
355 3067 531 3147 quaerimus,
550 3069 734 3128 inveniamus
751 3068 909 3147 aliquando
915 3093 923 3144 ;
944 3067 1127 3150 philosophia
1139 3068 1213 3143 justi
1232 3068 1319 3128 aliam

74 3166 213 3248 postulat
237 3165 479 3246 disquisitionem.
521 3166 563 3223 De
585 3167 700 3242 justitia
724 3166 774 3225 htc
803 3166 947 3246 agendum
966 3165 1051 3225 nobis
1071 3178 1131 3224 est:
1153 3167 1317 3226 discernere

76 3283 145 3323 eam
163 3284 179 3322 a
199 3264 318 3324 caeteris
336 3261 497 3323 virtutibus
517 3263 691 3340 majoribus,
716 3287 741 3350 a·
751 3265 911 3345 sapientia,
941 3264 1132 3339 fortitudine,
1159 3280 1317 3346 temperan-

77 3361 123 3420 tia
145 3373 273 3440 oportet:
293 3359 491 3440 quaerendum
507 3361 675 3442 praecipue,
696 3383 766 3420 num
785 3362 822 3421 ad
840 3363 916 3422 bene
934 3362 1075 3439 beateque
1086 3361 1246 3420 vivendum
1258 3364 1318 3441 ipsa

78 3455 214 3517 sufficiat
232 3478 299 3520 una.
341 3457 496 3536 Attigimus
514 3458 600 3532 haec,
620 3480 709 3538 quum
730 3460 762 3516 in
776 3458 963 3539 philosophia
986 3459 1049 3518 veri
1068 3456 1219 3515 tractanda
1238 3456 1318 3515 Plri-

78 3557 185 3614 ledum
205 3555 423 3635 explicabamus
450 3554 588 3614 Platonis.
630 3553 688 3614 Sed
714 3555 813 3629 Plato,
842 3569 874 3613 ut
903 3553 1049 3627 vidimus,
1080 3572 1146 3611 cum
1175 3552 1319 3613 scribebat

76 3650 232 3730 dialogum
251 3651 353 3727 illum,
374 3653 472 3710 minus
490 3651 616 3711 Sdhratis
633 3672 750 3711 suamve
777 3651 949 3712 sententiam
969 3648 1136 3723 declarare,
1165 3670 1250 3727 quam
1268 3650 1318 3711 ad·

77 3748 187 3808 hibere
196 3748 321 3807 Philolai
342 3749 451 3830 placito
472 3747 623 3831 περὶτῶν
645 3744 774 3829 ἀπείρων
794 3769 825 3808 τε
848 3745 896 3807 καὶ
916 3739 1116 3829 περαινόντων
1134 3743 1319 3869 diplecticam

84 3990 97 4004 ..
121 3933 148 3998 l)
168 3934 257 3996 Altero
271 3937 335 4002 ‚lere
355 3953 424 4006 equo
439 3939 565 3991 Platonici
584 3925 636 3988 τόν
660 3918 767 4003 θνμδν
782 3935 973 3988 intellexeruut.
1009 3935 1190 4002 viddlntpp.
1208 3932 1322 4009 adhunc

76 4036 180 4097 locum.
215 4037 272 4090 Nou
294 4039 397 4107 quidem
414 4042 520 4108 inepte:
544 4055 603 4092 nam
623 4038 692 4104 apud
707 4037 843 4092 Platonem
864 4047 916 4091 tam
932 4025 1051 4109 θυμός,
1069 4055 1144 4108 qnam
1167 4038 1228 4088 recti
1246 4051 1320 4088 amor

78 4129 179 4181 rationi
197 4133 332 4197 succurrit3
352 4130 399 4182 sed
413 4130 601 4198 philosophus,
621 4147 676 4181 cum
694 4130 840 4184 Phaedrum
859 4133 999 4194 scriberet,
1018 4131 1133 4183 nondum
1147 4130 1252 4180 videtur
1268 4144 1320 4179 uo·

78 4226 184 4277 tionem
208 4214 314 4293 θυμοῦ
341 4229 403 4279 satis
426 4226 475 4278 sibi
497 4227 618 4278 distincte
641 4229 829 4292 proposuisse:
848 4229 899 4281 hoc
918 4229 1020 4281 demum
1035 4230 1062 4288 iu
1076 4227 1172 4281 Politia
1192 4228 1262 4296 egit,
1288 4231 1318 4275 ut

78 4317 151 4371 infra
168 4319 339 4372 monebimus.

116 4400 145 4466 2)
164 4401 272 4455 Placete.
290 4404 342 4456 256
361 4407 392 4457 Α.
409 4406 429 4455 Β
476 4405 523 4457 Cff.
541 4406 618 4456 initia
637 4424 662 4472 p.
683 4405 730 4468 76,
750 4407 791 4458 tt.
1037 4418 1120 4545 a·
