2774 5048
634 217 724 293 ,nr

81 378 169 438 nibus
187 380 293 440 nostris
312 392 552 453 consentaneum,
573 380 623 440 sed
635 377 713 459 quod
727 398 827 449 rerum
844 395 885 440 est
894 423 903 455 ,
920 381 1103 460 quaerimus,
1123 383 1186 466 sire
1203 403 1292 447 conte

80 479 143 538 niat
160 476 236 552 illis,
258 477 319 538 sire
336 491 484 558 repugnet.
525 476 676 556 Quidquid
693 477 781 557 igitur
798 478 947 539 clamitant
964 480 1031 556 isti,
1051 480 1131 541 nihil
1150 501 1230 542 nunc
1243 483 1292 560 qui·

79 575 145 636 dem
165 597 317 636 moramur.
352 575 461 650 Quodsi
478 575 641 653 quaerendo
659 576 795 656 reperisse
814 577 898 637 nobis
916 576 1073 655 aliquando
1089 578 1232 640 nonnihil
1250 581 1292 643 rid

79 675 235 748 fuerimus,
255 687 317 733 tum
336 671 446 732 scilicet
464 695 524 732 non
542 673 776 755 aspernabimur,
796 674 847 734 sed
862 674 1021 736 redibimus
1040 675 1078 736 ad
1096 675 1164 736 illos
1183 676 1292 754 hilaro,

80 771 131 832 sed
148 792 245 831 corum
263 772 383 832 inventa
402 769 572 851 diligentius
590 772 854 847 considerabimus,
874 773 991 853 illisque
1009 775 1079 834 haec
1104 789 1204 835 nostra
1226 797 1292 837 com·

78 869 241 952 parabimus
251 893 259 945 3
283 871 306 928 si
323 867 514 950 praestabunt
538 869 608 944 illa,
629 869 830 946 laudabimus,
851 873 1045 953 accipiemus:
1067 893 1134 931 nam
1159 874 1292 935 neminem

79 968 209 1043 odimus,
229 967 412 1044 omniumque
432 968 549 1026 minime
569 967 635 1028 illos
660 968 789 1043 scilicet,
809 969 860 1047 qui
879 971 1036 1051 sapientiae
1055 984 1123 1030 sunt
1141 986 1170 1031 et
1188 973 1292 1033 virtutis

79 1066 216 1126 doctores.
257 1065 310 1124 Sin
340 1086 408 1125 vero
434 1086 494 1124 non
525 1065 704 1125 videbuntur
730 1081 888 1148 praestare,
910 1068 977 1142 illi,
997 1066 1071 1147 quid
1098 1069 1228 1145 faciant,
1248 1069 1292 1151 ipa

79 1164 225 1227 viderint:
256 1184 309 1223 nos
332 1163 436 1244 speciei
464 1163 631 1239 veritatem,
657 1164 790 1244 opinioni
809 1166 1001 1246 praeferemus
1028 1166 1190 1228 scientiam.
1231 1169 1292 1231 Cat·

78 1277 169 1322 terum
187 1260 335 1321 scientiam
352 1281 422 1335 nos,
433 1261 457 1319 si
475 1261 571 1321 minus
590 1275 808 1337 consecuturos,
829 1276 924 1338 certe,
940 1262 1105 1342 vcujusmodi
1124 1264 1180 1339 sit,
1196 1284 1292 1325 assoon

77 1375 155 1420 turos
174 1380 232 1420 esse
242 1405 251 1434 ,
272 1345 463 1434 confidimus,
484 1379 628 1441 speramus
644 1359 760 1419 saltem:
792 1381 877 1439 quam
896 1361 981 1421 nobis
999 1382 1079 1443 spem
1097 1362 1152 1423 alit
1169 1360 1292 1424 considu-

78 1459 170 1533 ratio,
187 1459 294 1536 justam
312 1478 366 1516 nos
383 1457 533 1516 instituere
557 1457 717 1536 quaerendi
740 1459 898 1534 rationem,
913 1460 1021 1540 quippe
1039 1481 1055 1518 a
1074 1458 1292 1543 nobismetipsis,

78 1556 115 1615 ab
134 1556 264 1630 homine,
285 1555 377 1617 areri
394 1574 488 1614 amore
505 1554 617 1615 homini
632 1556 733 1629 innato
746 1555 959 1636 proficiscentes
968 1581 977 1634 ;
997 1557 1091 1618 firmat
1109 1573 1205 1619 autem
1224 1578 1292 1640 spem

78 1653 161 1714 illam
180 1653 303 1713 maxime
329 1652 379 1712 hic
405 1654 466 1733 ipse
490 1666 586 1712 noster
614 1653 789 1728 variamur,
810 1656 893 1734 cujus
920 1655 1024 1730 nobis,
1046 1669 1077 1716 ut
1103 1657 1196 1737 ipsius
1225 1657 1292 1719 vius

79 1766 208 1827 nostrae,
228 1751 337 1811 conscii
355 1771 461 1810 sumus.
502 1748 560 1810 Sed
579 1771 730 1830 sequamur
747 1750 850 1811 ducem
869 1766 1007 1813 nostrum.
1047 1740 1049 1748 ¹

262 1945 320 2005 De
339 1953 474 2005 inrito
494 1952 657 2004 natura
678 1947 837 2005 bomini
856 1956 948 2007 veri
968 1970 1111 2009 amore.

117 2144 198 2204 Plato
216 2144 249 2202 in
265 2141 383 2201 Politia
405 2141 545 2220 ejusmodi
575 2128 658 2201 nobis
687 2141 910 2223 disputationem
937 2144 1072 2222 reliquit,
1091 2166 1162 2224 quae
1183 2166 1219 2205 ex
1237 2146 1292 2226 ipsa

17 2263 23 2268 ·
76 2245 165 2326 petita
182 2240 308 2302 bominis
326 2237 443 2314 indole,
454 2261 512 2298 una
531 2239 627 2300 valere
644 2241 770 2301 maxime
783 2239 822 2301 ad
836 2242 965 2303 veritatis
981 2242 1191 2303 vindicandam
1204 2256 1291 2303 aucto·

76 2343 189 2401 ritatem
206 2338 313 2421 possit3
336 2351 363 2396 et
390 2358 458 2397 sane
483 2336 694 2414 adolescentes,
714 2360 785 2418 quos
802 2338 865 2398 illic
888 2339 1084 2418 colloquentes
1101 2361 1167 2401 cum
1187 2341 1289 2429 Socrate

76 2441 146 2500 fecit
157 2485 165 2514 ,
185 2438 256 2497 tales
276 2436 425 2516 proposuit
443 2435 546 2511 nobis,
566 2436 665 2514 quales
691 2458 742 2507 suo
763 2437 819 2517 ipsi
846 2437 964 2517 ingenio
993 2439 1113 2498 insitum
1132 2439 1286 2499 mortalibus

76 2537 231 2621 proderent
253 2555 377 2594 amorem
396 2535 468 2595 veri.
490 2533 519 2615 1)
539 2534 596 2595 Sed
613 2535 667 2594 hoc
694 2536 772 2596 idem
790 2534 856 2594 aliis
873 2536 1090 2599 conscribendis
1108 2536 1243 2618 dialogis,
1259 2535 1283 2595 ir

76 2637 177 2719 primis
198 2636 371 2707 Theaeteto,
392 2631 460 2693 data
478 2633 562 2713 operh
591 2634 665 2714 egit:
687 2647 774 2712 utque
801 2647 941 2714 apparent
967 2627 1026 2692 fere
1052 2634 1179 2695 hominis
1204 2632 1282 2695 studia

75 2736 279 2814 facultatesque
298 2753 331 2791 eo
347 2731 507 2805 illustrius,
524 2752 580 2810 quo
598 2732 635 2790 sit
653 2732 843 2813 praestantius
860 2732 1026 2810 ingenium,
1040 2733 1072 2791 in
1086 2754 1144 2812 quo
1157 2731 1279 2814 eaepr

75 2856 186 2909 ramus,
206 2835 247 2892 ita
263 2835 296 2892 in
319 2832 373 2890 hoc
394 2830 478 2890 nobis
497 2829 611 2908 dialogo
637 2829 779 2909 perfectae
804 2842 922 2888 naturae
946 2827 1156 2891 adolescentem
1183 2827 1279 2912 conspi-

75 2933 211 2992 ciendum
230 2928 497 3012 explorandumque
515 2926 606 2986 dedit.
628 2927 707 2986 Fecit
725 2926 835 2985 scilicet
852 2925 1040 3008 philosophus
1060 2929 1092 2988 in
1111 2928 1158 2989 his
1176 2929 1211 2989 de
1229 2945 1278 2989 tert

76 3029 344 3110 disquisitionibus,
364 3026 441 3106 quod
461 3026 499 3087 in
513 3023 689 3084 sermonibus
703 3022 739 3083 de
759 3023 860 3105 pulcro
880 3037 907 3082 et
926 3045 1019 3084 amore
1038 3027 1204 3106 perfecerat.
1227 3023 1277 3087 Illic

76 3149 129 3187 nos
154 3129 187 3186 in
213 3124 335 3185 mediani
360 3124 499 3183 continuo
521 3121 669 3182 transtulit
695 3122 791 3203 pulcri
813 3121 1042 3203 philosophiam,
1062 3125 1187 3205 imagine
1213 3120 1277 3185 nobit

76 3225 200 3286 Phaedri
218 3221 422 3305 proponendh,
443 3220 609 3301 pulcerrimi
627 3219 862 3296 adolescentiset
880 3241 1016 3300 perquam
1045 3223 1197 3299 amabilis,
1215 3221 1277 3299 cujas

77 3345 143 3385 cum
162 3323 275 3383 Socrate
294 3321 331 3381 de
347 3320 449 3401 pulcro
468 3333 497 3378 et
512 3340 605 3377 amore
623 3338 765 3377 sermones
783 3316 815 3376 id
833 3319 1002 3394 effecerunt,
1018 3333 1050 3379 ut
1068 3341 1126 3380 esse
1146 3323 1277 3382 fateremur

76 3442 199 3482 amorem
224 3443 285 3480 non
308 3419 429 3479 noxium
455 3415 641 3490 mortalibus,
670 3429 702 3475 ut
729 3415 830 3495 Lysiae
855 3414 1007 3496 placebat,
1032 3417 1083 3477 sed
1109 3421 1276 3485 maximum

76 3521 217 3580 bonorum
235 3530 387 3577 auctorem.
427 3515 536 3574 Pariter
555 3535 634 3573 nunc
653 3512 737 3573 nobis
757 3511 965 3572 adolescentem
982 3517 1118 3596 proponit
1137 3517 1232 3577 indole
1245 3510 1279 3573 di·

78 3619 164 3694 vind,
185 3639 245 3677 non
264 3617 436 3687 formosum,
457 3613 566 3672 Socrati
586 3611 657 3672 adeo
677 3597 870 3685 simillimum,
891 3613 941 3690 qui
959 3634 976 3669 a
988 3614 1079 3672 forma
1091 3616 1217 3696 profecto
1231 3628 1274 3673 non

77 3715 328 3777 commendabatur
346 3732 529 3792 magnopere,
551 3709 602 3769 'sed
619 3709 722 3784 talem,
741 3709 854 3788 qualem
872 3709 926 3767 hoc
944 3711 1068 3789 postulat
1085 3726 1274 3792 argumentur,

78 3816 245 3895 flagrantem
272 3811 427 3893 sapientiae
455 3829 567 3882 amore,
596 3807 698 3866 naturh
725 3806 947 3887 philosophum,
977 3810 1114 3889 cujusque
1141 3813 1175 3873 in
1199 3809 1274 3878 anim

76 3914 204 3973 Socrates
223 3912 339 3970 insitam
357 3907 489 3967 discendi
508 3905 754 3986 cognoscendique
774 3902 938 3964 facultatem
965 3907 1005 3965 sic
1032 3910 1139 3969 excitat
1167 3901 1274 3969 seiuncti·

77 4011 193 4086 nando,
215 4024 264 4084 ut,
285 4028 357 4086 quae
377 4005 501 4064 hominis
519 4005 555 4062 sit
578 4003 615 4061 ad
635 4003 782 4063 veritatem
806 4001 1012 4062 inveniendam
1040 4004 1156 4066 indoles
1178 4004 1272 4068 nativas

76 4130 204 4190 quaeque
232 4106 341 4165 indolis
368 4105 404 4162 sit
428 4103 513 4180 hujus
533 4101 743 4182 promovendae
770 4100 1050 4182 corroborandaeque
1077 4105 1150 4164 tutio
1170 4103 1272 4200 optima,

78 4222 178 4290 sponte
197 4207 284 4265 simus
303 4201 466 4262 assecuturi.
508 4201 579 4259 Nam
598 4199 695 4272 Plato,
715 4199 794 4276 quod
812 4198 958 4274 diximus,
979 4220 1051 4277 quae
1071 4216 1165 4263 mente
1182 4211 1271 4271 excugl·

80 4341 335 4358 ,-,,-,,....-..

114 4409 138 4477 1)
156 4412 194 4463 na
210 4411 272 4478 top.
290 4406 335 4458 vr.
