2796 5048
672 222 729 283 tol

316 386 482 447 Ubinam
502 395 544 445 in
564 395 754 448 civitate
781 383 1098 465 temperantia?

116 584 245 663 Reperta
272 581 305 641 in
326 581 405 642 bunc
423 581 542 645 modum
570 604 635 643 cum
663 584 806 665 sapientii
825 584 859 643 in
876 582 1016 655 civitate,
1036 592 1098 638 tum
1119 576 1319 650 fortitudine,

79 678 190 756 «duo,
219 680 262 740 ait
284 679 435 756 Socrates,
465 695 575 742 restant
595 684 627 743 in
653 683 772 743 civitate
789 678 1020 752 consideranda,
1041 675 1250 757 temperantia,
1271 688 1318 749 et,

75 782 163 861 cujus
190 778 282 860 gratii
309 777 379 839 haec
407 780 504 841 omnia
533 782 747 861 perquirimus,
775 778 901 858 justitia.
922 802 957 814 -
977 778 1104 836 Prorsus.
1126 804 1160 813 -
1180 773 1319 833 Invenire

71 880 136 959 jam
154 878 296 937 continuo
310 877 455 959 justitiam
474 879 632 961 possimus,
655 893 686 938 ut
706 900 742 938 ne
761 877 834 958 quid
855 878 887 937 in
906 872 1109 954 investiganda
1129 870 1320 951 temperantia

75 976 264 1037 laboremus?
285 1003 321 1012 ·-
340 975 484 1056 Equidem
505 998 599 1057 neque
619 977 652 1037 id
672 980 746 1054 scio,
769 998 863 1056 neque
891 974 981 1035 velim
1009 972 1094 1050 pubis
1121 971 1202 1051 prius
1229 969 1319 1047 justi-

75 1075 151 1135 tiam
180 1074 379 1151 innotescere,
408 1097 494 1155 quam
522 1077 742 1157 temperantiam
771 1073 1070 1136 consideraverimus:
1092 1088 1180 1149 quare
1202 1068 1228 1127 si
1246 1067 1318 1126 mihi

75 1184 194 1253 gratum
221 1172 266 1231 vis
295 1171 407 1248 fecere,
437 1174 519 1255 prius
546 1173 619 1251 hoc,
650 1197 736 1254 quam
761 1174 839 1233 illud
851 1219 859 1248 ‚
880 1173 1062 1252 investigato.
1082 1205 1117 1214 -
1138 1168 1214 1228 Volo
1234 1163 1319 1245 equi-

75 1268 145 1331 dem
156 1269 221 1355 ,3si
249 1282 325 1330 recte
356 1270 396 1330 ita
425 1271 513 1333 facio.
542 1304 575 1315 -
604 1273 762 1333 Considera
792 1273 891 1352 igitur.
911 1270 1061 1343 -Ecce,
1089 1265 1260 1338 considero,
1291 1277 1319 1325 et

75 1367 151 1429 binc
181 1366 300 1447 quidem
328 1370 470 1449 spectanti
497 1380 655 1431 concentus
684 1384 713 1429 et
732 1370 899 1430 harmoniae
917 1369 1024 1448 magis,
1045 1386 1131 1445 quam
1151 1364 1318 1446 superiora,

76 1465 186 1526 similis
206 1465 333 1537 videtur.
354 1469 473 1543 -Quo
492 1471 602 1551 pacto?
623 1500 658 1510 ·-
678 1461 808 1547 Κόσμος
831 1459 890 1529 nori
917 1489 963 1540 τις
988 1458 1008 1547 ἡ
1030 1455 1210 1544 σωφροσύνη
1233 1457 1298 1520 ἐστὶ
1307 1505 1317 1533 ,

74 1561 126 1627 καὶ
148 1556 267 1645 ἡδονῶν
287 1563 375 1624 τινῶν
392 1564 442 1626 uui
464 1564 635 1647 ἐπιθυμιῶν
657 1564 824 1653 ἐγκράτεια,
848 1561 890 1645 ὥς
906 1588 995 1650 φασι,
1017 1563 1139 1651 κρείττω
1162 1558 1202 1645 iq*
1224 1554 1318 1622 edroi

74 1659 225 1749 liyomg,
259 1665 288 1747 l)
322 1660 375 1727 criu
401 1660 458 1728 οἷδ’
487 1661 586 1733 ὅντινα
614 1666 742 1754 τρόπον,
770 1672 819 1734 καὶ
850 1665 925 1733 itta
955 1664 1031 1732 drea
1061 1664 1185 1730 veturiae
1217 1657 1316 1743 ὥσπερ

74 1763 149 1851 ἴχνη
178 1760 271 1852 αὐτῆς
298 1761 424 1849 λὲγεται·
445 1773 547 1834 cultus
574 1783 619 1833 eet
642 1777 757 1854 aliquis
786 1780 990 1854 temperantia
1018 1774 1048 1830 ei
1074 1793 1094 1828 a
1113 1767 1317 1845 voluptatibus

75 1871 260 1953 quibusdam
286 1891 322 1929 ac
351 1874 570 1951 cupiditatibus
597 1875 803 1948 abstinentia,
834 1882 870 1930 ut
899 1878 1012 1948 ajunt,
1041 1871 1174 1927 dieentes
1201 1865 1318 1924 scilicet

74 1969 213 2047 aliquem
240 1989 301 2026 aare
329 1991 359 2027 ec
385 1978 449 2048 epau
474 1978 677 2047 superaqrem,
707 1979 804 2030 nescio
831 1993 887 2050 que
908 1970 1007 2043 modo,
1029 1977 1120 2045 atqua
1137 1966 1202 2023 alia
1221 1970 1315 2021 etiam

75 2067 251 2147 quaedam,
271 2075 418 2147 tanquam
443 2076 491 2127 rei
512 2077 639 2150 vestigia
659 2072 817 2129 dicuntur.
838 2110 874 2120 -
892 2067 1022 2127 Maxime
1042 2062 1183 2124 omnium.
1203 2087 1238 2098 -
1257 2061 1317 2119 Re-

75 2167 159 2249 spice
177 2165 285 2245 igitur,
305 2187 391 2245 quam
410 2167 495 2227 modo
513 2168 717 2243 condidimus,
737 2168 904 2228 civitatem:
926 2164 1061 2225 invenies
1078 2162 1111 2221 in
1130 2159 1184 2219 illa
1194 2158 1318 2216 alterum

76 2284 199 2339 eorum,
232 2262 312 2323 dices
340 2286 402 2324 eam
427 2280 504 2325 recte
525 2266 668 2348 appellari
687 2288 717 2326 se
736 2267 798 2346 ipsa
816 2263 1010 2346 superiorem,
1031 2258 1195 2339 siquidem,
1217 2256 1317 2314 sime·

78 2361 141 2421 lius
166 2360 198 2421 in
217 2381 250 2419 ea
266 2363 359 2442 pejori
379 2363 520 2444 imperat,
541 2378 702 2444 temperans
725 2364 850 2424 dicenda
871 2379 913 2424 est
939 2375 967 2422 et
993 2382 1022 2421 se
1043 2360 1104 2441 ipsa
1124 2354 1264 2437 superior.
1287 2381 1318 2391 ·-

75 2459 141 2540 Ego
172 2480 241 2519 vero
267 2460 391 2541 respicio
417 2461 507 2521 illuc:
529 2483 563 2521 ac
591 2481 659 2521 vera
677 2460 814 2540 loqueris.
836 2493 869 2504 -
890 2461 1048 2521 Enimvero
1067 2456 1222 2518 vilissimas
1239 2471 1322 2530 quas-

75 2577 135 2637 que
167 2569 195 2616 et
220 2556 331 2616 nullius
359 2580 420 2617 non
446 2560 560 2638 generis
588 2557 779 2640 cupiditates,
801 2559 964 2640 voluptates
983 2556 1153 2632 doloresque
1171 2552 1203 2609 in
1223 2549 1326 2630 pueris

75 2654 146 2735 quis
177 2654 301 2714 maxime
327 2670 356 2715 et
386 2656 558 2715 mulieribus
587 2657 734 2734 servisque
765 2656 907 2737 reperiet,
938 2668 1000 2713 tum
1026 2652 1112 2711 etiam
1141 2650 1174 2706 in
1203 2666 1321 2717 eorum,

75 2751 130 2831 qui
149 2751 271 2829 ingenui
290 2750 451 2828 dicuntur,
472 2754 627 2815 vilioribus
654 2753 827 2833 quibusque.
848 2751 880 2834 2)
900 2792 934 2803 -
954 2751 1092 2810 Omnino.
1112 2743 1322 2822 -Simplices

76 2869 149 2909 vero
178 2861 205 2907 et
232 2849 412 2925 moderatas,
433 2872 506 2929 quae
535 2852 756 2911 ratiocinatione
783 2851 902 2930 ipsaque
924 2861 1021 2907 mente
1039 2859 1067 2905 et
1085 2858 1162 2903 recta
1182 2842 1322 2923 opinione

76 2948 251 3021 ducuntur,
281 2948 312 3007 in
342 2950 442 3030 paucis
472 2972 570 3010 eorum
599 2952 743 3032 reperies,
774 2950 806 3008 in
833 2948 895 3007 illis
919 2947 1082 3019 duntaxat,
1113 2943 1184 3022 qui,
1214 2943 1324 3022 optime

79 3046 142 3107 nati
154 3090 164 3120 ,
196 3045 301 3126 optime
331 3047 459 3107 instituti
487 3062 566 3108 sunt.
589 3079 621 3090 —
644 3049 720 3109 Vera
747 3048 819 3107 haec
848 3058 926 3106 sunt.
947 3045 1106 3103 -Nonne
1133 3043 1203 3102 haec
1234 3044 1275 3102 ita
1292 3063 1325 3102 se

77 3143 189 3203 habere
216 3143 248 3205 in
277 3144 396 3205 civitate
417 3161 512 3205 nostra
533 3145 635 3223 vides,
655 3145 867 3227 gubernarique
888 3143 970 3224 vulgi
994 3155 1023 3201 et
1043 3143 1148 3202 vilium
1168 3142 1323 3200 hominum

79 3241 257 3323 cupiditates
286 3243 498 3323 cupiditatibus
528 3266 561 3303 ac
590 3243 747 3326 prudentii
775 3264 932 3326 paucorum
962 3241 1211 3321 modestorumque
1240 3240 1323 3301 viro-

79 3341 174 3399 rum?
196 3340 346 3401 -Video
370 3342 515 3421 equidem.
536 3376 571 3386 -
591 3344 622 3403 Si
643 3365 699 3423 qua
719 3344 807 3424 igitur
834 3343 939 3403 civitas
968 3343 1115 3422 potentior
1144 3341 1182 3398 sit
1207 3336 1322 3418 cupidi·

80 3438 191 3498 tatibus
210 3459 242 3497 ac
263 3439 463 3521 voluptatibus
474 3487 483 3516 ,
504 3443 623 3523 ipsaque
642 3455 730 3500 semet
750 3441 812 3520 ipsi
823 3486 831 3515 ,
853 3440 925 3499 baec
943 3441 984 3498 ita
1003 3436 1182 3518 appellanda
1199 3438 1265 3497 est?
1286 3465 1322 3477 -

79 3538 221 3599 Omnino.
241 3564 275 3575 -·
295 3539 399 3597 Nonne
426 3539 496 3599 item
513 3553 631 3621 propter·
658 3539 728 3598 haec
750 3539 845 3597 omnia
866 3537 1053 3617 temperans?
1074 3565 1109 3575 -
1129 3534 1267 3593 Maxime.
1294 3564 1321 3570 -

79 3635 118 3695 Et
147 3656 236 3709 vero,
267 3636 292 3695 si
320 3635 382 3695 ulla
409 3637 441 3696 in
469 3637 528 3696 alia
555 3638 676 3699 civitate
696 3650 763 3696 tam·
776 3635 960 3714 regentibus,
979 3653 1066 3713 quam
1085 3633 1123 3692 iis
1142 3632 1193 3711 qui
1213 3654 1323 3712 regan*

81 3808 338 3818 ...οὴ

111 3922 143 4017 ί1)
163 3923 274 3976 Secutus
295 3926 322 3976 in
346 3927 386 3977 his
412 3943 467 3977 sum
489 3927 648 3978 Stallhaumii
666 3925 885 3977 emendationem.
924 3922 1024 3992 Vulgo:
1050 3933 1132 4000 φασι·
1153 3908 1275 3994 κρείττω
1287 3905 1324 3970 di

78 4005 178 4067 αυτοῦ
198 4008 364 4086 φαίνονται,
388 4003 440 4071 otiu
455 4043 490 4052 -

115 4112 143 4177 2)
172 4114 272 4167 Graece
297 4117 405 4188 legitur:
434 4108 466 4170 ἕν
493 4110 563 4170 πᾶσι
592 4105 721 4190 μάλιστα
743 4104 781 4171 ἄν
803 4134 846 4184 τις
874 4103 953 4191 εὕροι
978 4109 1027 4172 καὶ
1052 4105 1164 4190 γυναιξὶ
1186 4144 1221 4153 —
1245 4113 1323 4174 0¹1⁰d

80 4195 173 4246 durius
200 4196 293 4248 dictum
318 4201 344 4250 in
371 4202 500 4254 foeminae
525 4204 637 4255 videtur.
674 4204 795 4268 Scripsit,
828 4204 852 4252 ni
878 4202 969 4264 fallor,
1000 4202 1090 4263 Plato,
1118 4200 1157 4250 uti
1184 4199 1323 4255 vertimus,

79 4271 115 4333 ἐν
136 4272 219 4333 παισὶ
240 4269 449 4354 pail-Saepe
467 4287 529 4338 hacc
549 4289 585 4339 ita
600 4288 668 4354 apud
688 4286 822 4338 Platonem
835 4285 995 4355 junguntur,
1013 4287 1051 4338 uti
1064 4302 1126 4337 mox
1146 4281 1204 4335 433.
1223 4285 1253 4336 D·
1275 4269 1323 4334 καὶ

80 4374 116 4436 ἕν
136 4373 221 4436 παιδὶ
241 4375 290 4436 καὶ
312 4375 344 4436 ἒν
365 4375 477 4456 γυναικὶ
496 4375 546 4438 καὶ
567 4375 599 4437 ἓν
621 4370 719 4461 δούλῳ
740 4375 789 4437 καὶ
809 4374 843 4437 ἕν
865 4369 1026 4461 ἐλευθέρῳ.
