2774 5048
699 220 757 280 1⁷0

115 379 253 443 dicuntur
271 398 299 445 et
317 372 452 457 riorum:
484 383 515 442 id
538 395 630 439 autem
649 396 691 440 est
702 388 835 458 justitia
860 395 888 440 et
908 390 1119 459 temperantia.
1162 382 1228 443 Huc
1255 382 1340 463 igitur

118 482 274 563 respiciens
287 495 381 542 orator
401 482 470 557 ille,
487 493 546 539 arto
564 479 686 559 insignis
703 493 730 538 et
751 480 845 539 bonus
854 525 863 554 ,
884 482 988 541 animis
1007 480 1161 541 adhibebit
1179 498 1336 551 sermones,

117 600 301 658 quoscunque
321 579 410 655 dicit,
426 595 454 640 et
472 581 546 638 facta
565 600 616 659 sua
631 580 743 637 omnia:
766 577 899 657 idemque
914 580 975 637 sive
993 576 1133 639 concedat
1152 574 1267 656 aliquid
1280 576 1334 637 site

117 690 200 756 neget
210 722 218 750 ,
239 675 312 736 illuc
332 700 443 759 semper
463 678 604 736 intentam
624 690 747 735 mentem
766 675 906 751 babebit,
932 691 965 735 ut
983 677 1092 736 civium
1108 677 1213 737 animis
1229 674 1330 753 justitia

114 773 202 848 insit,
223 774 299 835 absit
319 777 479 855 injustitia,
509 777 698 855 temperantia
723 774 811 847 insit,
839 774 914 833 absit
938 775 1179 856 intemperantia,
1205 787 1326 833 caeterae

114 892 169 949 que
189 874 311 932 virtutes
330 875 423 934 insint
442 895 539 933 omnes
549 919 558 947 ,
578 871 761 933 discesserint
780 875 879 933 vitia.»
907 872 937 954 l)
1014 912 1018 917 -

154 970 328 1049 Hujusmodi
348 986 409 1047 est,
429 993 514 1051 quem
533 971 613 1030 Plato
633 971 807 1048 quaerebat,
828 985 922 1031 orator
949 992 1053 1046 verus,
1073 972 1124 1051 qui
1145 991 1206 1030 non
1234 966 1366 1051 gratil·

73 1082 226 1163 ..gggaretur
252 1071 363 1130 civium
393 1070 597 1144 lubidinibus,
619 1068 705 1128 sed
697 1091 772 1150 ipsos
800 1067 927 1129 efficeret
951 1069 1076 1129 dicendo
1095 1068 1245 1128 meliores·
1274 1086 1322 1125 nou

88 1158 233 1225 'dicendi
250 1169 375 1247 quadam
394 1168 461 1229 dote
479 1190 509 1228 se
527 1167 757 1242 commendaret,
778 1168 830 1228 sed
843 1181 919 1228 totus
936 1182 1007 1227 esset
1022 1189 1074 1248 per
1093 1186 1256 1248 germanam
1272 1162 1321 1275 pli·

113 1263 271 1345 losopbiam
300 1268 338 1328 ad
365 1268 503 1327 virtutem
532 1282 560 1326 et
583 1267 754 1349 sapientiam
783 1266 986 1327 conformatus.
1028 1264 1076 1325 Ad
1104 1268 1188 1344 cujus
1215 1262 1322 1345 specim
1363 1266 1366 1313 i

113 1383 178 1421 cum
197 1366 364 1447 principes,
385 1386 456 1444 quos
475 1365 604 1424 Athenae
624 1364 769 1439 tulerant,
791 1379 915 1425 oratores
930 1367 1074 1445 exigeret,
1093 1364 1166 1423 tales
1182 1384 1244 1423 non
1258 1378 1322 1443 repr
1363 1340 1366 1405 l

113 1461 214 1521 riebat.
265 1463 409 1540 Pericles,
430 1467 488 1538 ait,
516 1484 606 1523 mores
630 1465 739 1523 civium
767 1485 827 1522 uon
855 1477 968 1522 tantum
995 1485 1055 1523 non
1082 1460 1267 1534 emendavit,
1284 1452 1323 1517 sed

113 1561 258 1640 corrupit:
277 1563 401 1638 meteri,
420 1562 589 1637 Miltiades,
609 1561 834 1637 Themistocles,
856 1564 976 1638 Cimon,
997 1563 1022 1621 si
1046 1582 1107 1620 non
1130 1566 1322 1639 corruperunt,
1364 1608 1366 1651 i

113 1670 210 1717 tamen
239 1655 520 1723 non'·'emendarunt'
538 1660 744 1721 Athenienses:
774 1683 842 1720 nam
868 1662 892 1721 si
917 1662 995 1721 cives
1023 1680 1088 1719 suos
1116 1676 1233 1738 reapse,
1261 1648 1323 1733 qual
1363 1692 1366 1733 :

114 1755 182 1814 boni
200 1756 314 1836 politici
328 1772 358 1819 et
375 1762 495 1820 oratoris
514 1759 642 1821 officium
660 1773 702 1818 est
720 1772 747 1817 et
766 1774 884 1833 munus,
903 1759 1034 1819 meliores
1047 1757 1184 1816 fecissent
1200 1750 1324 1825 dicendo,
1363 1806 1366 1831 ,

115 1852 194 1912 baud
211 1876 278 1914 sanc
297 1857 334 1915 ab
353 1858 390 1916 iis
407 1858 455 1917 vel
472 1860 574 1939 poenis
593 1857 737 1916 affectivel
757 1879 771 1915 c
792 1858 908 1916 civitate
922 1856 1004 1935 ejecti
1019 1856 1159 1913 fuissent:
1182 1850 1215 1933 2)
1241 1869 1324 1930 quau·
1364 1845 1366 1885 3

114 1952 212 2012 obrem
241 1955 367 2014 ministri
395 1959 522 2032 civium,
544 1978 591 2017 cu
594 1970 671 2016 itatis
690 1949 817 2017 διάκονοι
839 1953 957 2013 luerunt
985 1952 1080 2013 seduli
1107 1965 1136 2011 et
1164 1950 1366 2032 diligentes,

113 2050 163 2109 sed
183 2051 334 2126 πολιτικοὶ,
356 2055 456 2132 quales
476 2076 535 2114 esse
551 2070 661 2136 oportet
676 2059 726 2136 qui
742 2058 887 2117 civitatem
901 2051 1027 2149 dicendo
1045 2048 1215 2131 agendoque
1232 2048 1325 2107 bonan
1363 2042 1366 2107 l

111 2150 274 2233 justamque
295 2153 442 2227 efficiant,
463 2172 523 2212 non
541 2154 672 2214 fuerunt.

152 2249 231 2322 Q'uid
249 2251 287 2309 ad
311 2252 469 2330 perfectum
493 2251 710 2312 informandum
739 2234 877 2312 oratoieui
901 2250 1030 2310 conferre
1050 2246 1196 2321 debeant,
1225 2256 1326 2303 auctore

23 2396 30 2419 ,
112 2345 248 2421 Platone,
269 2347 442 2429 discipliuae
471 2351 633 2429 graviores,
662 2352 827 2431 praesertim
854 2348 1005 2408 dialectica
1016 2392 1024 2421 ,
1046 2346 1123 2404 infra
1152 2343 1325 2414 docebimus5

112 2440 162 2501 sed
190 2443 244 2503 boc
272 2444 353 2521 loco,
376 2446 425 2505 ubi
450 2445 486 2506 de
508 2449 570 2507 veri
601 2470 695 2509 amore
722 2450 849 2530 agimus,
870 2448 919 2527 qui
948 2466 1014 2504 cum
1038 2444 1169 2522 justitiae
1198 2457 1327 2519 veraeque

112 2541 230 2602 virtutis
253 2543 349 2604 studio
373 2547 624 2623 conjunctissimus
644 2562 703 2623 est,
725 2549 860 2607 interiora
887 2545 1047 2625 perspicere
1071 2541 1201 2600 Platonis
1219 2536 1328 2599 consta

112 2660 267 2714 conemur,
287 2665 376 2722 quum
393 2644 586 2723 eloquentiam
606 2647 772 2705 informaret
792 2641 963 2724 cogitando,
984 2662 1055 2719 quae
1083 2654 1111 2699 et
1133 2651 1245 2720 regeret
1262 2656 1328 2695 rem-

111 2738 259 2819 publicam
279 2755 365 2800 totam
386 2756 413 2800 ct
432 2743 469 2802 ad
488 2765 584 2802 veram
603 2745 804 2826 praestantiam
823 2742 1047 2818 felicitatemque
1065 2752 1137 2797 esset
1155 2728 1327 2818 protecturi.

110 2837 198 2895 Haud
217 2841 325 2918 recepit
344 2841 376 2898 in
396 2861 475 2915 eam,
508 2856 539 2900 ut
566 2864 650 2922 supra
669 2841 814 2915 vidimus,
833 2836 1031 2899 celeberrimos
1049 2842 1166 2917 poetas,
1187 2854 1225 2894 nc
1246 2835 1330 2916 ipsum

109 2932 226 3013 quidem
244 2942 395 3015 poetarum
413 2939 595 3018 principem,
616 2941 788 3000 Homerum:
811 2960 879 2998 nam
903 2936 1011 2995 frustra
1029 2936 1062 2995 in
1082 2955 1182 2993 eorum
1201 2930 1328 2991 carmini·

110 3031 166 3090 bus
185 3034 261 3092 vitae
278 3037 457 3114 quaesiverat
477 3038 634 3112 rationem,
655 3060 740 3117 quam
758 3050 869 3097 secutae
884 3036 1015 3095 civitates
1033 3032 1072 3092 ad
1091 3029 1331 3092 virtutem‘bone·

109 3143 264 3209 etatemque
284 3132 464 3212 pr.oficerent
487 3132 519 3214 3)
540 3135 706 3195 Similiter'
698 3159 731 3195 ιιι
749 3135 883 3216 optimis,
902 3153 952 3211 qui
943 3130 1068 3191 adbuc
1090 3131 1229 3203 suerent,
1248 3138 1360 3186 orato'

109 3226 190 3286 ribus
209 3230 379 3308 sapientiam
397 3228 627 3309 desideraverat,
648 3255 720 3313 quac
738 3232 776 3292 ad
794 3233 930 3313 optimam
954 3228 1082 3305 civitatis
1101 3225 1342 3285 administratio·

111 3344 178 3382 nem
196 3325 397 3405 postularetur.
440 3328 574 3407 Scilicet,
596 3346 626 3390 ut
645 3333 764 3412 poisin,
785 3331 824 3390 ita
844 3328 1045 3407 eloquentiam*
1049 3324 1142 3385 'Plato
1162 3344 1272 3382 novam
1288 3324 1336 3382 in-

110 3421 214 3481 ducere
241 3425 352 3485 studuit
362 3449 483 3507 „quae
505 3431 528 3487 si
549 3432 625 3489 inter
642 3431 774 3489 mortales
792 3441 940 3509 appareret
961 3422 1138 3504 aliquando,
1162 3441 1337 3481 summorum

109 3519 171 3579 illis
189 3521 329 3584 bonorum
356 3527 422 3585 fons
451 3541 522 3585 esset
550 3529 664 3587 futurus
682 3527 850 3586 uberrimus.
891 3523 984 3583 Illam‘
1003 3520 1168 3602 spectabat,
1191 3534 1226 3579 ut
1254 3518 1339 3580 modo

85 3616 236 3678 *diximus
246 3667 254 3695 ,
275 3644 347 3701 quae
366 3646 426 3684 non
445 3624 611 3685 adularetur
631 3627 744 3687 civibus
754 3673 762 3700 ,
783 3624 834 3685 sed
853 3644 899 3682 eos
919 3619 1071 3681 emendare
1090 3621 1258 3694 niteretur,
1279 3640 1340 3679 non

108 3717 227 3794 gratiam
251 3721 330 3800 apud
348 3743 394 3781 eos
413 3724 488 3782 inire
508 3738 535 3782 et
555 3724 673 3802 gloriam
693 3738 834 3805 reportare
854 3720 999 3795 studeret,
1021 3716 1071 3777 sed
1096 3717 1146 3776 sua
1177 3732 1253 3777 esset
1281 3717 1338 3779 vir·

107 3826 168 3873 tute
186 3830 339 3892 contenta,
360 3841 487 3899 quaeque
506 3835 618 3880 tantum
643 3822 769 3896 abesset,
791 3833 841 3893 ut,
862 3818 939 3897 quod
961 3816 1097 3879 Callicles
1124 3828 1259 3895 spectare
1279 3816 1341 3875 sive

107 3911 199 3971 solum
217 3915 279 3973 sive
297 3918 419 3978 maxime
440 3919 612 3993 videbatur,
634 3921 723 4000 ipsius
742 3919 903 3999 prospicere
927 3916 1045 3976 oratoris
1066 3928 1132 3972 cam
1152 3913 1252 3972 famae
1278 3926 1342 3989 tum

107 4010 193 4071 saluti
213 4012 357 4090 studeret,
379 4030 410 4075 ut
429 4017 492 4091 bic,
514 4017 561 4078 vcl
581 4038 596 4075 a
617 4017 731 4077 civibus
747 4016 785 4075 ad
800 4028 918 4075 mortem
937 4013 1165 4086 condemnatus,
1187 4031 1247 4071 nec
1269 4032 1342 4071 mor·

691 4180 702 4205 Ι

140 4250 164 4316 ι)
182 4254 254 4321 aoy.
273 4255 331 4306 sor.
346 4256 377 4306 Α.
392 4283 426 4292 -
441 4256 498 4307 soa.
519 4258 548 4307 u.

139 4334 165 4399 ι)
182 4338 242 4389 ma.
262 4339 320 4390 sos.
340 4338 369 4392 c.
392 4341 449 4392 ιιι.
467 4341 503 4391 u:

138 4417 165 4483 3)
181 4423 257 4475 riam
278 4442 303 4490 p.
324 4425 365 4475 81.
