2796 5048
681 249 741 309 354

95 420 262 498 Quaerebat
279 414 428 474 scientiam
457 400 558 487 illim,
590 432 650 471 non
679 411 830 471 tractabat.
873 411 954 473 Fecit
972 415 1124 490 omnino,
1156 417 1240 496 quod
1269 418 1336 478 iden

92 517 252 588 Socratici,
272 511 351 593 quod
373 510 539 591 Xenophon
558 523 592 569 et
605 509 688 570 Plato
706 510 836 570 fecerant
846 530 956 591 ,quum
965 513 1135 592 perfectam
1152 514 1209 574 ille
1228 537 1337 576 monar-

91 617 207 688 chiam,
226 613 275 672 hic
293 609 500 690 rempublicam
522 608 713 668 describeret:
738 610 779 668 sic
800 608 851 668 ille
872 610 1045 686 scientiam,
1074 633 1161 690 quae
1189 614 1335 675 mathema·

88 715 181 786 ticae,
211 729 285 790 quae
315 707 472 789 physicae,
494 729 567 786 quae
586 708 707 766 cacteris
729 722 886 788 praestaret
904 707 1060 785 omnibus,
1078 731 1156 771 cum
1177 716 1335 791 quaesivit,

89 825 151 869 tum
168 811 199 869 in
218 829 303 891 opere
323 802 390 886 ueni
416 805 477 865 τῶν
497 800 574 882 μετὰ
594 800 632 866 roi
654 799 764 887 promti
785 804 972 897 adumbravit
991 828 1024 867 ac
1046 807 1228 891 descripsit.

130 907 188 968 Sed
203 909 334 988 quamvis
353 907 390 967 ab
411 908 577 988 usurpanda
596 907 804 986 tractandaque
822 906 877 965 hac
904 904 1007 965 divina
1028 907 1163 966 scientia
1197 908 1335 969 abstitim-

88 1006 127 1064 rit
146 1006 330 1080 hristoteles,
360 1006 400 1065 sic
421 1007 483 1086 ipse
506 1008 568 1083 ejus
590 1005 745 1086 splendore
773 1017 873 1085 captus
904 1017 933 1062 ct
951 1018 1127 1064 occaecatus
1160 1007 1258 1067 ferme
1282 1022 1333 1082 est,

90 1118 121 1163 ut
139 1104 192 1164 vix
213 1104 304 1163 ullius
323 1103 491 1185 philosophi
512 1104 548 1163 de
570 1104 656 1163 rebus
676 1102 917 1183 intelligibilibus
945 1103 1129 1162 sententiam
1164 1107 1333 1187 perspiceret

86 1216 180 1276 recte,
202 1202 309 1283 placita
327 1216 404 1261 certe
421 1222 487 1262 cum
506 1218 702 1277 caeterorum,
724 1217 786 1262 tum
803 1202 895 1283 ipsius
915 1199 987 1259 adeo
1005 1201 1149 1280 magistri
1171 1204 1220 1261 sui
1238 1203 1277 1264 ad
1290 1204 1333 1263 ht·

84 1301 132 1376 jus
152 1301 290 1359 scientiae
310 1321 441 1361 normam
458 1301 707 1381 interpretaretur.
749 1302 822 1359 Nam
841 1298 918 1358 idem
942 1318 1115 1357 caussarum
1137 1301 1333 1379 exquirenda·

86 1419 151 1456 rum
165 1397 313 1472 studium,
334 1399 413 1477 quod
432 1399 540 1458 Ionicis
561 1398 744 1480 philosophis
762 1420 794 1457 ac
818 1387 966 1478 Leucippo
987 1409 1015 1456 ct
1046 1398 1230 1459 Democrito
1259 1402 1333 1460 atui-

84 1494 206 1569 huerat,
228 1495 413 1576 Pythagoreis
433 1497 543 1577 pariter
560 1511 645 1575 atque
665 1497 823 1571 Eleaticis,
854 1497 913 1554 imo
931 1495 1048 1554 Platoni
1079 1494 1240 1557 obtrusit:
1261 1499 1332 1577 quasi

85 1600 222 1650 namara
242 1592 289 1651 illi
309 1593 482 1674 placitisque
502 1595 539 1654 de
557 1616 590 1654 eo
607 1595 687 1674 quod
705 1605 769 1670 est,
790 1594 872 1674 quasi
894 1594 970 1652 ideis
989 1592 1074 1652 Plato
1096 1614 1208 1653 rerum
1228 1616 1331 1657 causat

84 1689 293 1769 significasset:
316 1692 394 1770 quod
414 1692 610 1752 demonstrare
628 1707 778 1769 accurate,
800 1691 936 1751 adductis
965 1711 1001 1748 ex
1029 1691 1095 1772 ipso
1120 1692 1250 1753 Platone
1262 1694 1332 1769 locis,

86 1788 118 1846 in
139 1785 240 1847 eodem
258 1789 312 1848 hoc
332 1789 368 1850 dc
387 1793 592 1870 metaphysica
614 1812 700 1872 opere
719 1806 839 1851 conatus
856 1804 907 1849 est.
932 1786 962 1868 l)
992 1787 1097 1847 Simile
1118 1790 1331 1870 quodammode

85 1900 152 1945 ante
170 1887 354 1947 Aristotelem
377 1890 545 1969 Protagorae
565 1890 712 1969 negotium
734 1890 828 1948 fuerat
839 1933 847 1964 ,
878 1887 929 1966 qui
947 1887 987 1945 sic
1006 1885 1196 1966 sophisticae
1215 1910 1329 1970 parens,

83 1996 116 2041 ut
135 1983 159 2042 is
177 1986 392 2067 metaphysicae
413 1987 509 2047 dictus
527 1987 702 2066 habitusque
721 2000 771 2046 est.
814 1986 971 2064 Antiquam
1000 1983 1051 2042 hic
1070 1997 1173 2045 artam
1202 1988 1329 2070 sophisti·

83 2102 146 2141 cam
175 2082 310 2158 dixerat,
340 2107 394 2145 nec
425 2085 518 2144 solum
549 2106 564 2142 a
594 2085 793 2166 philosophis,
824 2082 875 2144 sed
896 2081 1038 2163 apottis,
1066 2080 1107 2141 ab
1126 2084 1280 2162 Homero,
1298 2084 1330 2147 ab

83 2179 230 2255 Hesiodo,
261 2182 465 2257 aSimonide,
495 2184 569 2259 quin
600 2184 688 2242 etiam
713 2183 750 2241 ab
780 2181 896 2262 Orpheo
916 2194 944 2240 et
963 2180 1103 2256 Musaeo,
1128 2184 1329 2264 pariterques

84 2279 206 2337 musices
224 2293 253 2337 et
271 2281 466 2359 gymnastices
486 2281 630 2359 magistris
660 2280 698 2339 ad
728 2281 840 2361 generis
869 2278 991 2338 humani
1017 2277 1329 2345 cultum'‘adhibitut

82 2395 151 2437 esse.
174 2377 207 2458 2)
243 2380 290 2438 Sic
322 2378 509 2453 Aristoteles,
541 2399 598 2457 quo
628 2379 689 2458 ipse
719 2378 859 2438 tendebat
888 2379 995 2453 unice,
1016 2375 1123 2437 eodem
1146 2400 1253 2441 omnes
1270 2393 1328 2441 ane

82 2475 177 2556 ipsum
194 2476 384 2558 philosophos
401 2476 603 2552 contendisse,
625 2477 760 2557 quodque
780 2478 935 2537 invenerat
954 2477 1016 2557 ipse
1035 2474 1086 2536 vel
1103 2476 1265 2553 invenisse
1279 2477 1327 2539 sibi

83 2572 259 2651 videbatur,
279 2573 311 2635 id
330 2596 429 2634 omncs
449 2576 623 2654 quaesivisse
643 2576 723 2635 omni
745 2595 834 2650 aevo,
865 2573 1052 2656 opinabatur.
1094 2575 1214 2637 Nocuit
1240 2592 1326 2639 auten

30 2728 35 2737 ,
83 2670 123 2731 ita
154 2687 284 2733 veterum
311 2672 552 2755 philosophorum
579 2673 815 2754 interpretationi
846 2671 1051 2744 vehementer,
1083 2685 1154 2733 tum
1189 2698 1276 2751 vero,
1300 2687 1327 2733 ut

83 2791 202 2851 aegrae
232 2772 353 2854 posteris'
381 2775 498 2854 fereque
526 2793 661 2854 perverso
689 2770 776 2831 modo
805 2771 1009 2852 acciperentur
1037 2768 1180 2834 Platonis
1207 2774 1325 2859 placita,

28 2931 31 2937 ,
81 2870 159 2930 idern
185 2871 279 2932 effecit
305 2873 440 2932 maxime.
483 2874 548 2947 Quo
581 2871 671 2950 magis
700 2868 804 2943 nobis,
836 2883 868 2928 ut
893 2868 1033 2943 fecimus,
1053 2881 1115 2929 tota
1136 2868 1324 2953 proponendt

81 2967 144 3043 ejus
173 2968 371 3049 metaphysica
400 2970 576 3044 videbatur,
607 2980 640 3027 ut
668 2980 743 3027 recte
772 2966 810 3027 ab
829 2967 882 3027 illa
908 2966 1090 3027 Platonicam
1109 2966 1322 3052 philosophia!

80 3063 333 3145 distingueremus.

103 3261 343 3322 Doctrinae
363 3263 626 3323 Platonicae
647 3273 686 3320 et
707 3261 1034 3320 Aristotelicas
1054 3244 1305 3325 discrimen.

121 3460 383 3522 Juvenis'omnino
402 3458 550 3535 Socrates,
571 3471 602 3518 ut
620 3458 657 3519 de
684 3477 744 3517 sese
764 3455 843 3537 apud
864 3457 1011 3517 Platonem
1032 3457 1168 3533 fatetur,
1201 3456 1318 3521 adnue·

83 3571 130 3618 tus
150 3563 337 3640 Anaxagorae
358 3557 521 3618 doctrinam
540 3570 583 3618 est
592 3604 601 3633 ,
622 3577 752 3636 quaeque
771 3554 843 3615 inde
862 3554 900 3616 de
918 3565 1017 3614 mente
1031 3570 1210 3636 perceperat
1229 3568 1317 3617 etta!

81 3655 231 3735 amplexus
239 3657 326 3718 avide
336 3671 378 3717 est
388 3671 416 3717 et
426 3657 561 3738 probavit
572 3670 678 3737 postea,
689 3675 854 3713 caussarum
864 3674 933 3716 sero
943 3653 1025 3713 illam
1035 3657 1064 3711 et
1082 3651 1317 3733 disquisitionem

81 3765 110 3811 et
130 3753 353 3833 explicationem
364 3777 424 3815 non
442 3755 587 3835 probavit.
609 3755 668 3814 Nec
679 3751 764 3811 aliter
774 3753 870 3812 risum
880 3751 937 3812 sibi
947 3751 1036 3811 fuisse
1047 3751 1129 3831 ,ipsc
1141 3750 1316 3813 Platoineo

83 3849 149 3910 dem
168 3849 222 3910 illo
231 3850 355 3910 Socratis
363 3873 493 3912 sermone
515 3850 688 3924 enarrando,
699 3848 861 3910 declaravit
880 3850 957 3910 satis.
977 3849 1050 3909 Nam
1058 3849 1141 3927 quod
1162 3848 1205 3911 de
1222 3846 1317 3911 eeu&

78 3947 143 4008 illic
164 3962 350 4028 quaerentem
369 3949 514 4010 Socratem
533 3939 832 4027 inducit,triuovg
851 3969 966 4023 rerum,
995 3968 1076 4022 nou,
1108 3959 1142 4006 ut
1174 3943 1314 4007 Aristoteli

78 4045 208 4125 placuit,
229 4064 325 4104 rerum
344 4045 461 4125 proprie
479 4048 519 4106 sic
540 4047 633 4107 dictas
650 4068 763 4107 caussas
783 4047 942 4108 intellexit.
970 4043 1029 4105 Sed
1048 4045 1148 4125 ipsum
1171 4043 1314 4104 audiamus

80 4142 233 4203 Socratem.
279 4163 294 4197 u
305 4144 440 4221 Dejectus
462 4143 570 4223 igitur,
591 4145 708 4224 inquit,
730 4145 853 4206 mirifica
872 4143 925 4203 illa
943 4163 1012 4224 spe,
1029 4141 1201 4222 rejectique
1209 4146 1312 4205 Anan-

114 4352 139 4414 l)
156 4354 236 4405 Arist.
249 4354 357 4422 Metapli.
375 4352 395 4403 l.
413 4369 439 4420 p.
459 4352 500 4406 10.
519 4352 560 4405 12.
578 4352 621 4404 15.

110 4435 138 4498 2)
155 4437 229 4489 Plato
241 4438 342 4505 Protoq.
358 4436 417 4490 316.
436 4438 468 4489 D.
