2796 5048
1132 162 1145 193 0

668 238 729 301 574

80 414 197 465 rectum
228 410 289 475 eet,
322 397 381 458 Dei
411 410 526 475 motus,
547 410 600 480 qut
627 424 685 461 non
714 403 877 477 utemur,
905 408 1044 476 imitati,
1075 413 1201 462 nostrae
1221 415 1309 466 mutui

80 507 272 584 cogitationis
290 505 324 556 in
345 499 480 558 ordinem
498 519 668 560 revocemus
684 522 719 559 ae
739 520 955 579 componamus.
966 522 981 556 u
996 497 1028 581 l)
1067 501 1182 561 Pariter
1198 503 1237 565 de
1254 525 1311 566 cae-

81 601 150 662 teris
180 595 314 657 sensibus
341 598 446 656 nostris
471 618 503 658 ac
534 598 723 659 facultatibus
746 598 861 659 stituit.
910 598 985 659 Eum
1012 597 1044 658 in
1074 599 1168 660 finem
1195 602 1311 662 maxime

82 696 224 760 utendum
251 696 287 755 iis
315 709 428 769 censet,
460 710 510 773 ut,
539 695 685 777 quidquid
712 697 744 757 iu
762 696 847 757 nobis
868 695 1032 758 divinitatis
1056 700 1158 774 inest,
1180 697 1234 775 id,
1255 721 1311 783 per·

81 793 221 879 cipiendo
249 791 352 853 mundi
384 796 548 875 spectaculo
575 794 697 870 divino,
724 815 790 873 eum
824 794 1001 872 excitemus,
1032 811 1095 858 tum
1124 798 1308 879 perficiamus.

82 896 134 957 Est
159 893 271 954 scilicet
295 890 440 969 mundus,
468 908 500 954 ut
528 895 704 976 pronunciat
731 894 810 976 apud
837 915 902 954 eum
932 897 1087 972 Timaeus,
1118 898 1220 979 ipsius
1240 912 1311 959 natu-

83 1015 132 1054 rae
161 992 281 1053 divinae
312 983 440 1071 ἄγαλμα.
462 993 550 1055 Haud
578 993 635 1053 fuit
662 1014 788 1072 unquam
817 990 1026 1077 philosophus,
1047 996 1100 1077 qui
1127 994 1171 1055 de
1203 996 1312 1074 mundo,

83 1093 121 1154 de
137 1093 214 1169 Deo,
235 1092 329 1173 deque
346 1094 473 1154 hominis
491 1090 591 1153 indole
610 1093 786 1174 praeclarius
803 1093 1106 1174 magnificentiruque,
1125 1116 1224 1175 quam
1231 1094 1314 1171 Plan,

82 1193 265 1253 exstimaret:
289 1213 342 1254 nec
371 1213 439 1252 vero
462 1190 597 1252 confudit
626 1191 714 1266 haec,
737 1205 768 1251 ut
795 1191 847 1252 illi·
862 1191 1014 1273 fecerunt,
1033 1193 1084 1273 qui
1102 1193 1314 1277 pantheismun

82 1289 228 1353 docerent.
271 1290 425 1352 Amundo
450 1305 535 1372 atque
564 1289 681 1351 homine
708 1290 866 1372 diligenter
893 1290 945 1350 ille
970 1292 1062 1352 Deum
1083 1280 1257 1354 distinxit:
1276 1316 1312 1375 qur

78 1373 170 1450 'unice
201 1389 286 1451 nobis
319 1391 433 1473 potuit,
463 1388 501 1450 ed
536 1388 655 1449 divinae
693 1400 812 1449 naturae
841 1389 1049 1466 imitationem,
1082 1391 1142 1451 Dei
1174 1393 1312 1475 imagines

19 1566 22 1575 1
82 1509 252 1571 proponere.
294 1486 331 1549 Id
358 1509 448 1565 vero,
468 1485 709 1568 quemadmodum
738 1501 767 1548 et
794 1488 954 1549 instituerit
973 1502 1002 1549 et
1027 1490 1206 1571 peregerit,
1230 1493 1264 1554 in
1285 1493 1319 1554 Ti·

83 1609 166 1647 maro
185 1587 331 1669 legendo,
353 1587 488 1649 vidimus.
953 1590 958 1603 ’

121 1848 145 1914 ί)
168 1851 264 1904 Timaeo
276 1851 309 1903 47
323 1848 354 1903 Β.
370 1849 400 1903 C.
