2796 5048
671 236 731 297 468

82 423 147 477 tur,
178 403 328 499 proutffii
357 402 422 479 quis
451 401 582 460 homiues
602 421 661 460 non
679 413 761 458 acute
781 411 933 458 cernentes
952 399 1091 459 literulas
1106 398 1239 478 quasdam
1252 421 1297 480 pu·

80 505 182 576 volas,
212 520 315 578 magno
343 497 484 558 distantes
513 499 690 572 interuallo,
721 497 815 577 legere
841 496 977 576 juberet:
1008 497 1043 557 bi
1072 497 1098 556 si
1116 498 1191 557 forte
1209 498 1297 558 easden

80 603 179 661 literas
205 598 264 657 alio
294 597 356 655 loco
386 598 506 674 majores
536 611 621 676 atque
651 597 684 657 in
702 598 809 674 majore
829 595 921 676 spatio
940 595 1066 676 scriptas
1085 609 1199 654 exstare
1223 595 1297 676 depre·

81 698 270 769 hendisseut,
296 695 402 774 optime
423 694 480 753 sihi
500 695 666 754 consultum
685 695 902 767 existimarent,
925 706 977 767 ut,
1005 693 1138 774 primum
1166 692 1211 752 liis
1238 694 1296 753 lectis

80 796 255 873 majoribus,
277 792 386 853 deinde
406 794 530 851 minores
551 793 618 852 illas
636 793 730 872 legere
750 793 965 851 instituerent.»
1010 789 1102 866 Quod
1122 791 1165 850 sic
1185 790 1295 871 deinceps

79 895 208 954 Socrates
237 890 274 950 ad
303 911 362 948 rem
386 903 569 971 praesentem
598 889 805 969 interrogando
833 888 965 949 adhibet.
1011 910 1027 941 o
1040 890 1182 948 Uniusne
1209 903 1294 947 tantu

81 991 364 1068 hominis,quaerit,
377 1009 415 1046 an
434 1008 504 1046 vero
523 989 652 1049 civitatis
673 990 760 1047 etiam
774 987 917 1065 justitiam
936 1007 998 1046 esse
1015 986 1294 1047 dicimusl-Etian

79 1090 225 1162 civitatis,
266 1088 381 1168 reponit
417 1084 600 1146 Adimantus.
630 1114 666 1126 -
695 1087 805 1147 Civitas
842 1098 937 1144 autem
976 1104 1081 1144 nonne
1114 1106 1177 1144 uno
1205 1084 1295 1149 homine

80 1189 170 1264 major
196 1189 259 1246 esti
280 1211 315 1221 -
336 1185 386 1244 Est
414 1184 542 1243 omuino.
563 1209 598 1220 -
618 1183 737 1243 lustitia
764 1185 854 1263 igitur
883 1181 1007 1264 amplior
1035 1183 1071 1241 in
1097 1185 1208 1262 majore
1226 1183 1294 1257 ineo,

78 1285 249 1363 faciliorque
267 1297 310 1342 est
326 1283 454 1362 cognitu.
499 1284 595 1357 Quare
605 1328 614 1357 ,
636 1283 660 1341 si
682 1281 773 1343 vultis
783 1327 792 1356 ,
812 1281 895 1363 prius
913 1300 1089 1359 quaeramus
1106 1281 1142 1340 in
1153 1280 1295 1342 civitatttn

78 1382 219 1462 quidnam
235 1383 292 1456 sit,
315 1395 376 1440 tum
398 1379 429 1438 id
451 1382 483 1438 in
501 1380 625 1459 singulis
644 1380 814 1440 bominibus
832 1376 1073 1452 consideremus,
1104 1380 1224 1458 majoris
1232 1376 1295 1439 'sim

79 1480 235 1540 litudinem
254 1481 286 1538 in
306 1479 428 1537 minoris
444 1479 540 1559 specie
559 1477 843 1558 contemplantes-
863 1476 941 1536 Scite
960 1475 1034 1535 mihi
1055 1477 1141 1556 loqui
1161 1475 1295 1538 videris-

79 1577 108 1636 Si
131 1579 219 1658 igitur
236 1577 384 1638 civitatem
404 1577 534 1635 oratione
552 1576 737 1635 constitutam
756 1575 1005 1657 conspiceremus,
1024 1575 1184 1651 justitiam
1211 1592 1295 1655 quoque

80 1679 141 1753 ejus
161 1689 189 1734 et
206 1675 379 1752 injustitiam
402 1674 566 1734 videremus
576 1676 627 1734 l·-
647 1673 867 1733 Fortasse-ld
885 1686 981 1731 autem
1000 1673 1025 1732 si
1046 1675 1238 1753 apparuerit,
1253 1691 1295 1752 «με

79 1775 134 1833 erit
155 1774 233 1846 sore,
256 1785 287 1830 ut
310 1770 359 1846 id,
370 1770 448 1849 quod
469 1773 651 1851 quaerimus,
662 1772 779 1830 facilius
796 1772 1073 1851 cognoscamusl-
1093 1767 1295 1832 Maxime-Il

79 1872 167 1951 igitur
185 1869 301 1950 aggredi
326 1883 456 1951 oportet:
488 1892 548 1930 non
577 1871 656 1928 enim
675 1870 741 1930 leve
760 1867 838 1928 illud
865 1868 1013 1948 negotium
1040 1883 1116 1929 est.»
1146 1869 1221 1950 l)-
1244 1871 1294 1930 Τιι

79 1967 207 2028 Socrates
227 1989 299 2049 opus
315 1968 369 2026 hoc
388 1988 576 2047 permagnum
594 1969 773 2048 suscipiens,
792 1966 831 2026 de
849 1967 944 2026 initiis
960 1968 1080 2047 quaerit
1099 1969 1239 2031 civitatis.
1272 1965 1294 2027 tr

78 2067 217 2125 continuo
248 2064 365 2144 quidem
395 2065 432 2123 ab
456 2068 635 2146 indigentia·
651 2067 703 2125 illa
720 2067 834 2147 repetit.
880 2066 1123 2146 «Unusquisque
1152 2067 1231 2127 enim
1255 2084 1295 2124 nte

79 2178 175 2238 trum,
196 2165 253 2237 ait,
276 2185 335 2222 non
356 2163 411 2221 sibi
433 2162 581 2222 sufficiens
600 2176 659 2237 est,
688 2163 740 2223 sed
759 2163 916 2223 multorum
935 2162 1061 2244 indiget.
1108 2165 1295 2240 Quamobren,

79 2283 145 2320 cum
163 2261 214 2319 alii
233 2261 289 2319 sibi
307 2261 380 2318 alios
397 2259 435 2319 ad
455 2260 513 2319 alia
533 2263 647 2340 negotia
666 2261 848 2341 adjungant,
868 2261 975 2321 multos
994 2262 1028 2320 in
1048 2283 1144 2322 unam
1163 2263 1295 2340 habitatio-

80 2381 145 2418 nem
174 2358 319 2434 adjutores
353 2359 587 2437 congregabunt:
620 2359 690 2418 inde
720 2361 922 2419 universorum
950 2373 1071 2435 coetus,
1104 2383 1196 2441 quem
1221 2360 1294 2419 urben

80 2456 268 2565 appellamus.
311 2455 462 2516 Constabit
492 2456 544 2514 ille
572 2469 668 2514 autem
696 2457 836 2516 continuo
866 2471 989 2535 quatuor
1014 2456 1067 2518 rel
1088 2458 1294 2540 quinqueviris

80 2557 152 2613 Nam
170 2555 264 2663 prima¹
283 2568 311 2613 et
330 2555 460 2613 omnium
480 2555 605 2613 maxima
626 2553 789 2634 indigentia
818 2555 998 2636 praeparatio
1019 2562 1126 2616 rietus
1157 2572 1218 2634 est,
1243 2567 1295 2615 utet

21 2644 26 2655 “
80 2655 168 2712 simus
187 2666 214 2711 et
234 2653 385 2727 vivamus,
406 2652 534 2712 secunda
552 2654 768 2727 habitationis,
797 2655 883 2712 tertia
910 2657 1038 2712 vestime
1060 2675 1147 2717 cure.
1191 2652 1294 2736 Agricoll

80 2753 186 2809 iccirco
207 2751 292 2810 nobis
310 2773 382 2859 opus
401 2753 475 2825 erit,
496 2765 558 2810 tum
578 2749 784 2827 aedificatore,
809 2759 895 2831 porro
922 2765 1055 2828 textore,
1086 2755 1216 2814 coriario
1241 2751 1294 2810 «Ιώ

80 2869 154 2926 que,
175 2850 226 2926 qui
245 2870 359 2929 cor·porr
352 2848 489 2908 tuendo
510 2861 624 2908 vacent.
666 2847 702 2906 Iu
722 2847 769 2908 bis
787 2861 884 2907 autem
899 2849 979 2909 illud
998 2864 1176 2928 teneamus,
1200 2848 1294 2931 ringus

80 2945 140 3003 illis
171 2946 338 3005 hominibus
368 2968 427 3005 non
459 2946 574 3005 sibimet
602 2946 714 3019 solum,
743 2944 794 3004 sed
824 2948 968 3009 universis
985 2950 1233 3030 prospiciendum
1248 2965 1293 3007 nse

80 3044 152 3100 Nam
172 3044 297 3121 primum
307 3088 316 3117 ,
338 3065 398 3103 non
415 3043 523 3102 similes
544 3057 613 3102 sunt
631 3064 729 3103 omues
750 3043 853 3104 uaturd
863 3089 872 3118 ,
903 3045 954 3106 sed
971 3045 1040 3106 aliis
1061 3048 1125 3107 alia
1144 3063 1190 3109 est
1207 3048 1243 3109 ad
1255 3044 1292 3104 alia

80 3141 193 3219 negotia
223 3139 346 3200 indoles.
389 3141 502 3201 Deinde
530 3142 639 3221 singuli
666 3142 796 3222 singulas
824 3157 898 3203 artes
925 3143 1033 3225 melius
1052 3147 1215 3222 excolent,
1232 3159 1292 3224 qut!

79 3260 155 3297 unus
184 3239 343 3298 universas.
385 3241 533 3298 Praeterea
562 3261 623 3298 non
652 3239 720 3299 data
744 3242 962 3321 opportunitate
985 3243 1072 3322 quis,
1101 3244 1156 3304 scd
1178 3245 1210 3305 id
1226 3258 1291 3302 unt!

78 3357 181 3415 agens,
203 3356 262 3394 rem
281 3335 412 3417 perficiet
432 3350 526 3395 recte:
548 3358 608 3396 non
628 3339 706 3395 euim
726 3339 805 3417 quod
824 3339 992 3399 faciendum
1010 3354 1052 3401 est
1074 3343 1213 3404 facientis
1229 3341 1292 3401 otu

79 3448 244 3514 exspectare
265 3435 338 3495 vult.
361 3433 393 3514 2)
424 3437 489 3496 Non
517 3436 606 3516 igitur
622 3451 751 3515 ‚quatuor
776 3451 827 3496 aut
845 3439 994 3518 quinque,
1015 3438 1068 3498 sed
1089 3440 1228 3520 pluribus
1244 3453 1292 3519 opu

80 3546 122 3590 est
139 3532 254 3592 civibus
272 3531 310 3591 ad
330 3555 382 3608 ea,
411 3554 484 3612 quae
503 3533 651 3608 diximus,
683 3533 856 3615 peragenda.
899 3535 988 3595 Haud
1008 3537 1091 3595 euim
1112 3538 1238 3619 agricole
1250 3555 1291 3594 art·

81 3643 158 3688 trum
179 3651 211 3688 ac
232 3644 341 3690 caetera
358 3632 551 3712 agriculturae
572 3635 763 3692 instrumenta
790 3634 848 3693 sibi
878 3633 1032 3694 conficiet:
1066 3656 1166 3715 neque
1184 3656 1247 3698 rere
1261 3652 1291 3691 n·

81 3727 232 3787 dificator:
255 3728 354 3788 multis
373 3732 497 3791 enimet
516 3730 585 3790 huic
605 3746 753 3812 opusest:
785 3732 919 3811 idemque
939 3731 976 3791 de
996 3743 1113 3791 textore
1141 3747 1171 3793 et
1199 3732 1291 3795 coriaut

81 3825 250 3886 dicendum.
293 3827 379 3885 Fabri
400 3830 488 3908 igitur
508 3844 593 3907 atque
611 3831 704 3889 omnis
723 3831 836 3909 generis
856 3829 980 3890 artifices
995 3829 1177 3911 oppidulum
1192 3845 1292 3891 nostru

83 3927 219 4004 frequens
238 3924 343 3983 incolis
362 3924 498 3986 efficient.
541 3927 689 3987 Accedent
708 3941 803 3987 autem
822 3927 883 3987 illis
902 3926 1045 4004 bubulci,
1067 3928 1233 4009 opiliones,
1257 3946 1293 4007 pt·

119 4229 497 4301 ι)ιιιιιιριι...-368ι
508 4211 615 4289 ocimu

119 4322 149 4385 2)
169 4322 289 4374 similiter
307 4325 440 4376 Demosth
460 4326 525 4379 ΡΝ.
543 4328 562 4380 Ι.
581 4325 623 4380 13.
641 4319 670 4382 οἱ
700 4320 762 4384 τῶν
792 4313 979 4406 πραγμάτων
1008 4321 1111 4407 scepei
1138 4317 1176 4386 ου’
1198 4315 1293 4403 Jrs'tnrtt

79 4441 134 4501 την
157 4401 250 4496 qussi
250 4431 304 4488 ραν
317 4414 501 4498 βραδυτῆτα.
