<?xml version="1.0" encoding="UTF-8"?>
<!DOCTYPE html PUBLIC "-//W3C//DTD XHTML 1.0 Transitional//EN"
    "http://www.w3.org/TR/xhtml1/DTD/xhtml1-transitional.dtd">
<html xmlns="http://www.w3.org/1999/xhtml" xml:lang="en" lang="en">
 <head>
  <title>
</title>
<meta http-equiv="Content-Type" content="text/html;charset=utf-8" />
  <meta name='ocr-system' content='tesseract 3.04.00' />
  <meta name='ocr-capabilities' content='ocr_page ocr_carea ocr_par ocr_line ocrx_word'/>
</head>
<body>
  <div class='ocr_page' id='page_1' title='image "./initiaphilosoph00heusgoog_0017.png"; bbox 0 0 2796 5048; ppageno 0'>
   <div class='ocr_carea' id='block_1_1' title="bbox 25 229 120 347">
    <p class='ocr_par' dir='ltr' id='par_1_1' title="bbox 25 229 120 347">
     <span class='ocr_line' id='line_1_1' title="bbox 63 229 120 267; baseline 0 -1"><span class='ocrx_word' id='word_1_1' title='bbox 63 229 120 267; x_wconf 84' lang='lat' dir='ltr'><em>vm</em></span> 
     </span>
     <span class='ocr_line' id='line_1_2' title="bbox 25 319 28 347; baseline 0 0"><span class='ocrx_word' id='word_1_2' title='bbox 25 319 28 347; x_wconf 72' lang='lat' dir='ltr'><em>i</em></span> 
     </span>
    </p>
   </div>
   <div class='ocr_carea' id='block_1_2' title="bbox 53 388 1364 3247">
    <p class='ocr_par' dir='ltr' id='par_1_2' title="bbox 53 388 1364 3247">
     <span class='ocr_line' id='line_1_3' title="bbox 53 388 1300 471; baseline 0.001 -23"><span class='ocrx_word' id='word_1_3' title='bbox 53 392 188 467; x_wconf 89' lang='lat' dir='ltr'><em>screbat.</em></span> <span class='ocrx_word' id='word_1_4' title='bbox 211 390 292 449; x_wconf 87' lang='lat' dir='ltr'><em>Hinc</em></span> <span class='ocrx_word' id='word_1_5' title='bbox 312 390 433 446; x_wconf 91' lang='lat' dir='ltr'><em>tandem</em></span> <span class='ocrx_word' id='word_1_6' title='bbox 451 388 590 467; x_wconf 88' lang='lat' dir='ltr'><em>Epistola</em></span> <span class='ocrx_word' id='word_1_7' title='bbox 608 390 666 446; x_wconf 89' lang='lat' dir='ltr'><em>illo</em></span> <span class='ocrx_word' id='word_1_8' title='bbox 683 391 725 446; x_wconf 92' lang='lat' dir='ltr'><em>ad</em></span> <span class='ocrx_word' id='word_1_9' title='bbox 744 389 947 466; x_wconf 81' lang='lat' dir='ltr'><em>Creuzerum,</em></span> <span class='ocrx_word' id='word_1_10' title='bbox 966 400 995 448; x_wconf 91' lang='lat' dir='ltr'><em>et</em></span> <span class='ocrx_word' id='word_1_11' title='bbox 1012 402 1141 450; x_wconf 81' lang='lat' dir='ltr'><em>ueterem</em></span> <span class='ocrx_word' id='word_1_12' title='bbox 1155 391 1199 451; x_wconf 89' lang='lat' dir='ltr'><em>W</em></span> <span class='ocrx_word' id='word_1_13' title='bbox 1195 401 1300 471; x_wconf 85' lang='lat' dir='ltr'><em>qtten-</em></span> 
     </span>
     <span class='ocr_line' id='line_1_4' title="bbox 62 522 1364 599; baseline 0.002 -18"><span class='ocrx_word' id='word_1_14' title='bbox 62 525 162 583; x_wconf 88' lang='lat' dir='ltr'><em>bachii</em></span> <span class='ocrx_word' id='word_1_15' title='bbox 178 531 208 580; x_wconf 89' lang='lat' dir='ltr'><em>et</em></span> <span class='ocrx_word' id='word_1_16' title='bbox 227 522 357 580; x_wconf 88' lang='lat' dir='ltr'><em>Heusdii</em></span> <span class='ocrx_word' id='word_1_17' title='bbox 374 529 447 579; x_wconf 91' lang='lat' dir='ltr'><em>item</em></span> <span class='ocrx_word' id='word_1_18' title='bbox 465 542 490 595; x_wconf 75' lang='lat' dir='ltr'><em>av</em></span> <span class='ocrx_word' id='word_1_19' title='bbox 502 522 610 579; x_wconf 91' lang='lat' dir='ltr'><em>multis</em></span> <span class='ocrx_word' id='word_1_20' title='bbox 630 528 721 580; x_wconf 89' lang='lat' dir='ltr'><em>annis</em></span> <span class='ocrx_word' id='word_1_21' title='bbox 737 529 868 581; x_wconf 90' lang='lat' dir='ltr'><em>amicum</em></span> <span class='ocrx_word' id='word_1_22' title='bbox 889 529 1171 599; x_wconf 87' lang='lat' dir='ltr'><em>conjunctissimum</em></span> <span class='ocrx_word' id='word_1_23' title='bbox 1181 534 1210 583; x_wconf 91' lang='lat' dir='ltr'><em>et</em></span> <span class='ocrx_word' id='word_1_24' title='bbox 1220 547 1301 583; x_wconf 90' lang='lat' dir='ltr'><em>com·</em></span> <span class='ocrx_word' id='word_1_25' title='bbox 1359 545 1364 552; x_wconf 90' lang='lat'>·</span> 
     </span>
     <span class='ocr_line' id='line_1_5' title="bbox 62 651 1314 732; baseline 0.002 -18"><span class='ocrx_word' id='word_1_26' title='bbox 62 678 184 714; x_wconf 90' lang='lat' dir='ltr'><em>munem</em></span> <span class='ocrx_word' id='word_1_27' title='bbox 200 654 343 714; x_wconf 90' lang='lat' dir='ltr'><em>Platonis</em></span> <span class='ocrx_word' id='word_1_28' title='bbox 359 651 540 712; x_wconf 88' lang='lat' dir='ltr'><em>amatorem.</em></span> <span class='ocrx_word' id='word_1_29' title='bbox 562 680 597 691; x_wconf 89' lang='lat'><em>-</em></span> <span class='ocrx_word' id='word_1_30' title='bbox 620 651 862 732; x_wconf 87' lang='lat' dir='ltr'><em>Disquisitiones</em></span> <span class='ocrx_word' id='word_1_31' title='bbox 875 664 982 727; x_wconf 79' lang='lat' dir='ltr'><em>autem</em></span> <span class='ocrx_word' id='word_1_32' title='bbox 999 655 1180 716; x_wconf 88' lang='lat' dir='ltr'><em>Platonicos</em></span> <span class='ocrx_word' id='word_1_33' title='bbox 1189 703 1199 732; x_wconf 96' lang='lat'><em>,</em></span> <span class='ocrx_word' id='word_1_34' title='bbox 1219 679 1314 715; x_wconf 89' lang='lat' dir='ltr'><em>com--</em></span> 
     </span>
     <span class='ocr_line' id='line_1_6' title="bbox 59 774 1301 875; baseline -0.001 -29"><span class='ocrx_word' id='word_1_35' title='bbox 59 790 200 867; x_wconf 90' lang='lat' dir='ltr'><em>plurium</em></span> <span class='ocrx_word' id='word_1_36' title='bbox 219 809 370 848; x_wconf 89' lang='lat' dir='ltr'><em>annorum</em></span> <span class='ocrx_word' id='word_1_37' title='bbox 390 774 472 875; x_wconf 74' lang='lat' dir='ltr'><em>haud</em></span> <span class='ocrx_word' id='word_1_38' title='bbox 489 793 662 844; x_wconf 91' lang='lat' dir='ltr'><em>intermisso</em></span> <span class='ocrx_word' id='word_1_39' title='bbox 682 788 781 845; x_wconf 86' lang='lat' dir='ltr'><em>studio</em></span> <span class='ocrx_word' id='word_1_40' title='bbox 794 797 925 866; x_wconf 90' lang='lat' dir='ltr'><em>partas,</em></span> <span class='ocrx_word' id='word_1_41' title='bbox 945 796 1133 868; x_wconf 83' lang='lat' dir='ltr'><em>grauissima</em></span> <span class='ocrx_word' id='word_1_42' title='bbox 1153 791 1188 847; x_wconf 87' lang='lat' dir='ltr'><em>de</em></span> <span class='ocrx_word' id='word_1_43' title='bbox 1206 809 1301 847; x_wconf 89' lang='lat' dir='ltr'><em>causa</em></span> 
     </span>
     <span class='ocr_line' id='line_1_7' title="bbox 62 919 1300 996; baseline 0 -18"><span class='ocrx_word' id='word_1_44' title='bbox 62 921 158 978; x_wconf 81' lang='lat' dir='ltr'><em>edidit</em></span> <span class='ocrx_word' id='word_1_45' title='bbox 175 921 349 990; x_wconf 85' lang='lat' dir='ltr'><em>Heusdius,·</em></span> <span class='ocrx_word' id='word_1_46' title='bbox 371 919 616 996; x_wconf 90' lang='lat' dir='ltr'><em>quemadmodum</em></span> <span class='ocrx_word' id='word_1_47' title='bbox 637 926 672 976; x_wconf 77' lang='lat' dir='ltr'><em>et&#39;</em></span> <span class='ocrx_word' id='word_1_48' title='bbox 686 941 722 976; x_wconf 83' lang='lat' dir='ltr'><em>ea</em></span> <span class='ocrx_word' id='word_1_49' title='bbox 740 921 866 977; x_wconf 88' lang='lat' dir='ltr'><em>indiciis</em></span> <span class='ocrx_word' id='word_1_50' title='bbox 891 928 1006 995; x_wconf 84' lang='lat' dir='ltr'><em>possim</em></span> <span class='ocrx_word' id='word_1_51' title='bbox 1026 922 1117 979; x_wconf 84' lang='lat' dir='ltr'><em>obviis</em></span> <span class='ocrx_word' id='word_1_52' title='bbox 1136 929 1165 979; x_wconf 92' lang='lat' dir='ltr'><em>et</em></span> <span class='ocrx_word' id='word_1_53' title='bbox 1181 943 1196 979; x_wconf 87' lang='lat' dir='ltr'><em>c</em></span> <span class='ocrx_word' id='word_1_54' title='bbox 1215 922 1300 980; x_wconf 88' lang='lat' dir='ltr'><em>sobe-</em></span> 
     </span>
     <span class='ocr_line' id='line_1_8' title="bbox 63 1051 1301 1130; baseline 0.001 -19"><span class='ocrx_word' id='word_1_55' title='bbox 63 1054 110 1111; x_wconf 92' lang='lat' dir='ltr'><em>dis</em></span> <span class='ocrx_word' id='word_1_56' title='bbox 131 1060 199 1130; x_wconf 88' lang='lat' dir='ltr'><em>ejus</em></span> <span class='ocrx_word' id='word_1_57' title='bbox 227 1073 320 1110; x_wconf 90' lang='lat' dir='ltr'><em>manu</em></span> <span class='ocrx_word' id='word_1_58' title='bbox 350 1059 475 1130; x_wconf 88' lang='lat' dir='ltr'><em>scriptis</em></span> <span class='ocrx_word' id='word_1_59' title='bbox 498 1060 593 1128; x_wconf 89' lang='lat' dir='ltr'><em>potet.</em></span> <span class='ocrx_word' id='word_1_60' title='bbox 630 1051 739 1110; x_wconf 88' lang='lat' dir='ltr'><em>Primo</em></span> <span class='ocrx_word' id='word_1_61' title='bbox 761 1058 980 1130; x_wconf 82' lang='lat' dir='ltr'><em>praecipuoque</em></span> <span class='ocrx_word' id='word_1_62' title='bbox 1010 1054 1068 1111; x_wconf 88' lang='lat' dir='ltr'><em>loco</em></span> <span class='ocrx_word' id='word_1_63' title='bbox 1095 1054 1149 1111; x_wconf 87' lang='lat' dir='ltr'><em>illc</em></span> <span class='ocrx_word' id='word_1_64' title='bbox 1169 1060 1301 1129; x_wconf 86' lang='lat' dir='ltr'><em>juvenes</em></span> 
     </span>
     <span class='ocr_line' id='line_1_9' title="bbox 63 1183 1301 1264; baseline -0.001 -19"><span class='ocrx_word' id='word_1_65' title='bbox 63 1187 214 1263; x_wconf 71' lang='lat' dir='ltr'><em>spectabat</em></span> <span class='ocrx_word' id='word_1_66' title='bbox 233 1192 339 1242; x_wconf 84' lang='lat' dir='ltr'><em>ecimii</em></span> <span class='ocrx_word' id='word_1_67' title='bbox 359 1191 495 1264; x_wconf 83' lang='lat' dir='ltr'><em>ingenii,</em></span> <span class='ocrx_word' id='word_1_68' title='bbox 518 1191 627 1261; x_wconf 89' lang='lat' dir='ltr'><em>quique</em></span> <span class='ocrx_word' id='word_1_69' title='bbox 647 1205 726 1261; x_wconf 90' lang='lat' dir='ltr'><em>spem</em></span> <span class='ocrx_word' id='word_1_70' title='bbox 743 1183 896 1262; x_wconf 86' lang='lat' dir='ltr'><em>afferrent</em></span> <span class='ocrx_word' id='word_1_71' title='bbox 906 1185 1044 1259; x_wconf 89' lang='lat' dir='ltr'><em>suturas</em></span> <span class='ocrx_word' id='word_1_72' title='bbox 1064 1193 1125 1243; x_wconf 85' lang='lat' dir='ltr'><em>sine</em></span> <span class='ocrx_word' id='word_1_73' title='bbox 1144 1192 1179 1243; x_wconf 91' lang='lat' dir='ltr'><em>in</em></span> <span class='ocrx_word' id='word_1_74' title='bbox 1199 1186 1301 1245; x_wconf 89' lang='lat' dir='ltr'><em>literis</em></span> 
     </span>
     <span class='ocr_line' id='line_1_10' title="bbox 53 1301 1301 1400; baseline -0.002 -24"><span class='ocrx_word' id='word_1_75' title='bbox 53 1301 94 1387; x_wconf 63' lang='lat' dir='ltr'><em>&#39;Ja</em></span> <span class='ocrx_word' id='word_1_76' title='bbox 110 1319 282 1396; x_wconf 88' lang='lat' dir='ltr'><em>disciplinis</em></span> <span class='ocrx_word' id='word_1_77' title='bbox 302 1324 364 1375; x_wconf 85' lang='lat' dir='ltr'><em>sire</em></span> <span class='ocrx_word' id='word_1_78' title='bbox 382 1324 415 1373; x_wconf 90' lang='lat' dir='ltr'><em>in</em></span> <span class='ocrx_word' id='word_1_79' title='bbox 430 1318 622 1400; x_wconf 79' lang='lat' dir='ltr'><em>philobopbiu</em></span> <span class='ocrx_word' id='word_1_80' title='bbox 638 1318 840 1375; x_wconf 66' lang='lat' dir='ltr'><em>excellentiae.</em></span> <span class='ocrx_word' id='word_1_81' title='bbox 869 1316 931 1374; x_wconf 87' lang='lat' dir='ltr'><em>Hos</em></span> <span class='ocrx_word' id='word_1_82' title='bbox 946 1324 1138 1394; x_wconf 87' lang='lat' dir='ltr'><em>potissimum</em></span> <span class='ocrx_word' id='word_1_83' title='bbox 1163 1319 1203 1378; x_wconf 85' lang='lat' dir='ltr'><em>ad</em></span> <span class='ocrx_word' id='word_1_84' title='bbox 1220 1317 1264 1375; x_wconf 89' lang='lat' dir='ltr'><em>Pl</em></span> <span class='ocrx_word' id='word_1_85' title='bbox 1284 1352 1301 1363; x_wconf 92' lang='lat'>·</span> 
     </span>
     <span class='ocr_line' id='line_1_11' title="bbox 63 1448 1301 1531; baseline 0.002 -25"><span class='ocrx_word' id='word_1_86' title='bbox 63 1457 255 1528; x_wconf 90' lang='lat' dir='ltr'><em>tonisquum</em></span> <span class='ocrx_word' id='word_1_87' title='bbox 274 1456 390 1531; x_wconf 87' lang='lat' dir='ltr'><em>scripta</em></span> <span class='ocrx_word' id='word_1_88' title='bbox 410 1449 535 1529; x_wconf 78' lang='lat' dir='ltr'><em>legenda</em></span> <span class='ocrx_word' id='word_1_89' title='bbox 554 1458 619 1509; x_wconf 87' lang='lat' dir='ltr'><em>tum</em></span> <span class='ocrx_word' id='word_1_90' title='bbox 646 1450 863 1526; x_wconf 73' lang='lat' dir='ltr'><em>philosophiam</em></span> <span class='ocrx_word' id='word_1_91' title='bbox 888 1448 1129 1527; x_wconf 90' lang='lat' dir='ltr'><em>perspiciendam</em></span> <span class='ocrx_word' id='word_1_92' title='bbox 1151 1451 1301 1525; x_wconf 84' lang='lat' dir='ltr'><em>adjuvare</em></span> 
     </span>
     <span class='ocr_line' id='line_1_12' title="bbox 63 1561 1300 1672; baseline -0.002 -32"><span class='ocrx_word' id='word_1_93' title='bbox 63 1584 209 1661; x_wconf 88' lang='lat' dir='ltr'><em>cupiebat.</em></span> <span class='ocrx_word' id='word_1_94' title='bbox 241 1581 289 1641; x_wconf 91' lang='lat' dir='ltr'><em>De</em></span> <span class='ocrx_word' id='word_1_95' title='bbox 309 1583 424 1641; x_wconf 75' lang='lat' dir='ltr'><em>ausilii</em></span> <span class='ocrx_word' id='word_1_96' title='bbox 434 1591 578 1640; x_wconf 91' lang='lat' dir='ltr'><em>momento</em></span> <span class='ocrx_word' id='word_1_97' title='bbox 597 1561 633 1640; x_wconf 86' lang='lat' dir='ltr'><em>ao</em></span> <span class='ocrx_word' id='word_1_98' title='bbox 652 1588 870 1639; x_wconf 88' lang='lat' dir='ltr'><em>necessitateeo</em></span> <span class='ocrx_word' id='word_1_99' title='bbox 881 1588 996 1639; x_wconf 90' lang='lat' dir='ltr'><em>certius</em></span> <span class='ocrx_word' id='word_1_100' title='bbox 1014 1583 1072 1639; x_wconf 85' lang='lat' dir='ltr'><em>sibi</em></span> <span class='ocrx_word' id='word_1_101' title='bbox 1086 1591 1300 1672; x_wconf 71' lang='lat' dir='ltr'><em>persuaserat,</em></span> 
     </span>
     <span class='ocr_line' id='line_1_13' title="bbox 63 1711 1302 1795; baseline -0.001 -23"><span class='ocrx_word' id='word_1_102' title='bbox 63 1735 120 1793; x_wconf 92' lang='lat' dir='ltr'><em>quo</em></span> <span class='ocrx_word' id='word_1_103' title='bbox 139 1721 238 1794; x_wconf 78' lang='lat' dir='ltr'><em>magis</em></span> <span class='ocrx_word' id='word_1_104' title='bbox 258 1716 417 1795; x_wconf 83' lang='lat' dir='ltr'><em>vulgarem</em></span> <span class='ocrx_word' id='word_1_105' title='bbox 439 1716 625 1791; x_wconf 80' lang='lat' dir='ltr'><em>improbabat</em></span> <span class='ocrx_word' id='word_1_106' title='bbox 645 1715 784 1772; x_wconf 78' lang='lat' dir='ltr'><em>Platonis</em></span> <span class='ocrx_word' id='word_1_107' title='bbox 803 1715 921 1793; x_wconf 81' lang='lat' dir='ltr'><em>legendi</em></span> <span class='ocrx_word' id='word_1_108' title='bbox 941 1720 1100 1773; x_wconf 82' lang='lat' dir='ltr'><em>rationem.</em></span> <span class='ocrx_word' id='word_1_109' title='bbox 1125 1711 1214 1793; x_wconf 23' lang='lat' dir='ltr'><em>‘Nam</em></span> <span class='ocrx_word' id='word_1_110' title='bbox 1224 1716 1302 1792; x_wconf 90' lang='lat' dir='ltr'><em>plu-</em></span> 
     </span>
     <span class='ocr_line' id='line_1_14' title="bbox 62 1817 1301 1928; baseline 0.001 -25"><span class='ocrx_word' id='word_1_111' title='bbox 62 1854 157 1905; x_wconf 91' lang='lat' dir='ltr'><em>rimos</em></span> <span class='ocrx_word' id='word_1_112' title='bbox 175 1847 450 1925; x_wconf 86' lang='lat' dir='ltr'><em>animadverterat,</em></span> <span class='ocrx_word' id='word_1_113' title='bbox 472 1848 610 1905; x_wconf 87' lang='lat' dir='ltr'><em>adsuetos</em></span> <span class='ocrx_word' id='word_1_114' title='bbox 639 1854 746 1928; x_wconf 87' lang='lat' dir='ltr'><em>quippo</em></span> <span class='ocrx_word' id='word_1_115' title='bbox 770 1849 959 1926; x_wconf 79' lang='lat' dir='ltr'><em>syntheticae</em></span> <span class='ocrx_word' id='word_1_116' title='bbox 977 1817 1155 1919; x_wconf 36' lang='lat' dir='ltr'><em>nostrorum,</em></span> <span class='ocrx_word' id='word_1_117' title='bbox 1171 1853 1301 1924; x_wconf 89' lang='lat' dir='ltr'><em>scripto-</em></span> 
     </span>
     <span class='ocr_line' id='line_1_15' title="bbox 63 1940 1301 2061; baseline -0.002 -24"><span class='ocrx_word' id='word_1_118' title='bbox 63 2001 135 2061; x_wconf 92' lang='lat' dir='ltr'><em>rum</em></span> <span class='ocrx_word' id='word_1_119' title='bbox 154 1985 290 2052; x_wconf 87' lang='lat' dir='ltr'><em>rationi,</em></span> <span class='ocrx_word' id='word_1_120' title='bbox 311 1979 444 2038; x_wconf 87' lang='lat' dir='ltr'><em>camdem</em></span> <span class='ocrx_word' id='word_1_121' title='bbox 469 1985 503 2036; x_wconf 91' lang='lat' dir='ltr'><em>in</em></span> <span class='ocrx_word' id='word_1_122' title='bbox 531 1940 657 2037; x_wconf 72' lang='lat' dir='ltr'><em>Platone</em></span> <span class='ocrx_word' id='word_1_123' title='bbox 678 1987 833 2058; x_wconf 88' lang='lat' dir='ltr'><em>suspicari</em></span> <span class='ocrx_word' id='word_1_124' title='bbox 849 1978 996 2057; x_wconf 88' lang='lat' dir='ltr'><em>probandi</em></span> <span class='ocrx_word' id='word_1_125' title='bbox 1015 1978 1301 2055; x_wconf 87' lang='lat' dir='ltr'><em>demonstrandique</em></span> 
     </span>
     <span class='ocr_line' id='line_1_16' title="bbox 61 2090 1301 2193; baseline -0.001 -25"><span class='ocrx_word' id='word_1_126' title='bbox 61 2119 162 2186; x_wconf 83' lang='lat' dir='ltr'><em>ciam,</em></span> <span class='ocrx_word' id='word_1_127' title='bbox 184 2120 220 2171; x_wconf 65' lang='lat' dir='ltr'><em>et¹</em></span> <span class='ocrx_word' id='word_1_128' title='bbox 232 2113 302 2169; x_wconf 88' lang='lat' dir='ltr'><em>hinc</em></span> <span class='ocrx_word' id='word_1_129' title='bbox 317 2132 408 2193; x_wconf 80' lang='lat' dir='ltr'><em>aegre</em></span> <span class='ocrx_word' id='word_1_130' title='bbox 424 2090 597 2190; x_wconf 80' lang='lat' dir='ltr'><em>intelligere</em></span> <span class='ocrx_word' id='word_1_131' title='bbox 603 2113 827 2189; x_wconf 87' lang='lat' dir='ltr'><em>philosophum,</em></span> <span class='ocrx_word' id='word_1_132' title='bbox 845 2116 936 2186; x_wconf 86' lang='lat' dir='ltr'><em>cujus</em></span> <span class='ocrx_word' id='word_1_133' title='bbox 945 2111 1105 2188; x_wconf 83' lang='lat' dir='ltr'><em>analytica</em></span> <span class='ocrx_word' id='word_1_134' title='bbox 1113 2117 1301 2188; x_wconf 89' lang='lat' dir='ltr'><em>praesertim</em></span> 
     </span>
     <span class='ocr_line' id='line_1_17' title="bbox 62 2235 1299 2327; baseline -0.002 -25"><span class='ocrx_word' id='word_1_135' title='bbox 62 2251 104 2302; x_wconf 87' lang='lat' dir='ltr'><em>sit</em></span> <span class='ocrx_word' id='word_1_136' title='bbox 125 2250 191 2300; x_wconf 87' lang='lat' dir='ltr'><em>ueri</em></span> <span class='ocrx_word' id='word_1_137' title='bbox 217 2243 387 2321; x_wconf 82' lang='lat' dir='ltr'><em>indagandi</em></span> <span class='ocrx_word' id='word_1_138' title='bbox 405 2243 567 2327; x_wconf 85' lang='lat' dir='ltr'><em>methodus.</em></span> <span class='ocrx_word' id='word_1_139' title='bbox 602 2243 633 2302; x_wconf 86' lang='lat' dir='ltr'><em>V</em></span> <span class='ocrx_word' id='word_1_140' title='bbox 630 2245 659 2301; x_wconf 90' lang='lat' dir='ltr'><em>el</em></span> <span class='ocrx_word' id='word_1_141' title='bbox 672 2235 778 2320; x_wconf 88' lang='lat' dir='ltr'><em>potius</em></span> <span class='ocrx_word' id='word_1_142' title='bbox 797 2245 871 2301; x_wconf 89' lang='lat' dir='ltr'><em>aliis</em></span> <span class='ocrx_word' id='word_1_143' title='bbox 891 2249 1010 2301; x_wconf 86' lang='lat' dir='ltr'><em>euenire</em></span> <span class='ocrx_word' id='word_1_144' title='bbox 1035 2243 1132 2317; x_wconf 87' lang='lat' dir='ltr'><em>cidit,</em></span> <span class='ocrx_word' id='word_1_145' title='bbox 1153 2244 1230 2322; x_wconf 91' lang='lat' dir='ltr'><em>quod</em></span> <span class='ocrx_word' id='word_1_146' title='bbox 1250 2264 1299 2300; x_wconf 84' lang='lat' dir='ltr'><em>cc·</em></span> 
     </span>
     <span class='ocr_line' id='line_1_18' title="bbox 56 2375 1299 2466; baseline -0.002 -33"><span class='ocrx_word' id='word_1_147' title='bbox 56 2385 168 2466; x_wconf 72' lang='lat' dir='ltr'><em>pertus</em></span> <span class='ocrx_word' id='word_1_148' title='bbox 196 2382 259 2451; x_wconf 89' lang='lat' dir='ltr'><em>ipss</em></span> <span class='ocrx_word' id='word_1_149' title='bbox 277 2375 416 2449; x_wconf 89' lang='lat' dir='ltr'><em>suerot;</em></span> <span class='ocrx_word' id='word_1_150' title='bbox 448 2383 521 2452; x_wconf 89' lang='lat' dir='ltr'><em>qui,</em></span> <span class='ocrx_word' id='word_1_151' title='bbox 542 2396 634 2452; x_wconf 92' lang='lat' dir='ltr'><em>quum</em></span> <span class='ocrx_word' id='word_1_152' title='bbox 663 2382 799 2452; x_wconf 90' lang='lat' dir='ltr'><em>primum</em></span> <span class='ocrx_word' id='word_1_153' title='bbox 830 2377 881 2433; x_wconf 89' lang='lat' dir='ltr'><em>hoc</em></span> <span class='ocrx_word' id='word_1_154' title='bbox 909 2376 1044 2433; x_wconf 90' lang='lat' dir='ltr'><em>studium</em></span> <span class='ocrx_word' id='word_1_155' title='bbox 1065 2376 1299 2455; x_wconf 80' lang='lat' dir='ltr'><em>ingrederetur,</em></span> 
     </span>
     <span class='ocr_line' id='line_1_19' title="bbox 61 2507 1300 2586; baseline 0.001 -23"><span class='ocrx_word' id='word_1_156' title='bbox 61 2507 162 2565; x_wconf 88' lang='lat' dir='ltr'><em>eadem</em></span> <span class='ocrx_word' id='word_1_157' title='bbox 183 2507 218 2564; x_wconf 90' lang='lat' dir='ltr'><em>de</em></span> <span class='ocrx_word' id='word_1_158' title='bbox 234 2526 327 2565; x_wconf 90' lang='lat' dir='ltr'><em>causa</em></span> <span class='ocrx_word' id='word_1_159' title='bbox 345 2508 482 2565; x_wconf 87' lang='lat' dir='ltr'><em>Platonis</em></span> <span class='ocrx_word' id='word_1_160' title='bbox 499 2508 644 2586; x_wconf 79' lang='lat' dir='ltr'><em>dialogos,</em></span> <span class='ocrx_word' id='word_1_161' title='bbox 666 2528 848 2585; x_wconf 91' lang='lat' dir='ltr'><em>quamquam</em></span> <span class='ocrx_word' id='word_1_162' title='bbox 868 2509 962 2566; x_wconf 81' lang='lat' dir='ltr'><em>libens</em></span> <span class='ocrx_word' id='word_1_163' title='bbox 974 2528 1026 2570; x_wconf 75' lang='lat' dir='ltr'><em>,eos</em></span> <span class='ocrx_word' id='word_1_164' title='bbox 1044 2515 1074 2564; x_wconf 90' lang='lat' dir='ltr'><em>et</em></span> <span class='ocrx_word' id='word_1_165' title='bbox 1093 2527 1205 2585; x_wconf 84' lang='lat' dir='ltr'><em>magna</em></span> <span class='ocrx_word' id='word_1_166' title='bbox 1226 2508 1300 2565; x_wconf 90' lang='lat' dir='ltr'><em>adeo</em></span> 
     </span>
     <span class='ocr_line' id='line_1_20' title="bbox 60 2636 1300 2719; baseline 0 -25"><span class='ocrx_word' id='word_1_167' title='bbox 60 2639 214 2715; x_wconf 82' lang='lat' dir='ltr'><em>uoluptate</em></span> <span class='ocrx_word' id='word_1_168' title='bbox 235 2639 333 2719; x_wconf 81' lang='lat' dir='ltr'><em>legere</em></span> <span class='ocrx_word' id='word_1_169' title='bbox 352 2640 474 2715; x_wconf 89' lang='lat' dir='ltr'><em>solitus,</em></span> <span class='ocrx_word' id='word_1_170' title='bbox 496 2662 554 2698; x_wconf 93' lang='lat' dir='ltr'><em>non</em></span> <span class='ocrx_word' id='word_1_171' title='bbox 574 2649 674 2699; x_wconf 91' lang='lat' dir='ltr'><em>tamen</em></span> <span class='ocrx_word' id='word_1_172' title='bbox 694 2642 992 2699; x_wconf 84' lang='lat' dir='ltr'><em>intellecissetsotis.</em></span> <span class='ocrx_word' id='word_1_173' title='bbox 1021 2636 1216 2718; x_wconf 80' lang='lat' dir='ltr'><em>Quamobrem</em></span> <span class='ocrx_word' id='word_1_174' title='bbox 1226 2658 1300 2694; x_wconf 89' lang='lat' dir='ltr'><em>ona·</em></span> 
     </span>
     <span class='ocr_line' id='line_1_21' title="bbox 60 2769 1299 2853; baseline 0.002 -27"><span class='ocrx_word' id='word_1_175' title='bbox 60 2769 293 2849; x_wconf 76' lang='lat' dir='ltr'><em>lpticamoiam</em></span> <span class='ocrx_word' id='word_1_176' title='bbox 311 2773 478 2848; x_wconf 87' lang='lat' dir='ltr'><em>judicabat</em></span> <span class='ocrx_word' id='word_1_177' title='bbox 505 2773 670 2853; x_wconf 83' lang='lat' dir='ltr'><em>diligenter</em></span> <span class='ocrx_word' id='word_1_178' title='bbox 689 2775 862 2846; x_wconf 84' lang='lat' dir='ltr'><em>tenendam,</em></span> <span class='ocrx_word' id='word_1_179' title='bbox 888 2780 922 2830; x_wconf 90' lang='lat' dir='ltr'><em>in</em></span> <span class='ocrx_word' id='word_1_180' title='bbox 950 2779 1119 2850; x_wconf 84' lang='lat' dir='ltr'><em>primisque</em></span> <span class='ocrx_word' id='word_1_181' title='bbox 1149 2779 1299 2828; x_wconf 88' lang='lat' dir='ltr'><em>naturam</em></span> 
     </span>
     <span class='ocr_line' id='line_1_22' title="bbox 60 2875 1333 2983; baseline -0.002 -22"><span class='ocrx_word' id='word_1_182' title='bbox 60 2904 291 2983; x_wconf 83' lang='lat' dir='ltr'><em>cognoscendam</em></span> <span class='ocrx_word' id='word_1_183' title='bbox 321 2926 381 2962; x_wconf 90' lang='lat' dir='ltr'><em>esse</em></span> <span class='ocrx_word' id='word_1_184' title='bbox 410 2905 525 2983; x_wconf 82' lang='lat' dir='ltr'><em>dialogi</em></span> <span class='ocrx_word' id='word_1_185' title='bbox 553 2875 722 2978; x_wconf 75' lang='lat' dir='ltr'><em>Platonici,</em></span> <span class='ocrx_word' id='word_1_186' title='bbox 743 2926 873 2982; x_wconf 88' lang='lat' dir='ltr'><em>prorsus</em></span> <span class='ocrx_word' id='word_1_187' title='bbox 893 2906 1044 2962; x_wconf 86' lang='lat' dir='ltr'><em>diuersam</em></span> <span class='ocrx_word' id='word_1_188' title='bbox 1075 2926 1094 2962; x_wconf 92' lang='lat' dir='ltr'><em>a</em></span> <span class='ocrx_word' id='word_1_189' title='bbox 1121 2903 1301 2981; x_wconf 80' lang='lat' dir='ltr'><em>syntheticis</em></span> <span class='ocrx_word' id='word_1_190' title='bbox 1327 2919 1333 2934; x_wconf 83' lang='lat'><strong>·</strong></span> 
     </span>
     <span class='ocr_line' id='line_1_23' title="bbox 55 3036 1300 3114; baseline -0.002 -21"><span class='ocrx_word' id='word_1_191' title='bbox 55 3036 238 3114; x_wconf 86' lang='lat' dir='ltr'><em>plerumque</em></span> <span class='ocrx_word' id='word_1_192' title='bbox 258 3043 463 3112; x_wconf 87' lang='lat' dir='ltr'><em>posteriorum</em></span> <span class='ocrx_word' id='word_1_193' title='bbox 493 3037 806 3108; x_wconf 86' lang='lat' dir='ltr'><em>commentationibus,</em></span> <span class='ocrx_word' id='word_1_194' title='bbox 830 3038 940 3110; x_wconf 84' lang='lat' dir='ltr'><em>forma</em></span> <span class='ocrx_word' id='word_1_195' title='bbox 965 3036 1122 3112; x_wconf 85' lang='lat' dir='ltr'><em>colloquii,</em></span> <span class='ocrx_word' id='word_1_196' title='bbox 1144 3043 1300 3111; x_wconf 87' lang='lat' dir='ltr'><em>tamquam</em></span> 
     </span>
     <span class='ocr_line' id='line_1_24' title="bbox 60 3138 1332 3247; baseline -0.003 -21"><span class='ocrx_word' id='word_1_197' title='bbox 60 3169 228 3226; x_wconf 81' lang='lat' dir='ltr'><em>adventitio</em></span> <span class='ocrx_word' id='word_1_198' title='bbox 247 3177 374 3242; x_wconf 90' lang='lat' dir='ltr'><em>ornatu,</em></span> <span class='ocrx_word' id='word_1_199' title='bbox 394 3138 530 3242; x_wconf 87' lang='lat' dir='ltr'><em>indutis,</em></span> <span class='ocrx_word' id='word_1_200' title='bbox 551 3175 702 3227; x_wconf 88' lang='lat' dir='ltr'><em>contrain</em></span> <span class='ocrx_word' id='word_1_201' title='bbox 720 3190 750 3225; x_wconf 91' lang='lat' dir='ltr'><em>eo</em></span> <span class='ocrx_word' id='word_1_202' title='bbox 767 3175 915 3247; x_wconf 86' lang='lat' dir='ltr'><em>positam,</em></span> <span class='ocrx_word' id='word_1_203' title='bbox 937 3176 973 3224; x_wconf 89' lang='lat' dir='ltr'><em>ut</em></span> <span class='ocrx_word' id='word_1_204' title='bbox 992 3174 1057 3225; x_wconf 90' lang='lat' dir='ltr'><em>sint</em></span> <span class='ocrx_word' id='word_1_205' title='bbox 1073 3167 1217 3225; x_wconf 89' lang='lat' dir='ltr'><em>dramata</em></span> <span class='ocrx_word' id='word_1_206' title='bbox 1233 3168 1300 3243; x_wconf 87' lang='lat' dir='ltr'><em>phi·</em></span> <span class='ocrx_word' id='word_1_207' title='bbox 1331 3179 1332 3182; x_wconf 78' lang='grc'>’</span> 
     </span>
    </p>
   </div>
   <div class='ocr_carea' id='block_1_3' title="bbox 61 3299 1298 3379">
    <p class='ocr_par' dir='ltr' id='par_1_3' title="bbox 61 3299 1298 3379">
     <span class='ocr_line' id='line_1_25' title="bbox 61 3299 1298 3379; baseline -0.001 -23"><span class='ocrx_word' id='word_1_208' title='bbox 61 3299 198 3377; x_wconf 85' lang='lat' dir='ltr'><em>losopho,</em></span> <span class='ocrx_word' id='word_1_209' title='bbox 220 3307 398 3373; x_wconf 87' lang='lat' dir='ltr'><em>interioris,</em></span> <span class='ocrx_word' id='word_1_210' title='bbox 415 3322 429 3358; x_wconf 89' lang='lat' dir='ltr'><em>c</em></span> <span class='ocrx_word' id='word_1_211' title='bbox 452 3299 591 3359; x_wconf 84' lang='lat' dir='ltr'><em>Socratis</em></span> <span class='ocrx_word' id='word_1_212' title='bbox 604 3301 746 3376; x_wconf 79' lang='lat' dir='ltr'><em>methodo,</em></span> <span class='ocrx_word' id='word_1_213' title='bbox 762 3301 971 3379; x_wconf 82' lang='lat' dir='ltr'><em>indagationis</em></span> <span class='ocrx_word' id='word_1_214' title='bbox 988 3300 1178 3375; x_wconf 88' lang='lat' dir='ltr'><em>philosophae</em></span> <span class='ocrx_word' id='word_1_215' title='bbox 1189 3300 1298 3375; x_wconf 90' lang='lat' dir='ltr'><em>plena,</em></span> 
     </span>
    </p>
   </div>
   <div class='ocr_carea' id='block_1_4' title="bbox 60 3429 1298 3512">
    <p class='ocr_par' dir='ltr' id='par_1_4' title="bbox 60 3429 1298 3512">
     <span class='ocr_line' id='line_1_26' title="bbox 60 3429 1298 3512; baseline 0.001 -23"><span class='ocrx_word' id='word_1_216' title='bbox 60 3429 191 3503; x_wconf 81' lang='lat' dir='ltr'><em>mentem</em></span> <span class='ocrx_word' id='word_1_217' title='bbox 208 3434 293 3511; x_wconf 86' lang='lat' dir='ltr'><em>inter</em></span> <span class='ocrx_word' id='word_1_218' title='bbox 320 3434 478 3512; x_wconf 80' lang='lat' dir='ltr'><em>legendum</em></span> <span class='ocrx_word' id='word_1_219' title='bbox 498 3440 689 3492; x_wconf 86' lang='lat' dir='ltr'><em>continenter</em></span> <span class='ocrx_word' id='word_1_220' title='bbox 717 3443 862 3493; x_wconf 89' lang='lat' dir='ltr'><em>acuentia</em></span> <span class='ocrx_word' id='word_1_221' title='bbox 890 3444 920 3492; x_wconf 91' lang='lat' dir='ltr'><em>et</em></span> <span class='ocrx_word' id='word_1_222' title='bbox 947 3437 987 3493; x_wconf 87' lang='lat' dir='ltr'><em>ad</em></span> <span class='ocrx_word' id='word_1_223' title='bbox 1016 3435 1229 3512; x_wconf 82' lang='lat' dir='ltr'><em>cogitandum,</em></span> <span class='ocrx_word' id='word_1_224' title='bbox 1250 3440 1298 3490; x_wconf 90' lang='lat' dir='ltr'><em>in·</em></span> 
     </span>
    </p>
   </div>
   <div class='ocr_carea' id='block_1_5' title="bbox 55 3566 1372 4172">
    <p class='ocr_par' dir='ltr' id='par_1_5' title="bbox 55 3566 1372 4172">
     <span class='ocr_line' id='line_1_27' title="bbox 59 3566 1372 3643; baseline 0 -22"><span class='ocrx_word' id='word_1_225' title='bbox 59 3566 256 3641; x_wconf 90' lang='lat' dir='ltr'><em>quirendum,</em></span> <span class='ocrx_word' id='word_1_226' title='bbox 270 3566 496 3640; x_wconf 87' lang='lat' dir='ltr'><em>judicandum,</em></span> <span class='ocrx_word' id='word_1_227' title='bbox 526 3572 600 3643; x_wconf 91' lang='lat' dir='ltr'><em>quin</em></span> <span class='ocrx_word' id='word_1_228' title='bbox 627 3568 843 3642; x_wconf 84' lang='lat' dir='ltr'><em>ecplorandum</em></span> <span class='ocrx_word' id='word_1_229' title='bbox 863 3577 954 3625; x_wconf 87' lang='lat' dir='ltr'><em>semet</em></span> <span class='ocrx_word' id='word_1_230' title='bbox 981 3577 1098 3643; x_wconf 89' lang='lat' dir='ltr'><em>ipsam,</em></span> <span class='ocrx_word' id='word_1_231' title='bbox 1118 3571 1297 3624; x_wconf 88' lang='lat' dir='ltr'><em>incitantia.</em></span> <span class='ocrx_word' id='word_1_232' title='bbox 1369 3578 1372 3583; x_wconf 74' lang='grc'>’</span> 
     </span>
     <span class='ocr_line' id='line_1_28' title="bbox 58 3696 1298 3778; baseline 0.003 -25"><span class='ocrx_word' id='word_1_233' title='bbox 58 3696 142 3754; x_wconf 85' lang='lat' dir='ltr'><em>Haeo</em></span> <span class='ocrx_word' id='word_1_234' title='bbox 162 3705 216 3774; x_wconf 89' lang='lat' dir='ltr'><em>qui</em></span> <span class='ocrx_word' id='word_1_235' title='bbox 235 3719 293 3755; x_wconf 93' lang='lat' dir='ltr'><em>non</em></span> <span class='ocrx_word' id='word_1_236' title='bbox 313 3706 444 3756; x_wconf 87' lang='lat' dir='ltr'><em>assecuti</em></span> <span class='ocrx_word' id='word_1_237' title='bbox 455 3707 565 3772; x_wconf 88' lang='lat' dir='ltr'><em>essent,</em></span> <span class='ocrx_word' id='word_1_238' title='bbox 587 3700 717 3778; x_wconf 81' lang='lat' dir='ltr'><em>negabat</em></span> <span class='ocrx_word' id='word_1_239' title='bbox 733 3720 823 3776; x_wconf 89' lang='lat' dir='ltr'><em>porro</em></span> <span class='ocrx_word' id='word_1_240' title='bbox 842 3707 940 3776; x_wconf 89' lang='lat' dir='ltr'><em>ipsam</em></span> <span class='ocrx_word' id='word_1_241' title='bbox 955 3707 1107 3776; x_wconf 81' lang='lat' dir='ltr'><em>caperest</em></span> <span class='ocrx_word' id='word_1_242' title='bbox 1124 3699 1298 3774; x_wconf 81' lang='lat' dir='ltr'><em>dijudicare</em></span> 
     </span>
     <span class='ocr_line' id='line_1_29' title="bbox 55 3831 1298 3918; baseline 0.001 -32"><span class='ocrx_word' id='word_1_243' title='bbox 55 3848 138 3904; x_wconf 88' lang='lat' dir='ltr'><em>posse</em></span> <span class='ocrx_word' id='word_1_244' title='bbox 156 3831 294 3888; x_wconf 89' lang='lat' dir='ltr'><em>Platonis</em></span> <span class='ocrx_word' id='word_1_245' title='bbox 310 3831 543 3918; x_wconf 81' lang='lat' dir='ltr'><em>philosophiam,</em></span> <span class='ocrx_word' id='word_1_246' title='bbox 561 3851 738 3908; x_wconf 87' lang='lat' dir='ltr'><em>perperam,</em></span> <span class='ocrx_word' id='word_1_247' title='bbox 758 3839 821 3908; x_wconf 88' lang='lat' dir='ltr'><em>ipso</em></span> <span class='ocrx_word' id='word_1_248' title='bbox 832 3833 958 3907; x_wconf 86' lang='lat' dir='ltr'><em>judice,</em></span> <span class='ocrx_word' id='word_1_249' title='bbox 970 3834 1006 3890; x_wconf 96' lang='lat' dir='ltr'><em>ab</em></span> <span class='ocrx_word' id='word_1_250' title='bbox 1026 3831 1209 3890; x_wconf 83' lang='lat' dir='ltr'><em>Aristoteleo</em></span> <span class='ocrx_word' id='word_1_251' title='bbox 1227 3831 1298 3887; x_wconf 90' lang='lat' dir='ltr'><em>inde</em></span> 
     </span>
     <span class='ocr_line' id='line_1_30' title="bbox 57 3929 1298 4040; baseline 0.002 -23"><span class='ocrx_word' id='word_1_252' title='bbox 57 3981 127 4019; x_wconf 85' lang='lat' dir='ltr'><em>aero</em></span> <span class='ocrx_word' id='word_1_253' title='bbox 140 3968 260 4039; x_wconf 86' lang='lat' dir='ltr'><em>saepius</em></span> <span class='ocrx_word' id='word_1_254' title='bbox 270 3929 482 4021; x_wconf 64' lang='lat' dir='ltr'><em>doctdinam</em></span> <span class='ocrx_word' id='word_1_255' title='bbox 501 3964 707 4022; x_wconf 89' lang='lat' dir='ltr'><em>habitamsioo</em></span> <span class='ocrx_word' id='word_1_256' title='bbox 722 3965 1070 4040; x_wconf 89' lang='lat' dir='ltr'><em>scientiampartibus</em></span> <span class='ocrx_word' id='word_1_257' title='bbox 1080 3970 1146 4021; x_wconf 89' lang='lat' dir='ltr'><em>suis</em></span> <span class='ocrx_word' id='word_1_258' title='bbox 1160 3971 1298 4021; x_wconf 82' lang='lat' dir='ltr'><em>constan·</em></span> 
     </span>
     <span class='ocr_line' id='line_1_31' title="bbox 57 4076 1295 4172; baseline 0.003 -22"><span class='ocrx_word' id='word_1_259' title='bbox 57 4076 125 4153; x_wconf 45' lang='lat' dir='ltr'><em>tomi</em></span> <span class='ocrx_word' id='word_1_260' title='bbox 143 4093 196 4153; x_wconf 78' lang='lat' dir='ltr'><em>Sto</em></span> <span class='ocrx_word' id='word_1_261' title='bbox 207 4103 357 4153; x_wconf 87' lang='lat' dir='ltr'><em>statuenti</em></span> <span class='ocrx_word' id='word_1_262' title='bbox 367 4095 500 4155; x_wconf 83' lang='lat' dir='ltr'><em>Heusdio</em></span> <span class='ocrx_word' id='word_1_263' title='bbox 511 4097 586 4153; x_wconf 90' lang='lat' dir='ltr'><em>utile</em></span> <span class='ocrx_word' id='word_1_264' title='bbox 599 4096 759 4153; x_wconf 84' lang='lat' dir='ltr'><em>videbatur</em></span> <span class='ocrx_word' id='word_1_265' title='bbox 768 4096 940 4154; x_wconf 89' lang='lat' dir='ltr'><em>istiusmodi</em></span> <span class='ocrx_word' id='word_1_266' title='bbox 951 4097 1035 4152; x_wconf 89' lang='lat' dir='ltr'><em>edere</em></span> <span class='ocrx_word' id='word_1_267' title='bbox 1052 4095 1295 4172; x_wconf 83' lang='lat' dir='ltr'><em>disquisitiones,</em></span> 
     </span>
    </p>
   </div>
   <div class='ocr_carea' id='block_1_6' title="bbox 56 4227 1294 4308">
    <p class='ocr_par' dir='ltr' id='par_1_6' title="bbox 56 4227 1294 4308">
     <span class='ocr_line' id='line_1_32' title="bbox 56 4227 1294 4308; baseline 0.003 -26"><span class='ocrx_word' id='word_1_268' title='bbox 56 4227 178 4304; x_wconf 88' lang='lat' dir='ltr'><em>quibus,</em></span> <span class='ocrx_word' id='word_1_269' title='bbox 193 4229 395 4305; x_wconf 83' lang='lat' dir='ltr'><em>missisplane</em></span> <span class='ocrx_word' id='word_1_270' title='bbox 414 4235 595 4288; x_wconf 88' lang='lat' dir='ltr'><em>recentioris</em></span> <span class='ocrx_word' id='word_1_271' title='bbox 605 4236 672 4287; x_wconf 86' lang='lat' dir='ltr'><em>aeui</em></span> <span class='ocrx_word' id='word_1_272' title='bbox 680 4231 870 4308; x_wconf 88' lang='lat' dir='ltr'><em>opinionibus</em></span> <span class='ocrx_word' id='word_1_273' title='bbox 877 4228 1164 4307; x_wconf 87' lang='lat' dir='ltr'><em>philosophandique</em></span> <span class='ocrx_word' id='word_1_274' title='bbox 1175 4247 1294 4301; x_wconf 83' lang='lat' dir='ltr'><em>norma,</em></span> 
     </span>
    </p>
   </div>
   <div class='ocr_carea' id='block_1_7' title="bbox 51 4357 1347 4442">
    <p class='ocr_par' dir='ltr' id='par_1_7' title="bbox 51 4357 1347 4442">
     <span class='ocr_line' id='line_1_33' title="bbox 51 4357 1347 4442; baseline 0.004 -28"><span class='ocrx_word' id='word_1_275' title='bbox 51 4362 150 4437; x_wconf 89' lang='lat' dir='ltr'><em>ipsam</em></span> <span class='ocrx_word' id='word_1_276' title='bbox 170 4357 307 4420; x_wconf 89' lang='lat' dir='ltr'><em>Platonis</em></span> <span class='ocrx_word' id='word_1_277' title='bbox 327 4361 546 4442; x_wconf 86' lang='lat' dir='ltr'><em>philosophiam</em></span> <span class='ocrx_word' id='word_1_278' title='bbox 577 4372 746 4440; x_wconf 78' lang='lat' dir='ltr'><em>inprimere</em></span> <span class='ocrx_word' id='word_1_279' title='bbox 773 4366 910 4424; x_wconf 86' lang='lat' dir='ltr'><em>studeret</em></span> <span class='ocrx_word' id='word_1_280' title='bbox 929 4372 959 4420; x_wconf 91' lang='lat' dir='ltr'><em>et</em></span> <span class='ocrx_word' id='word_1_281' title='bbox 979 4361 1164 4421; x_wconf 85' lang='lat' dir='ltr'><em>attendenda</em></span> <span class='ocrx_word' id='word_1_282' title='bbox 1187 4359 1296 4419; x_wconf 82' lang='lat' dir='ltr'><em>Socra·</em></span> <span class='ocrx_word' id='word_1_283' title='bbox 1341 4373 1347 4382; x_wconf 72' lang='grc'><strong>“</strong></span> 
     </span>
    </p>
   </div>
   <div class='ocr_carea' id='block_1_8' title="bbox 0 0 1402 5048">
    <p class='ocr_par' dir='ltr' id='par_1_8' title="bbox 0 0 1402 5048">
     <span class='ocr_line' id='line_1_34' title="bbox 0 0 1402 5048; baseline 0 0"><span class='ocrx_word' id='word_1_284' title='bbox 0 0 1402 5048; x_wconf 95' lang='lat' dir='ltr'><em> </em></span> 
     </span>
    </p>
   </div>
  </div>
 </body>
</html>
