2796 5048
647 195 685 254 53

65 357 230 435 idemque'
222 378 254 416 tn
271 355 422 436 deperdita
442 356 587 435 tragoedia
606 356 822 420 Pliad'thonte
815 380 847 419 ιιι
875 358 976 465 primgs
995 360 1046 419 illa
1075 381 1189 421 ornasse
1216 361 1302 421 vide-

65 469 124 514 tur.
168 455 193 514 E
212 453 329 534 prologo
347 452 416 511 haec
437 468 547 513 servata
565 468 650 513 sunt:
674 453 703 535 l)

324 543 363 632 ἡν
384 548 416 610 ἐκ
436 545 651 633 τεθρίππων
632 545 774 631 αρμάτων
795 545 917 635 πρώτην

318 647 420 726 Ἥλιος
441 647 572 732 α’νίσχαιν
593 649 708 738 χρυσέη
728 647 816 738 βώλῳ
840 650 944 735 φλέγει.

66 755 222 834 Equibus
240 769 268 814 et
285 756 429 814 similibus
442 755 603 836 proficiens
620 756 765 830 Ovidius,
787 756 954 816 admirabili
984 771 1043 818 arte
1073 761 1128 819 iter
1155 760 1306 841 descripsit

66 854 156 914 Solis.
207 852 308 912 Simile
334 868 374 912 est
402 852 455 912 hoc
485 855 540 912 iter
553 853 647 930 ¹Jovis
675 868 905 934 caeterorumque
932 850 1057 915 &orum
1082 859 1305 930 excellentium,

67 973 142 1033 quos
160 951 259 1011 eadem
278 953 371 1033 speeie
391 966 552 1030 sequuntur
572 953 662 1010 animi
683 952 813 1012 humani.
856 953 1026 1013 Escendunt
1045 954 1075 1014 hi
1096 957 1165 1017 item
1183 959 1215 1017 in
1240 977 1306 1016 coe-

69 1051 238 1114 lum-certis
256 1050 450 1130 temporibus,
471 1063 504 1108 ut
521 1049 670 1124 Phoebus,
693 1071 752 1109 non
777 1049 1042 1138 singulisdiebne,
1062 1053 1113 1113 eod
1136 1074 1213 1113 anno
1239 1075 1307 1133 quo-

68 1171 127 1231 que
144 1164 189 1209 ter
201 1147 367 1222 millesimo,
389 1161 416 1206 et
431 1147 594 1229 spectaculo
607 1147 671 1206 illie
686 1148 824 1208 fruuntur
841 1147 1133 1229 magnificentissimo.
1154 1151 1189 1210 ln
1202 1151 1308 1230 quibus

69 1245 293 1329 descrihendis,
312 1244 499 1326 philosophos
516 1246 585 1305 item
612 1245 747 1304 habuisse
768 1247 887 1307 videtur
915 1246 1015 1322 Plato,
1042 1268 1113 1328 quos
1138 1249 1306 1308 imitaretur.
1336 1229 1339 1240 ⁸

69 1347 197 1407 Exstant
210 1359 286 1404 certe
303 1343 532 1424 inEmpedoctis
550 1357 577 1402 et
592 1343 771 1404 Parmenidis
789 1345 970 1425 fragmentis,
981 1365 1053 1423 quae
1073 1347 1219 1405 notionem
1237 1369 1308 1405 con-

70 1445 188 1504 tineant
217 1464 360 1520 equarum
394 1465 562 1522 currusque
590 1435 719 1523 εὐηνίου,
749 1444 855 1524 quihus
882 1445 994 1503 animus
1023 1444 1152 1504 vehatur.
1187 1443 1219 1526 2)
1251 1444 1308 1505 Sed

70 1543 144 1602 alias
169 1541 236 1600 item
263 1542 296 1600 in
319 1541 365 1600 his
393 1556 421 1601 et
444 1542 563 1603 aliunde
592 1545 731 1624 imagines
758 1541 903 1602 adhibuit.
944 1543 987 1601 Ne
1010 1542 1106 1602 dicam
1135 1541 1172 1602 de
1196 1541 1309 1603 exerci-

70 1656 104 1700 tu
136 1640 169 1697 in
196 1639 309 1718 agmina
337 1639 507 1715 distributo,
538 1643 585 1699 cui
609 1662 734 1701 summus
763 1654 872 1720 praeest
900 1641 932 1699 in
962 1640 1041 1699 coelo
1062 1641 1124 1700 dux
1142 1655 1170 1699 et
1189 1640 1307 1721 impera-

71 1754 134 1800 tor:
166 1738 372 1816 aurigationem
393 1738 484 1797 animi
512 1741 640 1798 certatim
664 1740 840 1812 instituunt,
868 1753 898 1797 ut
917 1753 1029 1798 certant
1054 1739 1135 1820 apud
1155 1740 1308 1798 Homerum

72 1837 200 1916 arnigae.
241 1835 300 1894 Nec
328 1858 395 1896 vero
424 1835 599 1916 negligenda
618 1850 659 1896 est
670 1883 678 1910 ,
707 1859 779 1916 quae
807 1825 992 1896 chori'fit'et
1016 1838 1166 1896 initiorum
1192 1840 1309 1897 mentio.

72 1938 148 1996 Deos
176 1948 336 2013 sequuntur
364 1936 453 1993 animi
482 1933 510 1994 et
537 1933 655 1994 student
677 1936 803 2008 imitari,
823 1948 982 2013 sequuntur
1008 1948 1120 2009 autem,
1152 1950 1183 1995 ut
1208 1936 1310 1994 chore-

73 2055 123 2115 gos
152 2053 236 2106 suos,
266 2033 347 2110 quasi
376 2032 477 2090 choros
504 2055 570 2092 cum
599 2033 663 2092 Diis
693 2032 870 2094 celebrantes
898 2033 931 2091 in
957 2033 1044 2090 sacris
1077 2032 1154 2093 hisce
1181 2035 1310 2093 omnium

73 2131 299 2212 augustissimis;
331 2131 404 2210 quin
432 2130 516 2202 etiam
546 2132 701 2191 initiantur
730 2131 873 2212 mysteriis
900 2131 990 2189 animi
1017 2151 1116 2190 verum
1148 2131 1311 2211 intuendo,

75 2249 205 2310 quaeque
224 2228 287 2287 illic
306 2227 444 2288 viderunt
464 2222 603 2289 ἕποπτικοῖ
611 2276 621 2303 ,
644 2251 741 2291 eorum
756 2230 788 2288 in
803 2229 857 2287 hac
872 2228 933 2289 vita
947 2229 1112 2288 etiamnunc
1128 2245 1194 2290 sunt
1208 2253 1311 2291 memo·

76 2350 130 2389 res.
174 2318 268 2387 Εἶδόν
292 2349 322 2386 τε
344 2325 392 2388 καὶ
414 2322 563 2391 ἐτελοῦντο
585 2328 713 2393 τελετῶν
738 2323 777 2409 ἢν
798 2322 889 2404 θέμις
909 2320 999 2407 λέγειν
1019 2321 1252 2411 μακαριωτάτην
1273 2327 1312 2412 ἢν

74 2420 261 2509 ὥργεάζομεν
282 2422 437 2512 ὁλόκληροι
458 2429 514 2510 μὲν
535 2428 618 2494 αὐτοὶ
641 2427 722 2506 ὄντες
742 2429 790 2490 καὶ
812 2425 939 2502 ἀπαθεῖς
959 2429 1077 2504 κακῶν,
1101 2423 1158 2491 ὅσα
1178 2425 1259 2512 η’μᾶς
1280 2431 1311 2494 ἒν

64 2523 194 2615 υστὲρῳ
218 2523 321 2618 χρόνῳ
347 2526 493 2612 ὑπέμενεν·
522 2525 672 2618 ὁλόκληρα
699 2530 734 2594 δὲ
755 2530 803 2593 καὶ
824 2526 903 2592 ἁπλᾶ
926 2528 976 2592 καὶ
1002 2526 1118 2615 οἷτρεμη
1141 2533 1190 2594 καὶ
1211 2529 1310 2594 εὐδαί-

61 2655 154 2710 ,αονα
172 2627 316 2714 φάσματα
339 2631 503 2715 μυούμενοί
527 2661 557 2698 τε
586 2637 635 2698 καὶ
662 2629 866 2707 ἐποπτεύοντες
888 2631 919 2693 ἒν
940 2628 1019 2718 αὐγῇ
1038 2635 1162 2719 καθαρᾷ
1182 2635 1311 2717 καθαροὶ

64 2729 168 2810 «ἴντες.
190 2733 221 2815 3)
264 2736 310 2796 Sic
328 2738 415 2819 plena
434 2754 476 2799 est
494 2741 667 2850 pulcerrima
687 2737 842 2818 descriptio
860 2737 1037 2817 poeticarum
1056 2738 1232 2817 imaginum,
1261 2737 1311 2796 sed

58 2839 253 2919 adaptantur
271 2838 340 2896 haee
369 2837 542 2897 mirabiliter
564 2838 739 2919 gravissimis
758 2834 923 2917 philosophi
952 2834 1077 2915 placitis.
1120 2834 1207 2894 Haud
1234 2836 1319 2894 enim.

63 2938 104 2998 is
123 2951 229 2996 temere
247 2934 384 3015 fingendo
403 2917 557 2996 evolavit
549 2951 716 3016 incertoque
737 2947 854 3014 vagatus
873 2945 933 3006 est,
956 2946 987 2991 ut
1005 2933 1159 3014 splendida
1182 2953 1309 3013 quaeque

58 3047 313 3116 persequeretur,
335 3049 530 3113 assequerwetui
549 3037 657 3095 inania.
699 3035 776 3093 Haec
797 3032 869 3090 ratio
895 3031 952 3089 fuit
975 3031 1137 3111 posterioris
1164 3033 1228 3092 aevi
1250 3031 1313 3112 phi·

63 3130 274 3214 losophorum.
317 3131 397 3192 Plato
417 3154 504 3210 vero,
529 3155 716 3214 quaeeunque
738 3131 785 3192 vel
804 3131 864 3211 ipse
883 3128 970 3187 finxit
997 3129 1149 3203 sublimia,
1180 3129 1228 3190 vel
1246 3129 1313 3187 ficta

58 3231 116 3290 ab
145 3230 212 3289 aliis
238 3229 398 3294 illustravit
424 3235 614 3311 ornavitque,
643 3233 714 3291 hacc
743 3225 839 3290 omnia
859 3225 996 3286 adhibuit
1021 3227 1058 3286 ad
1088 3229 1149 3288 veri
1178 3227 1312 3306 disquisi-

60 3331 208 3403 tionem,
230 3350 286 3408 quo
310 3330 398 3409 magis
423 3329 581 3391 illustraret
608 3332 779 3391 sententiam
807 3347 896 3387 suam.
944 3324 1030 3384 Unde
1058 3326 1154 3385 lumen
1183 3326 1312 3384 Platoni-

61 3411 131 3487 cae
150 3426 369 3508 philosophiae,
384 3428 461 3506 quod
480 3431 557 3490 omni
575 3451 645 3490 aevo
659 3428 786 3488 advertit
803 3421 997 3506 philosophos.
1018 3423 1116 3502 Neque
1129 3424 1192 3483 alio
1208 3437 1315 3505 spectat

60 3526 235 3601 sublimis,
255 3547 339 3604 quem
363 3526 617 3603 adumbravimus,
639 3530 671 3587 in
696 3523 826 3586 Phaedro
854 3521 964 3600 μῦθος.
1006 3521 1139 3597 Relertur
1167 3519 1219 3579 ille
1239 3534 1314 3580 totus

61 3625 121 3684 ad
144 3623 321 3705 explicanda
341 3625 506 3685 evidentius
517 3672 525 3700 ,
547 3647 617 3705 quae
637 3625 673 3685 de
691 3624 808 3683 homine
828 3621 988 3693 sentiebat,
1016 3617 1106 3697 deque
1126 3619 1187 3696 ejus
1207 3633 1234 3678 et
1253 3620 1315 3699 pri-

60 3724 159 3782 stino
178 3735 255 3781 statu
274 3734 301 3780 et
320 3738 467 3802 praesente
496 3724 663 3783 conditione
690 3743 721 3780 ac
752 3723 858 3780 futura.
905 3719 942 3777 Et
959 3738 1044 3790 vero,
1072 3738 1143 3795 quae
1163 3716 1317 3796 diligenter

60 3818 193 3881 deinde
221 3821 355 3902 exposuit
381 3820 417 3880 de
443 3823 563 3882 scientia
591 3835 619 3880 et
646 3821 802 3901 opinione,
823 3818 859 3878 de
880 3816 1076 3876 recordatione
1097 3826 1124 3872 et
1143 3811 1315 3892 disciplina,

64 3913 124 3972 dt
140 3919 232 3979 animi
252 3919 370 3978 omnino
389 3934 490 3979 natura
509 3935 537 3980 et
554 3921 647 3980 trihus
666 3921 726 3997 qius
740 3918 868 3998 partibus
878 3964 886 3992 ,
906 3913 950 3999 τῷ
972 3909 1195 3996 ἐπιθυμητικῷ,
1214 3912 1315 3986 θυμο-

61 4012 154 4077 ειδεῖ
174 4015 224 4077 καλ
249 4013 343 4102 λόγῳ,
372 4021 607 4096 cupiditatibus,
635 4025 771 4091 ratione,
801 4024 852 4074 ira
867 4064 875 4092 ,
906 4018 955 4095 qui
985 4016 1064 4075 locus
1092 4015 1148 4072 late
1180 4025 1255 4091 patet
1286 4012 1317 4068 in

117 4260 145 4327 l)
164 4264 223 4315 vid.
243 4263 332 4316 Valclt.
356 4264 438 4314 Diatr.
456 4280 482 4333 p.
502 4262 542 4314 31.

107 4343 146 4411 2)
167 4351 237 4401 Loca
254 4349 376 4416 apposuit
394 4344 503 4409 Astffl
521 4349 628 4400 Phaedr.
651 4366 677 4415 p.
697 4348 754 4400 291.

106 4427 273 4494 3)1Ptaedr.
292 4432 353 4484 250.
374 4431 402 4482 C.
