2796 5048
700 243 738 301 50
832 300 835 314 .

113 422 170 468 tate
191 408 385 467 celebraturus
412 417 461 464 est.
505 404 595 461 Tenet
614 401 691 462 bunc
711 403 805 463 locum
824 396 846 483 η’
871 397 1055 483 ἄχριόματός
1080 425 1110 464 τε
1132 401 1181 464 καὶ
1202 398 1343 486 ἀσχημό-

112 524 208 579 τιστυς
228 504 277 572 καὶ
298 497 417 586 ἄναφής
438 494 522 562 otiolo
544 493 637 573 ὅπως
658 493 745 575 οὖσα,
767 502 818 578 id,
835 505 913 584 quod
937 492 1003 591 veie
1018 521 1060 566 est
1080 527 1133 565 nec
1149 507 1278 567 colorem
1297 522 1342 567 ant

114 610 232 668 formam
259 607 347 666 babet
365 626 418 665 nee
446 617 523 665 tactu
548 603 727 683 percipitur,
747 602 798 661 sed
817 603 853 661 ab
882 625 939 663 una
959 604 1087 686 conspici
1111 619 1206 665 mente
1233 619 1341 687 potest,

112 725 184 784 quae
202 704 316 784 aurigae
336 705 426 763 instar
439 702 567 761 animum
582 700 739 780 gubernat:
758 700 820 759 illie
835 701 888 760 hoc
908 702 989 762 adest
1004 722 1062 761 una
1077 723 1142 760 cum
1160 724 1228 763 veta
1248 704 1342 764 scien·

111 802 160 862 tia.
183 802 265 861 Hanc
285 817 414 884 spectans
433 791 534 859 οὐσίαν
549 791 644 871 ὅντως
661 791 751 858 οὖσαν
771 821 835 859 eum
854 801 906 859 Dei
926 801 1137 881 intelligentia,
1155 822 1230 880 quae
1249 816 1341 863 mente

111 920 182 979 pura
202 913 230 958 et
249 898 369 958 seientit
396 902 538 974 vertitur,
559 914 619 958 tum
642 901 732 959 animi
751 902 888 977 cujusque
917 899 1010 971 acies,
1030 918 1102 975 quae
1130 899 1199 957 buic
1228 902 1273 960 rei
1292 922 1342 982 par

110 998 147 1057 sit
166 998 281 1071 futura,
312 1010 340 1055 et
363 994 478 1078 placida
506 998 614 1057 fruitur
642 997 807 1079 voluptate,
835 1010 863 1055 et
889 996 943 1055 boc
971 996 1032 1056 veri
1061 997 1225 1077 spectaculo
1255 999 1342 1060 alitur

110 1107 193 1172 atque
212 1092 406 1168 exhilaratur,
426 1095 564 1175 quamdiu
585 1095 656 1154 coeli
682 1097 827 1176 vertigine
844 1095 876 1153 in
896 1094 1036 1155 circulum
1056 1095 1188 1156 vertitur.
1231 1096 1269 1157 ln
1288 1097 1341 1159 boc

109 1204 203 1250 autem
220 1191 343 1250 circuitu
360 1191 452 1272 ipsam
471 1194 680 1274 contemplatur
699 1195 860 1272 justitiam,
880 1195 1097 1274 temperantiam
1115 1195 1225 1276 ipsam,
1252 1197 1342 1277 ipsam

108 1291 225 1364 omniuo
243 1289 392 1348 seientiam
402 1333 411 1365 ,
432 1313 492 1350 non
500 1312 573 1371 quae
593 1306 659 1352 nata
678 1291 836 1371 aliquando
854 1293 912 1366 est',
933 1305 983 1350 aut
1002 1313 1073 1370 quae
1092 1291 1149 1351 alia
1168 1294 1258 1353 estin
1277 1293 1343 1355 aliis

107 1408 223 1463 eorum,
242 1406 314 1465 quae
333 1406 411 1445 nune
432 1410 494 1448 aeae
511 1389 650 1466 dicimus,
673 1390 722 1448 sed
743 1410 814 1469 quae
833 1391 866 1448 in
885 1410 917 1449 eo
936 1390 1066 1464 obtinet,
1087 1389 1165 1468 quod
1189 1411 1259 1451 vere
1282 1404 1341 1467 eet,

95 1500 98 1507 '
136 1507 151 1524 s
169 1499 173 1506 ·’
246 1477 282 1545 ὅν
302 1476 414 1558 dvrwc:
443 1487 517 1546 banc
548 1487 635 1567 igitur
664 1488 814 1547 scientiam
827 1501 855 1546 et
873 1502 983 1547 caetera
1002 1489 1110 1568 pariter
1133 1481 1252 1565 omnia,
1270 1510 1342 1569 quae

108 1587 163 1610 '⁴
179 1583 207 1654 '‘i‘'
232 1600 276 1660 t,
297 1585 506 1667 contemplatus
525 1587 654 1660 animus,
678 1587 770 1665 iisque
799 1587 927 1645 nutritus
949 1607 982 1644 ac
1008 1600 1122 1667 pastus,
1144 1587 1293 1668 recipiens
1315 1608 1342 1648 se

116 1665 143 1739 ¹st
157 1692 207 1738 r
222 1684 298 1742 intra
316 1685 427 1743 eoelum
437 1729 445 1758 ,
467 1683 583 1743 domum
598 1684 681 1745 redit.
724 1685 874 1763 Postquam
894 1698 989 1743 autem
1009 1683 1115 1760 rediit,
1136 1704 1224 1764 equos
1242 1686 1341 1767 auriga

62 1772 65 1777 ¹
104 1783 143 1849 ad
161 1802 295 1864 praesepe
320 1783 443 1856 sistens,
469 1782 638 1840 ambrosiam
664 1783 701 1840 iis
726 1781 843 1863 projicit
864 1796 892 1842 et
915 1796 1013 1841 nectar
1041 1784 1160 1864 insuper
1178 1784 1341 1864 potandum

104 1881 233 1968 praebet.
275 1879 313 1939 Et
331 1880 401 1939 haec
419 1879 537 1969 quidem
557 1893 598 1938 est
616 1880 740 1938 Deorum
761 1879 829 1939 vita.
863 1877 892 1959 l)
1173 1965 1175 1969 .

144 1986 201 2044 Iter
219 1991 314 2042 autem
334 1978 411 2038 illud
430 1976 551 2037 coeleste
569 1977 607 2037 ad
628 1974 722 2058 ipsum
745 1977 1000 2059 contemplandum
1020 1999 1139 2054 verum,
1159 1999 1227 2037 cum
1256 1981 1340 2041 certis
1362 1992 1372 2011 '¹

104 2081 264 2143 instituitur
282 2076 477 2157 temporibus,
492 2089 554 2134 tum
571 2074 650 2133 bunc
671 2075 702 2133 in
722 2075 848 2136 modum.
880 2077 1003 2156 Magnus
1021 2077 1053 2135 in
1073 2077 1152 2137 coelo
1168 2076 1233 2135 dux
1254 2072 1340 2159 Jupi-

106 2193 167 2253 ter,
183 2179 292 2237 alatum
306 2177 400 2235 citans
412 2195 544 2246 currum,
554 2174 679 2253 primum
694 2173 819 2248 incedit,
839 2174 978 2234 ordinans
992 2176 1087 2234 omnia
1106 2188 1133 2234 et
1148 2176 1341 2256 providenter

104 2278 281 2357 disponens
310 2276 397 2332 Hunc
426 2271 556 2349 sequitur
575 2271 716 2328 exercitus
744 2271 867 2329 Deorum
887 2284 914 2330 et
932 2273 1127 2347 Daemonum,
1148 2274 1180 2332 in
1200 2275 1339 2335 undecim

103 2386 196 2456 partes
219 2371 399 2455 distributus.
437 2368 537 2429 Manet
557 2368 635 2427 enim
654 2367 740 2427 Vesta
757 2369 789 2428 iu
813 2371 936 2429 Deorum
956 2369 1105 2429 domicilio
1124 2371 1192 2431 sola.
1226 2373 1339 2433 (laeteri

22 2530 26 2537 ,
104 2492 190 2543 vero,
211 2470 313 2553 quiin
337 2466 491 2527 duodecim
518 2467 642 2525 Deorum
665 2486 782 2525 numero
803 2482 973 2542 censentur,
995 2489 1077 2526 suum
1095 2470 1216 2548 quisque
1237 2492 1338 2552 agmen

104 2570 225 2630 ducunt.
266 2566 376 2626 Multae
402 2580 469 2625 sunt
490 2566 565 2623 intra
585 2563 696 2624 coelum
714 2565 931 2639 cursitationes,
952 2567 1043 2625 multa
1061 2566 1198 2645 beataque
1224 2583 1337 2650 specta-

103 2666 185 2742 cula,
211 2686 267 2745 quo
285 2669 409 2726 Deorum
427 2682 516 2745 genus
535 2661 683 2721 beatorum
702 2664 841 2739 vertitur,
870 2684 952 2723 suum
969 2666 1088 2744 quisque
1116 2685 1222 2724 munus
1251 2687 1336 2748 pera-

103 2786 188 2844 gens:
210 2765 339 2844 scquitur
358 2777 452 2822 autem
471 2760 537 2821 illos
552 2762 717 2840 quicunque
735 2773 764 2819 et
776 2762 842 2822 vult
861 2777 888 2822 et
901 2777 1008 2844 potest:
1032 2784 1097 2822 nam
1117 2763 1193 2823 livor
1211 2785 1229 2822 a
1250 2765 1336 2826 ebore

103 2864 227 2922 Deorum
244 2862 346 2943 procul
369 2873 492 2919 remotus
520 2872 570 2917 est.
613 2857 736 2933 Quando
756 2880 824 2919 tero
853 2860 890 2918 ad
917 2861 1005 2942 dapes
1025 2876 1052 2919 ct
1077 2862 1214 2921 convivia
1240 2884 1334 2944 proce·

105 2961 182 3019 dunt
245 2959 343 3018 duum
361 2955 559 3017 conscendunt
578 2956 673 3015 locum
692 2955 730 3014 ad
751 2978 891 3015 summum
915 2960 987 3017 coeli
1006 2960 1159 3019 verticem:
1180 2980 1241 3038 quo
1261 2967 1333 3042 post·

104 2981 419 3139 queitfflbvcnerunt,
441 3067 521 3112 extra
544 3054 682 3135 progressi
702 3054 734 3112 in
754 3055 826 3114 coeli
846 3055 929 3115 dorso
949 3056 1123 3116 subsistunt:
1147 3056 1334 3120 subsistentes

104 3170 198 3215 autem
216 3155 288 3215 coeli
307 3153 493 3215 conversione
510 3165 734 3227 convertuntur,
755 3167 782 3212 et
796 3167 924 3235 spectant
939 3174 1010 3233 quae
1027 3170 1106 3214 extra
1124 3157 1241 3215 suntin
1258 3157 1332 3233 loeo,

105 3275 188 3332 quem
207 3253 425 3333 descripsimus,
446 3241 702 3332 ὑπερουρανίῳ.
733 3250 765 3334 2)

334 3447 380 3506 Da
401 3457 498 3506 animi
517 3457 550 3506 in
568 3458 756 3526 praesentem
776 3451 978 3508 conditionem·
992 3451 1088 3526 lapsu.

145 3642 248 3701 Nullus
268 3656 310 3702 est
329 3643 470 3704 humanus
488 3647 614 3721 animus,
644 3647 715 3726 quin
733 3647 803 3705 buic
822 3646 928 3726 agmini
947 3648 1070 3706 Deorum
1088 3646 1257 3706 interfuerit
1280 3646 1328 3707 ali-

104 3740 221 3819 quando
239 3754 267 3798 et
284 3761 385 3800 verum
408 3757 534 3823 spectare
551 3747 582 3804 in
603 3746 675 3804 coeli
698 3746 804 3805 vertice
828 3746 998 3804 tentaverit:
1020 3745 1202 3822 caeteroquin
1223 3745 1259 3803 in
1277 3744 1327 3805 boe
1369 3752 1372 3764 '

104 3859 206 3919 corpus
225 3861 285 3897 non
305 3841 437 3901 venisset.
479 3841 536 3901 Sed
556 3842 746 3903 humanorum
768 3841 896 3901 conditio
917 3845 1075 3902 animorum
1093 3843 1177 3922 longe
1196 3837 1257 3902 alia
1276 3857 1326 3915 est,
1367 3894 1372 3942 Ι

104 3958 136 3995 ac
161 3935 337 3995 divinorum.
379 3939 417 3997 Hi
447 3942 523 3998 enim
552 3955 580 4000 et
606 3943 739 4021 aurigam.
756 3939 864 3998 habent
887 3941 1056 4020 prudentem
1084 3955 1112 3999 ct
1134 3958 1223 4020 equos
1248 3944 1327 4002 freno
1370 3986 1371 3991 κ

105 4033 348 4113 obtemperantes:
371 4037 431 4096 illis
459 4061 525 4099 vcro
552 4040 623 4098 alter
644 4060 732 4118 equus
756 4050 797 4095 est
820 4036 941 4112 docilis,
962 4038 1034 4096 alter
1064 4059 1145 4118 aegre
1171 4045 1325 4100 cosmetur.

62 4134 69 4149 '
104 4118 202 4209 IQ'be
223 4145 253 4189 ut
284 4133 314 4190 iu
344 4133 436 4192 locum
464 4151 605 4196 venerunt
633 4137 772 4208 arduum,
794 4157 873 4214 aegre
893 4151 1097 4216 processerunt.
1139 4139 1210 4195 Nam
1241 4161 1326 4218 equus

105 4288 343 4299 —--·-—-——---

139 4375 162 4435 l)
183 4377 286 4428 l’lroedr.
305 4377 362 4428 247.
383 4377 411 4428 G.
430 4379 460 4429 D.
479 4381 507 4429 E.

137 4460 162 4521 2)
183 4463 242 4521 Eort.
262 4461 319 4513 tto.
339 4463 367 4514 E.
385 4462 442 4513 24⁷.
463 4465 492 4513 Α.
512 4464 540 4512 Β.
