2774 5048
47 590 52 635 ι

47 640 53 719 l

649 257 709 319 tto

71 396 75 402 -
98 426 133 487 tol
153 427 251 489 talant.
272 456 307 469 -
333 423 441 485 Valent
465 421 595 505 omnino.
624 446 659 459 -·
688 372 983 502 Πσιητικήνλίωε,
1005 400 1148 500 faciendi
1174 440 1289 507 ortem,

98 535 225 594 numium
254 533 308 593 illa
328 531 468 593 dicamus.
494 570 529 580 -
555 529 600 589 Sit
624 532 673 590 ita.
697 556 732 569 ··
765 521 812 589 To*
841 522 880 609 dp*
907 528 1123 611 μαθηματικιίν
1149 529 1289 619 cil-epten*

97 640 160 702 ’πίω
176 633 253 715 εἶδος
271 622 345 702 ’ὅλοι
365 636 414 699 καὶ
438 631 473 698 τί
498 637 553 718 τῆς
574 635 753 717 γνωρίσεως,
774 632 812 699 τό
835 661 866 700 τε
886 638 1120 723 χρηματιστικδν
1139 647 1188 708 καὶ
1209 642 1289 731 ‹ipro-

47 744 57 825 “’,
97 746 192 813 mciv
215 750 264 813 καί
289 741 484 832 decurrenda,
513 741 614 828 ἐπειδή
646 747 823 830 δημιουργεῖ
844 747 901 829 μὲν
928 747 1015 813 mitti
1035 749 1162 832 ίσύτσιν,
1192 753 1230 820 ταί
1254 756 1289 821 δὲ

98 852 147 923 ὄπα
162 861 206 924 καὶ
221 855 372 944 γεγονότα,
386 853 426 920 'cd
441 854 497 938 μὲν
516 858 666 938 χειροῦται
686 851 785 940 λόγοις
805 860 855 943 καί
874 856 1006 939 πράξεσι,
1028 859 1070 925 td
1088 864 1123 927 δὲ
1144 873 1204 945 τοῖς
1224 894 1288 953 χει-

96 968 217 1059 ρινμὲνσις
238 968 291 1034 nix
312 963 476 1053 introierit,
498 963 614 1047 μάλιστ’
639 960 675 1029 dv
701 992 759 1030 noo
781 966 831 1032 διιί
852 974 945 1034 ταῦτα
965 969 1131 1046 ¹§coadunato
1152 975 1189 1041 ati
1209 977 1288 1065 μέρη

67 1170 75 1185 ‚
98 1078 159 1166 ιίχιρ
179 1108 221 1159 τις
241 1077 360 1165 mnirari
382 1085 526 1164 λεχθεῖσα
548 1074 585 1140 ἄν
608 1075 794 1162 διαπρέψαι·
824 1107 921 1166 genua
947 1098 1047 1147 cutem
1067 1091 1171 1150 deinde
1189 1117 1290 1170 omne,

99 1198 149 1273 ped
163 1198 202 1255 od
227 1198 401 1255 disceaidum
431 1204 460 1254 et
487 1193 718 1273 cognoscendum
741 1203 896 1272 pertinet,
929 1197 1060 1273 quodque
1087 1202 1228 1274 refertur
1253 1205 1292 1261 od

97 1307 239 1373 pactum,
269 1296 308 1353 ad
334 1301 522 1364 certamine,
543 1291 583 1348 od
609 1298 795 1350 venationem
807 1338 815 1366 ‚
836 1313 929 1370 quum
948 1294 1054 1354 torum
1084 1299 1165 1357 nibil
1184 1302 1294 1374 saciet

79 1395 251 1472 'filimi
272 1394 323 1452 ced
340 1415 373 1451 oo
400 1414 475 1472 quoe
495 1389 657 1449 adsentit
669 1391 766 1466 foetu
787 1401 876 1464 sunt,
896 1400 1011 1470 purtim
1036 1401 1218 1457 temonibus
1232 1403 1295 1475 sc-

96 1499 181 1570 ottique
200 1493 258 1549 ribi
285 1493 433 1566 vindicet,
450 1495 570 1568 partim
589 1489 815 1549 vindicantibus
845 1512 902 1548 ιιαιι
921 1493 1078 1568 coucedot,
1095 1508 1221 1574 propter
1240 1500 1295 1557 liae

95 1610 168 1649 αισα
183 1595 280 1666 apcius
293 1600 401 1667 portos
419 1595 527 1667 optime
543 1579 679 1680 κερταιή,
702 1609 766 1647 ora
786 1591 1030 1667 acquirendi,
1052 1594 1134 1653 dicto
1144 1598 1152 1668 ‚'
1173 1618 1305 1695 cosona,

95 1707 132 1747 tte
144 1688 355 1765 conplectatur
369 1709 404 1746 oo
422 1690 558 1764 desiniat.
581 1713 615 1724 -
635 1687 682 1746 Sic
703 1686 802 1745 deceat
820 1688 948 1748 omnino.
959 1690 1074 1749 —Gum
1092 1694 1180 1771 igitur
1198 1678 1296 1754 omnes

94 1784 173 1847 ttlad
190 1779 328 1866 κτητικήν
348 1786 396 1847 vel
416 1785 454 1848 ad
481 1778 631 1869 ποιητικήν
660 1785 839 1859 referantur,
861 1785 918 1844 utri
948 1805 1044 1846 earum
1057 1835 1065 1863 ‚
1085 1813 1101 1850 o
1121 1791 1294 1867 Theaetcte‚

94 1875 289 1968 σ’σσαλιεατικὴν
310 1892 494 1951 tribuamus?
523 1922 558 1932 -
589 1882 728 1967 Κτηταίῆ
748 1904 825 1943 sane.
847 1913 881 1922 -
906 1884 1060 1967 Κτησικῆς
1079 1903 1173 1950 autem
1198 1913 1297 1950 nonne

93 1981 149 2046 duae
163 2002 231 2049 suut
250 1993 382 2073 species?
403 1988 510 2064 altera,
531 1995 604 2067 quie
625 1982 790 2049 voluntarii
809 1986 1020 2063 permutatione
1039 1987 1087 2062 lit,
1110 1987 1201 2063 dono,
1223 2011 1298 2049 ven-

97 2078 207 2160 ditione,
227 2088 373 2149 mercede:
395 2088 508 2166 reliqua
534 2089 642 2169 speeies
670 2082 717 2146 ve‘l
738 2082 814 2140 facto
835 2082 882 2141 vel
902 2105 1030 2145 sermone
1050 2086 1106 2146 sibi
1124 2087 1297 2161 vindicans,

94 2179 231 2267 χειρατική
257 2188 303 2247 sit.
324 2187 459 2245 -Putet
488 2205 503 2244 e
530 2184 627 2246 dictis.
656 2213 690 2222 -
721 2174 904 2262 Χειρωτικήν
926 2197 1020 2245 autem
1037 2207 1135 2245 nonne
1160 2185 1299 2266 bipartito

94 2278 265 2347 dividamus?
286 2313 320 2322 -
340 2286 405 2360 Qua
415 2283 631 2344 ratione?—Si
647 2279 744 2365 palam
753 2281 810 2341 sibi
829 2276 979 2360 vindicat,
1000 2283 1153 2359 certando,
1175 2273 1298 2361 siclam,

95 2384 211 2445 venando
231 2406 292 2443 eam
315 2381 469 2465 procedere
489 2395 574 2460 atque
601 2402 659 2441 esse
686 2376 864 2462 θηρευτικὴν
883 2404 1033 2464 ponamus.
1053 2426 1089 2437 -
1108 2384 1245 2444 Omnino.
1265 2413 1300 2422 -

94 2474 258 2564 Θηραιτικὴν
277 2497 372 2541 autem
392 2478 550 2540 absurdum
579 2492 651 2537 esset
679 2502 740 2539 non
768 2482 906 2563 bipartito
934 2480 1076 2542 dividere.
1098 2482 1223 2555 -Die,
1244 2503 1300 2562 qua
1362 2502 1365 2509 ’

95 2576 465 2646 ratione?-Discernentes
486 2578 605 2636 alteram
621 2578 745 2656 speciem
762 2600 857 2638 rerum
876 2601 936 2639 non
955 2579 1161 2652 animatorum,
1182 2581 1299 2639 alteram

96 2681 276 2744 aninam-um.
298 2706 333 2714 -
353 2674 488 2753 Quidni?
509 2674 584 2733 Sunt
612 2675 689 2733 euim
718 2676 817 2736 ambae
836 2677 889 2736 hae
916 2677 1033 2758 species.
1054 2719 1089 2728 -
1114 2675 1188 2737 Sunt
1213 2699 1300 2751 sane,

95 2779 202 2841 edicet
223 2803 275 2840 nos
293 2801 354 2838 non
372 2775 563 2835 animatorum
581 2772 723 2853 speciem,
744 2775 851 2856 quippe
871 2775 988 2835 nominc
1016 2786 1177 2848 carentem,
1199 2772 1300 2833 dimit-

95 2882 154 2953 ore,
181 2893 326 2962 praeterea
353 2895 407 2934 nec
428 2873 589 2932 natantium
610 2869 748 2950 quasdam
766 2888 860 2955 partes
880 2887 908 2933 et
925 2872 984 2932 alia
1000 2870 1160 2931 istiusmodi
1179 2873 1298 2952 exigam

96 2972 134 3033 ted
149 2977 265 3038 alteram
282 2974 419 3057 speciem,
440 2992 512 3049 quae
531 2969 694 3030 viventium
713 2984 754 3029 est
774 2971 944 3031 animalium
954 2973 1087 3042 venatio,
1109 2966 1303 3053 ζσιοθηρικὴν

95 3075 221 3152 repellere
241 3086 360 3156 oportet.
381 3101 415 3110 -
436 3070 512 3129 Esto.
533 3097 568 3105 -
587 3068 789 3150 Ζωοθρρικῆς
808 3085 902 3130 autem
927 3090 1024 3128 nonne
1053 3068 1164 3151 duplex
1193 3076 1301 3153 species
1349 3057 1355 3075 ⁸

56 3224 59 3231 .
92 3163 142 3241 iure
160 3173 289 3246 dicatur,
311 3171 401 3231 altera
429 3167 570 3250 pedestris
598 3172 728 3249 generis,
750 3171 839 3232 variis
871 3169 971 3229 formis
1001 3169 1222 3250 nominibusque
1251 3172 1301 3233 di-

47 3266 50 3289 ¹
95 3264 199 3349 tincta,
230 3260 431 3352 πεζοθηραιὴ,
462 3264 551 3325 altera
579 3270 742 3329 natantium
778 3267 967 3344 animalium,
999 3259 1236 3351 ἓνυχροθρρικιίς
1266 3301 1302 3311 -·

49 3402 54 3411 ·
95 3358 212 3433 (lutino.
233 3401 268 3410 -
288 3371 420 3433 Natantis
438 3366 549 3448 generis
569 3380 678 3446 partem
698 3382 797 3429 natare
815 3388 867 3447 per
886 3372 997 3441 airem,
1019 3370 1080 3429 sive
1101 3372 1217 3447 volare,
1231 3394 1302 3453 par-

94 3467 138 3523 lem
163 3491 214 3550 per
240 3493 342 3551 aquam
373 3482 471 3528 natare
498 3463 641 3524 videmus.
669 3490 704 3499 -·
734 3465 871 3540 Quidni?
901 3492 936 3501 -
966 3466 1003 3526 Et
1030 3468 1154 3528 volantis
1182 3471 1301 3548 quidem

94 3567 189 3633 generis
206 3570 299 3630 omnis
320 3568 436 3629 venatio
455 3557 724 3644 όρνιθοθηρευτικιί
744 3564 862 3623 dicitur.
883 3592 918 3653 'J
937 3565 1300 3647 Dicitu1·sane.-Aqua-
1326 3558 1330 3579 ³

73 3653 175 3723 tilium
195 3687 263 3727 vero
281 3669 415 3749 universe
435 3667 495 3726 lere
519 3655 673 3743 σίλιευτική.
694 3691 728 3701 -
748 3662 884 3722 Omnino.
905 3689 939 3705 ‹-
957 3661 1061 3736 Quid?
1092 3667 1174 3726 Hanc
1202 3690 1300 3727 rursus

94 3762 263 3824 venationem
291 3787 390 3825 nonne
420 3766 452 3823 iu
482 3765 553 3824 duas
583 3765 720 3824 maximas
746 3772 840 3840 partes
868 3757 1052 3822 dividimus?
1082 3792 1117 3801 -
1151 3767 1299 3843 Quaenam

93 3846 172 3921 ittae?
192 3893 228 3903 -
247 3864 353 3924 Partim
380 3863 428 3923 blc
459 3863 644 3938 retinaculis,
674 3860 778 3943 partim
806 3857 988 3938 percussione
1012 3881 1159 3924 venamur.
1180 3910 1215 3919 -
1235 3867 1299 3939 Qua

93 3967 232 4039 tuumque
261 3963 371 4022 ratione
400 3961 579 4041 distinguis?
599 3997 635 4007 -
654 3961 802 4033 Alterum,
829 3956 964 4034 quoniam
984 3959 1128 4039 quidquid
1147 3962 1298 4022 coir-cendi

86 4034 170 4135 {tatii
189 4059 303 4140 aliquid
322 4059 593 4142 comprehendendo
610 4058 741 4131 cohibet,
763 4053 954 4114 retinaculum
973 4074 1100 4121 vocatur.
1115 4064 1301 4124 -Recte.-

85 4150 199 4245 Nassas,
221 4160 311 4235 retia,
340 4159 473 4238 laqueos,
500 4159 661 4234 verricula,
682 4170 791 4217 caetera
819 4152 983 4247 hujusmodi
1016 4179 1113 4219 nonne
1141 4150 1301 4225 retinacdi

82 4253 213 4318 vocanda
231 4259 324 4317 sunt?
345 4287 379 4296 -
400 4256 474 4316 Sunt
488 4257 619 4318 omnino.
640 4295 675 4304 -
700 4256 783 4314 Hanc
802 4253 889 4333 igitur
907 4255 1068 4314 venationis
1086 4273 1195 4337 partem
1207 4255 1301 4344 'ipto-

76 4345 212 4438 θηρικήν
232 4354 285 4414 vel'
308 4354 397 4414 simili
425 4355 542 4415 nomine
567 4353 800 4436 appellabimus?
822 4383 856 4391 -
877 4351 1013 4410 Omnino.
1045 4378 1079 4389 -
1106 4357 1203 4422 Altera
1232 4389 1302 4428 vero

71 4438 203 4545 speciei,
224 4475 296 4534 quae
312 4453 406 4512 hamis
424 4464 453 4512 et
472 4452 594 4512 luscinis
607 4464 716 4532 captat,
736 4440 876 4528 πληκτική
895 4449 1031 4527 universo
1048 4448 1302 4577 uominqdipenfln
