2796 5048
132 403 161 451 et
191 393 319 452 veritatis
348 394 569 476 contemplatio,
599 394 699 455 fierine
719 418 800 477 posse
818 412 920 478 putas,
952 412 983 457 ut
1001 398 1070 458 huic
1089 400 1191 479 magni
1210 399 1283 479 quid
1296 422 1342 463 ctu
1369 436 1371 443 ·

133 491 268 551 videatur
276 492 347 568 {vita
368 492 406 551 hu
453 495 515 553 na?
540 490 569 573 l)
589 534 622 542 -
642 495 707 554 Non
727 517 804 555 sane.
825 535 860 546 -
880 497 954 576 Ergo
974 510 1094 556 mortem
1113 498 1140 557 ic
1157 518 1220 557 rem
1238 498 1338 559 terribi-

135 590 192 650 lem
210 612 271 650 non
290 514 474 651 existimihit.
494 592 679 677 -uMinime
700 634 736 647 -
755 595 879 674 Ignavae
900 595 1011 655 scilicet
1029 609 1057 656 et
1074 595 1221 655 illiberali
1237 612 1335 657 naturae

136 689 214 749 nihil
231 712 289 751 esse
304 704 397 772 potest
412 679 476 749 cum
493 712 560 751 vera
577 690 760 772 philosophia
774 714 933 753 commune.
952 732 988 745 -
1006 694 1100 755 Nihil.
1115 734 1152 747 -
1172 695 1254 770 Quid
1267 696 1332 757 verr?

137 788 184 848 vir
208 803 388 870 temperans,
417 810 477 847 non
496 789 633 879 ‘quaestui
659 789 794 864 deditus,
826 814 886 851 non
913 791 1085 867 illiberalis,
1115 815 1179 853 non
1196 794 1329 875 superbus,

138 909 197 947 non
224 887 361 960 timidus,
392 910 462 946 num
491 886 524 946 in
544 889 720 947 commerciis
738 888 869 949 difficilis
888 891 942 949 erit
962 905 1012 950 aut
1029 891 1183 969 injustus?
1202 932 1239 943 -
1264 892 1336 963 llulh,

140 984 233 1046 mado.
253 1024 288 1036 -
316 987 396 1061 Quin
425 987 516 1073 etiam
537 1007 602 1044 cum
629 984 790 1046 discernere
810 990 928 1069 cupies,
957 1011 1030 1068 quae
1048 989 1166 1051 indoles
1184 990 1325 1072 philosoph

140 1086 176 1144 sit
184 1106 318 1189 'quaeque
336 1107 396 1144 non
415 1079 596 1158 sitjff'statim
614 1107 631 1144 a
649 1087 756 1145 teneris
775 1087 956 1167 explorabis,
978 1102 1073 1147 utrum
1088 1090 1168 1166 justa
1187 1090 1226 1149 sit
1242 1103 1269 1149 et
1281 1089 1324 1170 ph·

138 1185 226 1262 aida,
249 1208 287 1244 an
314 1186 415 1264 iniqua
442 1198 470 1242 et
497 1185 621 1263 agrestis.
641 1225 675 1234 -
698 1184 840 1269 Omnino.
861 1225 896 1235 -
924 1188 1022 1266 Neque
1048 1186 1122 1262 hoc,
1153 1200 1187 1247 ut
1212 1188 1323 1259 arbitror,

136 1284 353 1366 praetermittes.
373 1274 599 1375 ffiQuidnam?
619 1320 656 1334 --
674 1283 778 1341 Utrum
798 1283 885 1343 lacile
905 1285 969 1363 quis
987 1283 1097 1358 discat,
1118 1305 1157 1343 an
1177 1284 1321 1345 difficulter:

136 1405 207 1459 num
232 1403 347 1456 censes,
375 1402 545 1460 quemquam
561 1380 638 1440 illud
660 1402 786 1459 unquam
806 1381 943 1462 diligere,
974 1381 1051 1461 quod
1070 1402 1136 1441 cunt
1155 1383 1323 1464 aggrediatur,

136 1502 245 1559 summa
263 1478 434 1539 difficultate
453 1493 533 1563 agat,
555 1493 587 1537 ut
604 1479 655 1538 vix
672 1476 790 1537 tandem
805 1478 1022 1559 aliquantillum
1041 1479 1199 1560 proficiat?
1214 1518 1248 1533 -
1265 1480 1323 1539 Nun·

128 1562 220 1659 §ham
241 1580 378 1659 profecto.
398 1617 434 1629 -
461 1576 564 1652 Quid?
594 1577 618 1635 si
638 1574 716 1636 nihil
736 1591 829 1638 servet
846 1598 961 1653 eorum,
981 1598 1053 1658 quae
1071 1577 1178 1654 discit,
1198 1576 1325 1639 oblivionis

134 1678 243 1758 quippe
260 1676 382 1767 plenus,
403 1675 504 1734 lierine
524 1688 634 1756 potest,
664 1688 775 1734 utnon
796 1677 832 1735 sit
851 1676 973 1735 scientia
992 1678 1124 1736 vacuus?
1144 1714 1181 1726 -
1208 1677 1269 1751 Quo
1284 1688 1330 1765 ιη

133 1774 201 1841 dem
218 1775 250 1834 id
271 1775 380 1837 modo?
402 1813 436 1823 —-
466 1775 538 1835 Cum
555 1794 623 1834 vero
641 1773 742 1832 irritus
761 1773 808 1833 illi
830 1776 866 1834 sit
885 1773 968 1833 labor
984 1773 1095 1848 omnis,
1125 1794 1225 1833 nonne
1240 1786 1327 1853 coget!

133 1874 253 1934 tandem
282 1875 463 1954 semetipsum
490 1872 610 1932 ethaeo
638 1869 735 1930 studia
754 1872 871 1932 odisse?
892 1913 927 1923 -
955 1871 1092 1947 Quidni?
1112 1910 1149 1921 -
1177 1871 1275 1933 Oblivi
1311 1856 1329 1935 Ι.

134 1973 223 2053 igitur
241 1985 366 2031 mentem
386 1973 419 2030 in
440 1992 507 2033 vere
523 1969 705 2051 philosophis
724 1991 904 2050 nequaquam
922 1990 1104 2053 censeamus5
1126 1968 1275 2059 memorem
1289 1984 1330 2027 en

133 2084 309 2152 oportet-
338 2071 465 2151 Oportet.
486 2107 520 2117 —
550 2069 686 2127 animum
713 2089 780 2127 vero
806 2070 928 2148 agratia
942 2046 975 2128 'et
994 2066 1096 2127 decoro
1116 2067 1244 2128 alienum
1258 2064 1332 2125 alicu

135 2184 218 2252 putas
246 2169 384 2244 tendere,
415 2189 501 2248 qnam
528 2167 565 2226 ad
592 2159 752 2244 apamiam
773 2207 807 2215 -
834 2169 899 2226 Non
918 2188 995 2228 sane.
1017 2212 1048 2220 -
1078 2167 1237 2226 Veritatem
1262 2176 1332 2225 auu

70 2344 75 2354 .
133 2263 261 2351 ἀμετρίᾳ
294 2281 442 2348 cognatam
469 2260 651 2342 censes,an
678 2250 841 2350 {paratim
871 2305 907 2315 -
933 2260 1097 2349 lt'prparplqa
1129 2258 1332 2355 {meran

122 2358 235 2471 igitui¹
250 2369 377 2428 animum
403 2379 431 2425 et
449 2356 570 2444 εὔχαριν
590 2368 637 2428 illi
656 2383 768 2450 praeter
786 2383 895 2428 caetera
916 2362 1048 2427 naturam
1067 2388 1254 2448 quaeramus,
1281 2380 1332 2453 qap

137 2458 187 2527 suh
206 2450 267 2549 ipsa
287 2467 317 2526 vi
337 2465 374 2525 ad
394 2466 488 2526 ideam
507 2470 643 2548 cujusque
663 2468 740 2548 quod
760 2488 860 2527 verum
878 2480 920 2525 est
938 2465 1074 2526 tendat.»
1098 2463 1131 2546 2)

176 2566 260 2625 Hanc
284 2565 409 2625 Socratis
432 2566 510 2649 apud
527 2567 675 2626 Platonem
694 2566 730 2627 de
750 2565 932 2648 philosophis
948 2560 1188 2645 disceptationem
1205 2544 1340 2645 apponer-⁸

134 2663 202 2724 dam
221 2678 308 2725 totam
326 2646 507 2741 censuimus,
537 2688 594 2745 quo
615 2687 661 2725 eos
681 2666 841 2725 accuratius
858 2685 874 2721 a
895 2665 1013 2724 caeteris
1029 2661 1222 2743 cognoscendi
1243 2656 1324 2741 cupi'

135 2763 395 2843 distingueremus,
416 2776 477 2823 tum
497 2765 582 2824 etiam
599 2765 744 2846 ipsarum,
764 2763 870 2842 quibus
890 2761 1044 2822 erudiendi
1062 2773 1166 2835 erunt,
1187 2757 1343 2839 disciplina·

116 2923 119 2929 ,
137 2884 200 2921 rum
217 2862 324 2921 caussa.
366 2862 437 2920 Nam
446 2907 455 2937 ,
475 2863 554 2941 quod
572 2885 658 2949 supra
676 2864 857 2937 monuimus,
877 2860 931 2921 hoc
949 2862 1018 2921 item
1033 2860 1158 2941 positum
1177 2860 1211 2918 in
1229 2870 1333 2921 vem!

136 2981 213 3020 more
233 2961 307 3034 suit,
330 2975 440 3019 utnon
460 2961 617 3036 abstracto,
638 2960 720 3040 quqd'
735 2974 840 3022 vocant
849 2960 915 3035 ,⁴“de
934 2959 1020 3018 rebus
1041 2972 1176 3038 agerent,
1197 2956 1248 3017 sed
1261 2968 1334 3015 reru!

136 3059 341 3137 hominumque
358 3061 421 3136 conj
428 3073 542 3118 unctam
553 3060 737 3118 instituerent
755 3058 994 3138 disquisitionem.
1006 3055 1037 3136 3)
1057 3057 1157 3135 Itaque
1176 3070 1205 3115 et
1222 3055 1335 3115 Cicerctl

136 3156 346 3231 Quintilianus·
364 3156 511 3216 ethorum
530 3159 635 3235 quique
656 3156 814 3232 simillimi,
835 3178 923 3236 quum
941 3155 1062 3234 agebant
1082 3153 1118 3213 de
1138 3152 1259 3213 dicendi
1275 3148 1335 3221 tufi

131 3268 196 3314 'non
216 3254 291 3311 hanc
311 3254 515 3334 explicuerunt
533 3267 645 3313 tantum
655 3299 664 3328 ,
683 3255 733 3314 scd
745 3257 889 3332 juvenum
906 3253 1010 3328 simul,
1030 3251 1137 3332 quibus
1156 3266 1230 3311 esset
1243 3238 1336 3311 ualet·

137 3353 194 3426 da,
224 3352 341 3432 ingenia
367 3351 577 3433 explorabant,
608 3353 709 3451 §icero
735 3366 848 3429 autem,
878 3340 1006 3441 Platopis
1026 3352 1135 3424 instar,
1163 3348 1337 3409 aduenam

138 3449 209 3510 adeo
229 3452 261 3510 in
282 3450 404 3530 dialogis
424 3449 559 3525 induxit,
588 3473 708 3529 quorum
726 3451 821 3511 studia
832 3498 840 3526 ,
861 3472 971 3525 mores,
991 3450 1081 3509 animi
1100 3448 1211 3508 candor
1230 3460 1258 3507 et

59 3570 63 3580 ·
138 3550 238 3609 rositas
254 3571 313 3610 non
331 3550 448 3630 placent
464 3564 577 3609 tantum
597 3551 717 3609 mirifice
737 3549 919 3630 legentibus,
940 3548 990 3608 sed
1008 3547 1093 3627 quale
1110 3547 1148 3605 sit
1164 3466 1341 3626 quw

139 3650 257 3708 oratoris
275 3671 398 3722 munus,
419 3670 433 3707 e
453 3670 504 3707 suo
522 3650 576 3730 ipsi
593 3650 711 3730 ingenio
729 3647 929 3728 augurandum
945 3646 1093 3728 praebent.
1124 3644 1163 3704 Et
1181 3645 1224 3705 sic
1243 3640 1356 3725 quidm,

139 3768 218 3807 nunc
245 3748 328 3807 nohis
356 3771 393 3807 ex
418 3748 564 3828 praeclara
592 3749 646 3807 hac
671 3748 750 3829 apud
775 3747 924 3806 Platonem
943 3744 1124 3831 ingeniorum
1144 3724 1371 3825 descriptione*

138 3867 211 3926 quae
232 3845 335 3904 natural
355 3846 552 3928 philosophiae
571 3848 629 3906 sint
647 3846 868 3919 convenientia,
890 3842 1110 3924 disciplinarum
1127 3842 1196 3903 item
1215 3842 1351 3923 ipsiusqut

139 3944 211 4005 adeo
229 3943 428 4026 philosophiae
448 3947 493 4006 vis
512 3960 540 4006 et
558 3947 735 4027 propositum
753 3943 918 4003 evidentius
937 3955 1047 4023 patent.
1106 3940 1195 4015 Quod
1214 3940 1354 4043 Socratttp

175 4187 201 4253 t)
219 4190 247 4240 {n
272 4190 312 4240 his
338 4191 414 4240 etiam
438 4189 567 4258 vulgatam
591 4199 694 4240 secutus
713 4205 768 4240 sum
786 4203 894 4255 eamque
912 4194 984 4238 recte
1001 4185 1147 4251 exprimere
1165 4188 1302 4242 vertendo
1319 4202 1358 4241 co·

142 4284 216 4328 natus
235 4294 297 4328 sum.
318 4276 357 4328 Cf.
374 4277 430 4345 Ast.
448 4276 465 4327 l.
483 4276 501 4327 l.
1193 4256 1198 4265 ’

176 4358 258 4424 Μαι
328 4360 688 4415 tressa-4861).

177 4443 204 4509 3)
222 4448 281 4499 lnitr‘
356 4447 405 4499 199
425 4457 451 4499 et
467 4445 508 4498 94.
