2796 5048
668 235 725 294 363

65 387 149 457 αὐτό
167 387 274 475 ἤγαγεν
288 390 321 479 ἐκ
346 393 400 475 τῆς
415 388 551 470 ἀταξίας,
570 389 755 479 ἡγησάμενος
777 395 867 457 ἐκεῖνο
891 391 998 459 τούτου
1014 393 1133 474 adirier
1145 391 1315 479 ἔμειναν·

65 493 169 577 θέμις
189 493 225 557 δὲ
245 489 307 558 οὔτ’
328 489 367 579 ἤν
388 491 449 558 oilr'
466 493 527 560 ἔστι
547 498 593 586 τῷ
612 495 753 583 ἀρίστῳ
772 497 849 584 dede
870 490 941 560 ἄλλο
958 497 1035 583 πλήν
1059 497 1094 564 τὸ
1112 497 1315 563 κάλλιστον

65 622 148 663 um
166 622 236 659 eum
264 608 473 661 constituisset
500 605 574 661 deus
601 604 719 661 lonis
746 604 881 661 omnibus
900 606 1019 682 replere
1046 607 1210 679 mundum,
1240 607 1316 663 mcl'
1386 672 1390 678 ι

64 701 158 761 nthtt
178 701 361 774 admiscere,
383 703 481 778 quood
499 712 617 759 notura
634 709 815 776 pateretur:
838 703 986 781 quidquid
1003 714 1072 760 eret
1082 749 1091 779 ,
1112 706 1189 783 quod
1207 712 1317 761 inceri

63 799 168 859 mdc·
187 820 308 857 censum
327 799 468 873 raderet,
488 801 522 858 id
540 803 597 859 citt
616 807 779 873 assumsit,
809 822 867 858 non
887 802 1092 878 tranquillum
1113 812 1143 860 et
1161 806 1315 880 quietum,
1375 785 1383 795 ’

62 898 124 957 aad
141 898 344 976 ,immoderate
362 905 520 978 agitatum
540 909 570 957 et
582 900 748 974 fluctuans
759 943 768 974 ,
794 900 884 976 idque
903 921 938 957 ea·
967 901 1143 959 inordinato
1169 909 1203 958 in
1233 904 1316 960 ordi-

62 994 144 1056 fiaem
163 997 315 1054 adducit:
336 997 387 1056 lece
408 1007 488 1057 enim
499 1001 665 1074 judicabat
684 1020 744 1056 esse
769 981 922 1055 melius
932 1019 945 1068 ,⁴
968 1001 1027 1074 sus
1057 1007 1159 1057 cutem
1190 1022 1241 1058 nee
1272 1010 1317 1058 eet

60 1115 126 1155 m
145 1097 387 1173 unquumfua't,
409 1099 594 1176 quidquam,
615 1105 678 1155 nisi
693 1098 1030 1173 pulcerrimum,
1055 1100 1166 1173 fecere
1187 1106 1234 1172 ei,
1263 1108 1317 1176 qui

61 1203 153 1255 aaut
190 1200 388 1270 optimus.
439 1194 512 1255 Cum
548 1195 690 1254 rationem
718 1196 806 1275 igitur
846 1194 1010 1270 habuisset,
1049 1194 1212 1276 reperiebat
1239 1197 1318 1256 nihil

58 1280 134 1355 fisse
154 1311 272 1366 eorum,
303 1311 375 1369 quae
402 1294 506 1352 natura
530 1309 737 1368 cernerentur,
767 1315 828 1353 non
859 1293 1031 1372 intelligens
1071 1292 1255 1371 intelligente
1285 1297 1316 1354 in

60 1402 135 1451 toto
155 1408 260 1467 genere
280 1390 411 1461 arelium
433 1392 658 1473 intelligentiam
688 1407 784 1451 autem
815 1392 870 1450 ulli
900 1393 942 1449 rei
975 1390 1143 1470 adjunctam
1169 1410 1228 1449 esse
1253 1392 1328 1451 sine'

58 1487 192 1561 animo,
214 1487 296 1547 nefas
316 1509 384 1549 esse.
427 1491 568 1565 Quocirca
588 1490 814 1570 intelligentiam
832 1491 864 1549 in
882 1490 999 1563 animo,
1020 1491 1150 1548 animum
1173 1489 1317 1548 conclusit

59 1587 102 1647 in
122 1604 256 1664 corpore.
275 1621 281 1625 -
300 1585 348 1645 Sic
366 1601 445 1648 ratus
465 1603 508 1648 est
528 1609 600 1670 opus
619 1589 696 1648 illud
716 1590 846 1648 effectum
866 1609 926 1646 esse
947 1580 1003 1647 ὅτι
1028 1580 1228 1650 κάλλιστον
1240 1582 1317 1648 aurei

59 1676 164 1767 (priora
183 1677 304 1764 (ἶριπόν
335 1706 383 1760 τε,
400 1689 712 1766 pulcerrimum
735 1688 1182 1772 natu1·tetoptcmnm.»l)

93 1786 265 1860 Quatenus
284 1785 355 1845 haec
376 1786 563 1867 Pythagoreis
582 1785 666 1845 Plato
688 1786 802 1866 ipsique
819 1787 937 1846 Timaeo
955 1787 1107 1863 debuerit,
1129 1802 1191 1849 tum
1211 1791 1316 1870 explo-

59 1884 222 1959 rabimus,
245 1884 295 1943 ubi
317 1885 409 1948 acturi
428 1885 466 1945 de
486 1883 589 1944 divina
610 1898 712 1942 natura
733 1906 839 1943 sumus.
862 1885 919 1943 Hie
941 1886 978 1944 d'e
998 1886 1073 1944 ideis
1093 1907 1126 1945 ae
1147 1888 1184 1947 de
1204 1887 1315 1946 mundo

59 1981 173 2067 2027qu
193 1983 312 2060 agimus.
354 1981 504 2042 Efficimus
521 1996 616 2041 autern
636 2003 651 2039 e
671 1982 791 2041 sublimi
812 1981 866 2041 hac
887 1983 998 2041 Timaei
1026 1985 1173 2061 oratione,
1203 1986 1314 2045 distin-

61 2086 121 2169 gni
143 2107 160 2143 a
181 2083 301 2143 Platone
319 2084 412 2142 Deum
432 2103 497 2140 cum
517 2103 533 2140 a
553 2080 643 2156 boni,
665 2103 751 2160 quam
779 2081 957 2156 celebravit,
978 2081 1063 2157 idea,
1093 2097 1156 2142 tum
1182 2104 1250 2145 vcro
1276 2084 1313 2142 ab

62 2184 136 2266 ipsa
153 2182 284 2241 materia.
326 2182 389 2240 Non
408 2193 541 2260 procreat
561 2180 641 2260 apud
661 2200 725 2239 cum
745 2182 842 2254 Deus,
864 2179 915 2238 sed
934 2179 1036 2260 fingit,
1059 2183 1213 2256 informat,
1234 2203 1314 2241 com-

63 2282 157 2365 ponit
184 2280 346 2354 mundum,
376 2279 464 2338 ductii
494 2278 531 2336 ab
557 2278 687 2354 artifice,
716 2280 889 2359 proprieque
918 2300 934 2336 a
959 2275 1067 2357 figulo,
1099 2281 1241 2361 imagine,
1263 2282 1313 2360 qui

65 2381 240 2452 materiem,
261 2399 334 2456 quae
349 2378 432 2437 adest
449 2378 501 2437 sed
519 2378 637 2436 informi
657 2390 704 2436 est·
715 2377 829 2456 specie,
850 2391 910 2435 arte
931 2376 1016 2456 lingit
1035 2391 1064 2436 et
1087 2379 1212 2438 excolit:
1243 2381 1314 2438 facit

65 2478 125 2545 boc
145 2491 242 2535 autem
261 2475 299 2535 ad
313 2477 436 2557 perlecti
456 2477 581 2556 speciem
591 2520 600 2549 ,
621 2497 707 2552 quam
728 2476 817 2533 menti
838 2474 926 2533 babet
939 2477 1125 2555 propositam.
1169 2475 1311 2534 Similiter

68 2576 169 2657 pictor
184 2573 265 2655 apud
282 2574 432 2633 Platonem
449 2574 605 2654 pulcrum,
626 2573 704 2651 qnod
721 2585 817 2630 mente
835 2573 987 2648 intuetur,
1010 2574 1153 2632 imitando
1171 2575 1313 2651 exprime-

69 2692 101 2735 re
127 2673 162 2732 in
191 2671 292 2730 tabula
319 2672 447 2731 dicitur:
482 2672 560 2731 unde
588 2671 762 2752 pulcerrima
792 2669 865 2744 illa,
895 2691 981 2748 quam
1013 2692 1098 2751 supra
1117 2671 1313 2744 attendimus,
1369 2708 1373 2714 ·

69 2771 246 2853 legislatoris
264 2770 441 2852 descriptio,
461 2771 534 2849 qui,
555 2771 675 2851 pictoris
696 2769 806 2842 instar,
828 2768 861 2827 id
880 2769 999 2826 intuens
1017 2782 1203 2843 constanter,
1235 2768 1314 2846 quod

70 2870 222 2930 verissime
249 2868 358 2928 bonbm
381 2870 549 2948 justumque
575 2882 635 2942 est,
664 2867 702 2926 ad
732 2868 820 2944 hujus
848 2867 1005 2946 perfectam
1033 2868 1158 2947 speciem
1187 2881 1215 2926 et
1238 2867 1314 2946 leges

69 2967 177 3028 condit
206 2981 235 3027 et
263 2987 309 3025 res
338 2967 466 3026 civitatis
495 2966 621 3025 ordinat.
644 2965 676 3047 2)
705 2966 753 3025 Sic
783 2968 876 3025 Deum
907 2965 992 3045 lingit
1018 2967 1099 3025 Plato
1119 2967 1157 3026 ad
1177 2967 1314 3027 divinum

69 3064 170 3149 pulcri
189 3065 317 3144 bonique
337 3064 486 3143 exemplar
505 3066 671 3138 materiem,
693 3084 765 3143 quae
788 3065 819 3122 in
841 3077 981 3144 perpetuo
1012 3079 1090 3135 motu
1117 3079 1207 3140 esset,
1238 3064 1324 3124 ordi·

70 3184 175 3238 nacae,
198 3178 230 3222 ut
246 3163 440 3243 pulcerrimus
459 3161 530 3221 inde
548 3163 748 3242 optimusque,
769 3183 855 3240 quem
874 3184 954 3221 nunc
969 3162 1146 3222 admiramur
1156 3209 1164 3238 ,
1186 3163 1315 3222 mundns

70 3275 192 3322 exustus
219 3263 266 3322 sit.
299 3262 422 3336 Quibus
446 3261 623 3342 perspectis,
653 3263 719 3340 quis
745 3264 838 3320 Deum
868 3281 926 3320 esse
959 3261 1038 3341 apud
1067 3263 1216 3322 Platonem
1242 3262 1314 3323 boni

69 3359 169 3446 ideam
187 3352 398 3436 arbitrabitur,
419 3375 470 3420 aut
488 3362 582 3442 ipsum
602 3360 752 3421 Platonem
771 3362 804 3419 in
824 3360 1029 3441 metaphysicis
1056 3359 1187 3419 censebit
1213 3358 1315 3438 philo-

70 3457 197 3539 cophin?
219 3459 384 3519 Platonicae
405 3458 442 3518 de
464 3458 538 3517 ideis
554 3459 705 3518 doctrinae
725 3474 752 3526 et
772 3459 986 3538 metaphysicae
1010 3457 1213 3517 Aristotelicae
1243 3454 1313 3512 hinc

70 3557 253 3639 potissimum
272 3556 429 3616 discrimen
449 3558 635 3638 intelligitur.
678 3560 750 3616 Nam
768 3559 807 3614 ita
828 3578 857 3614 se
877 3557 1007 3636 profecto
1034 3576 1079 3613 res
1108 3554 1205 3613 babet.
1248 3554 1313 3611 Pos-

70 3666 206 3732 teaquam
225 3656 340 3736 scriptis
359 3657 494 3715 omnibus
514 3657 595 3716 Plato
616 3655 696 3715 ideas
715 3655 921 3728 celebraverat,
942 3653 1098 3726 scribendo
1119 3651 1174 3711 hoe
1194 3652 1314 3711 tandem

70 3752 211 3833 primario
239 3753 374 3834 dialogo,
405 3755 569 3815 doctrinam
595 3755 648 3814 ille
675 3775 755 3813 suam
783 3753 909 3827 illustri,
931 3753 989 3810 imo
1015 3744 1139 3826 dicim,
1171 3751 1233 3828 ipso
1259 3751 1312 3808 Dei

69 3852 208 3932 exemplo
237 3852 406 3913 illustravit.
457 3855 500 3912 De
530 3853 608 3913 bono
637 3875 697 3912 non
721 3853 819 3911 minus
848 3850 1017 3910 Aristoteles
1045 3862 1074 3909 et
1100 3848 1292 3929 metaphysiei
1304 3892 1312 3919 ,

68 3970 159 4028 quam
176 3950 276 4027 Plato,
296 3965 329 4011 ut
345 3951 476 4028 uidimus
486 3998 495 4027 ,
517 3954 732 4031 quaesiverunt.
756 3950 788 4032 3)
818 3950 876 4010 Sed
893 3949 925 4008 bi
941 3949 979 4009 ad
1000 3948 1214 4012 inveniendum
1234 3943 1313 4003 illud

79 4254 137 4322 ,1)
159 4254 218 4308 l't‘m.
237 4255 279 4308 29.
297 4256 329 4308 D.
345 4286 380 4294 —
392 4256 434 4309 30.
453 4256 481 4308 B.

104 4339 137 4405 2)
155 4342 233 4393 Initio
247 4339 273 4410 pss
289 4341 356 4407 330,
370 4341 430 4395 334.

104 4425 136 4490 3)
153 4426 233 4480 Arist.
252 4430 359 4498 Metcplc.
379 4431 398 4480 1.
417 4428 438 4479 l.
459 4446 484 4496 p.
507 4430 537 4492 5,
562 4429 586 4480 l.
607 4429 653 4481 ct.
669 4431 785 4496 letitiam.
804 4430 862 4481 357.
