2796 5048
455 1220 527 1285 ult
572 1220 730 1286 virt
776 1222 1002 1289 uuirt.

158 2145 237 2206 Fictd
269 2145 386 2204 civitate
412 2142 538 2225 optim,
569 2155 728 2221 exactoque
757 2143 794 2202 ad
820 2164 882 2202 eam
902 2144 999 2202 animo
1019 2144 1171 2220 hominis,
1191 2147 1287 2228 patuit
1299 2147 1346 2223 jan

115 2246 218 2319 nobis,
250 2244 334 2322 longe
354 2243 555 2323 perfectiorem
580 2260 639 2301 esse
662 2243 773 2319 justum
800 2241 966 2316 hominem,
995 2263 1082 2322 quam
1111 2244 1279 2322 injustum,
1302 2246 1345 2303 imo

114 2335 200 2418 uero,
222 2363 291 2400 sano
313 2340 398 2398 illum
417 2341 605 2419 integroque,
625 2339 705 2399 hunc
726 2354 821 2399 autem
841 2352 955 2420 aegroto
972 2354 1169 2422 corruptoque
1180 2343 1345 2403 simillimum

114 2461 193 2500 esse:
223 2459 276 2520 nec
296 2458 366 2498 vero
389 2435 531 2497 affirmare
555 2438 742 2513 dubitamus,
759 2439 832 2516 justi
850 2437 1048 2498 conditionem
1066 2438 1157 2520 longe
1178 2462 1258 2516 esse,
1276 2459 1345 2521 quau

114 2538 234 2616 injusti,
253 2536 416 2597 beatiorem.
463 2556 478 2589 u
487 2535 546 2595 Sed
568 2535 626 2596 huc
649 2557 715 2595 cum
734 2536 971 2617 pervenerimus,
990 2537 1031 2596 ait
1047 2535 1205 2615 Socrates,
1225 2536 1344 2599 eecetin
1387 2558 1389 2613 t

115 2635 263 2717 speculam
283 2635 376 2694 veluti
406 2633 554 2714 quandam
577 2634 778 2709 escendimus,
807 2632 886 2693 unde
906 2655 965 2693 non
983 2646 1098 2693 tantum
1119 2638 1262 2717 optimam
1278 2635 1344 2695 illan

114 2734 322 2814 rempublicam
353 2734 538 2813 conspicere,
563 2730 614 2792 sed
643 2734 755 2811 assequi
794 2733 881 2791 etiam
909 2731 995 2805 licet,
1024 2732 1272 2810 quemadmodum
1298 2752 1343 2792 cor·

114 2845 287 2913 rumpantur
314 2831 447 2891 civitates
474 2845 559 2909 atque
586 2829 625 2889 ad
655 2832 806 2912 pessimam
833 2829 1032 2891 conditionem
1058 2830 1266 2892 delabantur*
1299 2835 1343 2910 Age
1387 2830 1389 2853 ²

28 2973 30 2976 ι
115 2931 223 3010 igitur,
249 2930 365 3006 inquit,
391 2928 449 2987 huc
476 2929 600 3003 accede,
625 2951 642 2989 o
669 2929 801 3005 Glauco,
831 2941 864 2989 ut
891 2927 1011 3002 videas,
1030 2942 1102 3007 quot
1122 2929 1234 2993 habeat
1254 2930 1344 3011 species

118 3029 233 3087 vitium.
276 3027 329 3086 Cui
360 3025 490 3101 Glauco,
512 3048 563 3107 ego
590 3048 678 3103 vero,
699 3029 814 3106 inquit,
833 3030 945 3106 sequor.
987 3027 1043 3086 Dic
1067 3025 1169 3087 modo.
1213 3030 1286 3088 Tum
1303 3025 1344 3085 So-
1387 3050 1389 3093 ;

115 3131 225 3199 crates,'
241 3144 308 3183 sane
336 3144 401 3183 cum
426 3125 484 3183 huc
510 3125 743 3200 ascenderimus,
766 3147 825 3185 una
850 3123 923 3183 mihi
943 3145 1002 3184 esse
1023 3123 1143 3184 videtur
1163 3127 1282 3187 virtutis
1297 3144 1342 3205 spo
1387 3124 1389 3137 '

116 3226 191 3300 cies,
226 3222 375 3304 pravitatis
406 3243 475 3281 vcro
509 3224 697 3299 innumerae3
731 3228 920 3283 veruntamen
955 3235 1079 3301 quatuor
1116 3237 1189 3284 sunt
1217 3225 1344 3295 maxime,

116 3343 239 3402 quarum
257 3322 366 3380 mentio
388 3321 524 3387 facienda
544 3324 590 3384 sit.
611 3355 646 3372 -v
662 3323 812 3398 Quomodo
831 3322 909 3383 istud
927 3323 993 3408 ais?
1009 3323 1138 3396 -Quot
1159 3339 1232 3385 sunt
1250 3343 1345 3388 rtrum·
1387 3358 1389 3399 ς

117 3421 338 3502 publicarum‚'
354 3433 396 3479 tot
422 3441 481 3481 osse
508 3423 598 3480 animi
629 3423 738 3504 species
758 3422 906 3483 ridentur.
926 3441 962 3472 -·
979 3420 1081 3494 Quot?
1102 3451 1135 3460 -
1157 3423 1296 3503 Quinque
1309 3441 1344 3509 'rc
1387 3486 1389 3499 Ι

118 3517 381 3598 rumpubli'carum,
412 3521 542 3599 quinque
570 3521 639 3580 item
669 3521 769 3580 animi.
786 3554 822 3565 -—
840 3523 989 3594 Quaenam
1008 3512 1103 3578 illae?
1123 3546 1161 3560 -·-
1183 3523 1280 3583 Unam
1299 3537 1344 3580 esse
1387 3510 1389 3521 ¹

117 3619 162 3695 ajo
182 3615 306 3690 hancce,
327 3639 413 3695 quam
433 3620 635 3698 exposuimus:
657 3617 771 3678 duobus
790 3633 885 3699 autern
902 3616 1073 3677 nominibus
1090 3620 1242 3699 appellari
1259 3628 1344 3701 potest

89 3708 93 3720 ⁵
117 3716 191 3773 Nam
219 3714 243 3771 si
270 3715 346 3773 inter
374 3718 523 3798 principes
552 3718 679 3777 civitatis
704 3739 780 3776 unus
799 3716 919 3794 quidam
942 3716 980 3774 sit
996 3716 1126 3774 omnium
1147 3716 1345 3797 praestantissi-

20 3873 24 3880 ‚
117 3836 197 3889 mus,
227 3809 363 3890 βασιλεία
391 3815 516 3875 dicenda
547 3818 603 3891 sit,
633 3817 679 3875 sin
709 3822 804 3874 autem'
835 3815 947 3896 plures,
977 3807 1205 3901 oiptotoxoau'u.
1229 3858 1263 3869 -
1284 3814 1346 3873 Vera

118 3935 226 3972 narras.
256 3947 286 3955 -
314 3916 397 3974 Hanc
429 3936 516 3974 unam
542 3915 613 3974 adeo
639 3916 763 3996 speciem
791 3935 850 3972 esse
877 3913 961 3991 dico,
983 3918 1069 3994 quia,
1092 3918 1156 3976 sive
1185 3910 1285 3999 plures
1307 3933 1344 3994 gu·

117 4010 244 4087 bernent
254 4059 261 4085 ,
283 4014 344 4072 sive
367 4034 461 4086 unus,
482 4013 599 4088 nullus,
620 4015 670 4092 qui
697 4014 753 4087 ita,
776 4027 808 4071 ut
832 4011 979 4089 diximus,
1001 4013 1141 4074 educatus
1173 4015 1345 4091 eruditusque

119 4110 207 4168 fuerit
218 4156 226 4185 ,
248 4110 413 4190 quidquam·
436 4131 609 4196 magnopere
633 4113 666 4171 in
689 4110 867 4197 reipublicae
891 4111 1003 4191 legibus
1019 4112 1199 4201 innovabitn
1218 4112 1256 4194 l).
1272 4108 1345 4168 -Et

151 4405 181 4463 1)
202 4406 238 4455 De
254 4406 315 4469 Καρ.
331 4405 371 4454 Ν.
389 4406 447 4456 445.
467 4404 496 4457 C.
511 4407 543 4457 ad
559 4406 643 4485 tinem.
662 4446 667 4451 .
702 4465 704 4469 Ι
