2796 5048
670 224 730 284 302

82 411 188 451 ratur·
209 397 310 451 omniu
334 408 405 447 vero
430 394 616 466 agitatione,
648 397 730 447 motu
754 398 785 445 et
813 382 1024 447 commixtim
1051 394 1169 447 mutua
1188 390 1317 463 sieri,

83 515 159 572 quae
173 484 422 560 eeae'de'ce'mue,
445 507 503 545 non
535 495 617 544 reete
644 488 796 544 dieentes:
826 487 908 544 nitet
927 495 1008 547 enim
1031 493 1161 547 marine
1178 496 1258 562 eet,
1276 488 1320 546 sed

74 597 144 669 sit
158 589 304 668 seraper.''
325 584 355 666 l)

121 693 317 770 Conjunctum
336 683 414 744 illud
434 684 603 764 Protagorae
624 682 757 757 effatum,
781 697 812 742 ut
832 681 903 742 hinc
925 682 1319 764 colligimus,quatnproxi·

80 811 124 849 me
143 775 270 849 est'cum
292 782 530 866 philosophorum
550 782 720 855 sententiis,
741 782 792 859 qui
814 780 874 841 labi
895 801 929 841 ac
948 782 1057 842 mutari
1078 782 1186 842 omnia
1206 794 1320 843 eonten-

80 889 200 950 dehant.
242 887 284 951 De
302 884 347 942 his
366 883 429 940 fuse
446 879 586 961 deinceps
604 880 742 940 Socrates.

203 1049 459 1108 Sententiae
474 1043 842 1129 philosopherum,
863 1063 962 1121 quea
978 1042 1106 1107 Plato
1128 1034 1219 1117 rotie

402 1131 571 1223 (tedv'rag
592 1133 832 1222 paloqdqovq
853 1141 996 1221 appellet.

124 1311 181 1368 «111
195 1310 249 1368 hoc
270 1320 375 1381 autem,
396 1307 504 1385 inquit,
522 1326 621 1366 omnes
641 1305 780 1386 deinceps
800 1305 964 1386 sapientes,
985 1316 1110 1383 excepto
1134 1303 1319 1381 Parmenide,

79 1419 307 1481 consenserunt,
329 1406 513 1484 Protagoras,
535 1403 714 1478 Heraclitus,
735 1401 942 1484 Empedocles,
963 1412 991 1460 et
1010 1405 1170 1481 poetarum
1190 1403 1320 1463 eumin

80 1521 200 1584 utraque
220 1506 300 1586 poesi
321 1504 487 1585 principes,
509 1504 541 1561 in
563 1502 711 1562 comoedia
731 1501 943 1583 Epicharmus,
961 1499 994 1558 in
1004 1499 1162 1578 tragoedia
1171 1500 1319 1577 Homerut3

80 1605 129 1683 qui
152 1623 218 1661 curn
239 1601 367 1661 diceret:
389 1593 528 1660 Ὠκεανόν
550 1622 580 1661 aa
602 1600 686 1661 θεῶν
714 1595 825 1681 γένεσιν
850 1596 900 1660 καὶ
920 1591 1039 1679 μητέρα
1062 1592 1199 1680 Τηθύν,
1220 1600 1254 1683 2)
1271 1620 1320 1661 on·

79 1702 129 1760 nia
149 1700 230 1760 dixit
250 1721 265 1758 c
287 1700 370 1760 lluxu
392 1702 527 1781 motuque
548 1717 634 1763 natas
657 1724 756 1764 nonne
778 1703 809 1763 id
821 1702 918 1762 dicere
937 1698 1083 1761 videtur?
1106 1732 1144 1745 ·—
1167 1700 1247 1761 Mihi
1265 1700 1320 1781 qui·

78 1799 154 1859 dem.
177 1836 211 1845 -
231 1800 305 1872 Quis
324 1820 392 1880 ergo
411 1799 550 1861 adversus
570 1815 684 1861 tanturn
706 1802 885 1874 exercitum,
907 1800 1025 1878 ejusque
1046 1797 1160 1859 ducem
1171 1799 1320 1861 nomem

80 1917 208 1978 pugnare
228 1897 350 1972 audeat,
371 1899 442 1978 quin
464 1899 609 1958 ridiculus
626 1899 792 1959 habeatur?
813 1939 848 1953 -
868 1899 934 1958 Non
954 1895 1042 1956 facile
1060 1896 1115 1973 id,
1146 1919 1167 1958 o
1189 1894 1319 1971 socrates,

80 2008 132 2054 est.
154 1996 274 2077 -2N0n
295 2008 337 2055 est
357 1998 506 2077 profecto,
527 1995 699 2057 Theaetete:
729 1997 897 2078 praesertim
922 2016 987 2059 cum
1008 1995 1080 2054 heco
1103 1996 1172 2057 sint
1193 1996 1242 2056 illi
1261 2016 1346 2085 stu-¹

81 2094 188 2152 tentiae
208 2093 314 2153 idonea
341 2109 526 2174 argumenta,
555 2093 652 2172 quod,
681 2095 806 2175 utquid
827 2114 887 2154 esse
912 2093 1047 2153 videatur
1067 2107 1098 2153 et
1116 2092 1196 2170 fiat,
1219 2108 1319 2167 motus,

81 2205 114 2250 ut
133 2213 192 2250 non
211 2211 270 2250 esse
288 2190 424 2250 videatur
443 2207 471 2251 et
490 2195 633 2267 intereat,
651 2195 734 2272 quies
752 2192 851 2253 efficit.
894 2192 974 2273 Ignis
992 2190 1073 2249 enim
1094 2191 1260 2271 calorque,
1277 2192 1319 2271 qui

80 2303 191 2361 caetera
209 2289 302 2368 gignit
329 2309 361 2347 ac
391 2291 481 2368 regit,
502 2291 564 2371 ipsc
595 2292 751 2371 agitatione
771 2305 799 2350 et
828 2292 962 2376 frictione
976 2287 1027 2348 fit:
1052 2288 1088 2350 id
1109 2304 1216 2352 autem
1237 2304 1319 2353 neus

82 2399 142 2445 est:
164 2407 263 2444 nonne
283 2385 353 2446 haec
382 2387 459 2467 ignis
477 2389 580 2469 origo?
601 2416 637 2427 -
656 2390 707 2449 Est
728 2390 858 2450 omnino.
878 2417 913 2433 «-
932 2388 1013 2464 Quin
1040 2390 1130 2449 ctiam
1155 2390 1319 2453 animalium.

83 2505 173 2564 genus
193 2504 231 2544 ex
252 2483 356 2544 iisdem
378 2487 515 2547 nascitur.
536 2518 571 2529 -
591 2487 730 2563 Quidnil
751 2516 786 2528 ·-
807 2488 888 2563 Quid
899 2508 1050 2568 corporum
1064 2486 1318 2550 habitus'lnonne

82 2584 140 2642 otio
160 2597 188 2642 ct
208 2597 322 2663 torpore
342 2586 553 2666 corrumpitur,
585 2587 792 2646 exercitatione
821 2607 890 2647 vero
910 2601 1045 2665 motuque
1073 2584 1246 2667 plurimum
1262 2606 1318 2645 con-

82 2684 382 2743 servaturl-Certe
394 2685 537 2743 *Animi
546 2705 660 2764 quoque
670 2684 789 2744 habitus
799 2684 958 2765 disciplina
979 2697 1007 2742 et
1027 2683 1318 2763 meditatamque

81 2793 174 2839 motus
183 2795 269 2856 sunt,
280 2780 428 2843 doctrinas
436 2783 641 2862 consequitur,
652 2796 839 2861 servaturque
851 2796 878 2841 et
887 2780 1055 2864 perficitur;
1074 2782 1180 2861 quiete
1189 2803 1275 2857 vcro,
1291 2778 1318 2839 it

80 2892 140 2952 est,
169 2879 346 2959 negligentia
364 2892 392 2937 et
421 2881 559 2960 pigritia,
587 2902 640 2940 nec
669 2880 756 2940 discit
784 2880 964 2959 quidquam,
993 2881 1065 2940 etsi
1092 2880 1173 2960 quid
1202 2880 1317 2953 didicit,

80 2975 289 3037 obliviscitur?
310 3018 346 3036 q-
367 2976 404 3035 Et
425 2980 550 3038 maxime
571 2977 698 3059 quidem.
720 3011 754 3026 -
773 2979 1109 3059 Bonumigiturtamin
1129 2981 1317 3059 animoqnau

82 3074 113 3131 in
135 3093 252 3153 corpore
272 3091 365 3136 motus
386 3092 446 3152 est,
467 3079 576 3136 malum
595 3099 663 3138 vero
681 3079 883 3138 contrarium?
904 3119 939 3135 -.
959 3076 1096 3136 Videtur.
1118 3108 1157 3125 -
1177 3079 1317 3138 Praeterea

81 3172 111 3229 in
134 3171 188 3245 iis,
208 3192 282 3248 quac
301 3176 467 3234 serenitates
485 3175 559 3234 coeli
574 3176 855 3255 tranquillitatesque
876 3189 1017 3238 vocantur
1035 3188 1063 3235 et
1085 3174 1135 3235 his
1152 3189 1229 3237 sunt
1246 3174 1317 3237 timi·

80 3269 140 3343 lia,
161 3269 194 3328 id
210 3291 321 3345 assero,
342 3273 439 3350 quiete
461 3294 506 3332 res
535 3273 684 3353 putrefieri
711 3294 743 3333 ac
764 3273 868 3354 perdi,
897 3287 977 3334 motu
999 3293 1067 3334 vero
1088 3273 1277 3337 conservari:
1292 3284 1315 3329 et

81 3389 150 3428 tero
169 3368 359 3450 colophonem
377 3370 423 3433 his
441 3369 553 3433 addens
571 3372 723 3446 crineum,
743 3391 860 3435 auream
880 3385 1010 3433 catenam
1030 3370 1112 3434 nihil
1131 3370 1224 3432 aliud
1242 3388 1315 3451 quur

77 3466 165 3525 solem
186 3467 247 3529 dici
268 3468 304 3527 ah
326 3469 451 3535 Homero
468 3466 500 3547 3)
521 3490 553 3527 ac
574 3468 715 3531 declarari
726 3514 734 3542 ,
745 3489 893 3548 quousque
904 3452 1147 3533 circumvertetui
1165 3466 1316 3531 cumcoelo

78 3563 139 3636 sol,
162 3586 220 3625 esse
241 3569 338 3627 omnia
359 3581 388 3629 et
404 3568 512 3631 servari
534 3568 613 3649 apud
633 3569 707 3630 Deos
726 3566 933 3646 hominesque3
966 3569 1012 3629 sin
1032 3580 1130 3630 autem
1152 3569 1316 3629 universnm

35 3667 42 3679 “
78 3663 159 3740 quasi
181 3663 300 3743 ligatum
321 3681 425 3740 staret,
446 3686 490 3725 res
510 3686 609 3726 omnes
629 3680 796 3747 corruptum
816 3667 852 3730 iri
872 3681 1121 3745 eventorumque,
1142 3666 1229 3747 quod
1248 3663 1316 3727 dici-

78 3773 144 3833 tur,
166 3781 278 3847 sursum
299 3763 489 3844 deorsumque
508 3779 623 3825 cuncta.
644 3797 679 3807 -
693 3764 770 3825 Mihi
788 3785 857 3824 vero
877 3765 946 3825 item
968 3763 1129 3839 videntur,
1148 3766 1314 3833 ostentes,

78 3879 150 3934 quac
171 3857 247 3918 dicis
267 3860 314 3919 his
334 3861 507 3926 declarari.''
523 3863 554 3943 l)

117 3957 232 4017 Distant
251 3979 319 4017 sane
337 3971 396 4022 toto
406 4008 414 4036 ,
435 3962 513 4040 quod
534 3964 634 4039 ajunt,
650 3962 730 4041 coelo
758 3961 828 4024 haec
848 3961 956 4041 placita
975 3981 990 4017 a
1010 3960 1203 4042 philosophia
1228 3961 1316 4023 Plato-

111 4129 136 4192 t)
159 4134 253 4186 Theaet.
272 4135 327 4188 151.
343 4137 374 4187 E.
387 4165 421 4174 -
443 4134 540 4186 1521).

111 4233 136 4293 2)
157 4235 230 4288 laea.
247 4213 280 4290 t.
296 4239 355 4290 eoi.
372 4239 420 4290 ou.
438 4239 515 4289 rato
529 4255 556 4305 p.
574 4237 630 4295 tta.

112 4317 375 4389 ammam

109 4411 135 4473 at
159 4413 252 4468 ratae,
271 4413 327 4466 152.
357 4417 385 4463 n.
400 4443 433 4452 -
450 4412 499 4465 aaa
527 4415 554 4465 n.
