<?xml version="1.0" encoding="UTF-8"?>
<!DOCTYPE html PUBLIC "-//W3C//DTD XHTML 1.0 Transitional//EN"
    "http://www.w3.org/TR/xhtml1/DTD/xhtml1-transitional.dtd">
<html xmlns="http://www.w3.org/1999/xhtml" xml:lang="en" lang="en">
 <head>
  <title>
</title>
<meta http-equiv="Content-Type" content="text/html;charset=utf-8" />
  <meta name='ocr-system' content='tesseract 3.04.00' />
  <meta name='ocr-capabilities' content='ocr_page ocr_carea ocr_par ocr_line ocrx_word'/>
</head>
<body>
  <div class='ocr_page' id='page_1' title='image "./initiaphilosoph00heusgoog_0047.png"; bbox 0 0 2796 5048; ppageno 0'>
   <div class='ocr_carea' id='block_1_1' title="bbox 705 222 722 278">
    <p class='ocr_par' dir='ltr' id='par_1_1' title="bbox 705 222 722 278">
     <span class='ocr_line' id='line_1_1' title="bbox 705 222 722 278; baseline 0 0"><span class='ocrx_word' id='word_1_1' title='bbox 705 222 722 278; x_wconf 84' lang='lat'>2</span> 
     </span>
    </p>
   </div>
   <div class='ocr_carea' id='block_1_2' title="bbox 103 379 1358 579">
    <p class='ocr_par' dir='ltr' id='par_1_2' title="bbox 103 379 1358 579">
     <span class='ocr_line' id='line_1_2' title="bbox 103 379 1358 462; baseline 0.006 -21"><span class='ocrx_word' id='word_1_2' title='bbox 103 382 205 441; x_wconf 89' lang='lat' dir='ltr'>audire</span> <span class='ocrx_word' id='word_1_3' title='bbox 236 393 416 439; x_wconf 89' lang='lat' dir='ltr'>narrantem:</span> <span class='ocrx_word' id='word_1_4' title='bbox 446 379 523 459; x_wconf 93' lang='lat' dir='ltr'>quod</span> <span class='ocrx_word' id='word_1_5' title='bbox 553 393 584 440; x_wconf 92' lang='lat' dir='ltr'>ut</span> <span class='ocrx_word' id='word_1_6' title='bbox 604 400 806 462; x_wconf 83' lang='lat' dir='ltr'>saepenumero</span> <span class='ocrx_word' id='word_1_7' title='bbox 826 401 869 440; x_wconf 90' lang='lat' dir='ltr'>me</span> <span class='ocrx_word' id='word_1_8' title='bbox 889 382 981 442; x_wconf 87' lang='lat' dir='ltr'>facere</span> <span class='ocrx_word' id='word_1_9' title='bbox 1000 386 1031 442; x_wconf 90' lang='lat' dir='ltr'>in</span> <span class='ocrx_word' id='word_1_10' title='bbox 1051 384 1252 443; x_wconf 90' lang='lat' dir='ltr'>communibus</span> <span class='ocrx_word' id='word_1_11' title='bbox 1272 407 1358 449; x_wconf 91' lang='lat' dir='ltr'>no-.</span> 
     </span>
     <span class='ocr_line' id='line_1_3' title="bbox 103 494 1328 579; baseline 0.002 -23"><span class='ocrx_word' id='word_1_12' title='bbox 103 497 168 557; x_wconf 91' lang='lat' dir='ltr'>stris</span> <span class='ocrx_word' id='word_1_13' title='bbox 194 494 371 556; x_wconf 83' lang='lat' dir='ltr'>sermonibus</span> <span class='ocrx_word' id='word_1_14' title='bbox 398 494 515 552; x_wconf 91' lang='lat' dir='ltr'>memini</span> <span class='ocrx_word' id='word_1_15' title='bbox 525 539 542 574; x_wconf 28' lang='grc' dir='ltr'>,ι</span> <span class='ocrx_word' id='word_1_16' title='bbox 563 494 603 554; x_wconf 88' lang='lat' dir='ltr'>ita</span> <span class='ocrx_word' id='word_1_17' title='bbox 631 516 708 553; x_wconf 92' lang='lat' dir='ltr'>nunc</span> <span class='ocrx_word' id='word_1_18' title='bbox 738 494 805 554; x_wconf 77' lang='lat' dir='ltr'>data</span> <span class='ocrx_word' id='word_1_19' title='bbox 834 495 919 576; x_wconf 66' lang='lat' dir='ltr'>opera</span> <span class='ocrx_word' id='word_1_20' title='bbox 948 497 1099 558; x_wconf 88' lang='lat' dir='ltr'>scribenda</span> <span class='ocrx_word' id='word_1_21' title='bbox 1125 498 1179 557; x_wconf 92' lang='lat' dir='ltr'>hac</span> <span class='ocrx_word' id='word_1_22' title='bbox 1205 499 1328 579; x_wconf 89' lang='lat' dir='ltr'>epistola</span> 
     </span>
    </p>
   </div>
   <div class='ocr_carea' id='block_1_3' title="bbox 102 564 1328 691">
    <p class='ocr_par' dir='ltr' id='par_1_3' title="bbox 102 564 1328 691">
     <span class='ocr_line' id='line_1_4' title="bbox 102 564 1328 691; baseline 0.002 -21"><span class='ocrx_word' id='word_1_23' title='bbox 102 610 235 670; x_wconf 86' lang='lat' dir='ltr'>lubenter</span> <span class='ocrx_word' id='word_1_24' title='bbox 252 564 394 669; x_wconf 44' lang='lat' dir='ltr'>instit&amp;</span> <span class='ocrx_word' id='word_1_25' title='bbox 425 607 495 668; x_wconf 78' lang='lat' dir='ltr'>¹Non</span> <span class='ocrx_word' id='word_1_26' title='bbox 525 590 674 689; x_wconf 81' lang='lat' dir='ltr'>celebrabo</span> <span class='ocrx_word' id='word_1_27' title='bbox 704 609 762 671; x_wconf 91' lang='lat' dir='ltr'>viri</span> <span class='ocrx_word' id='word_1_28' title='bbox 790 608 964 686; x_wconf 88' lang='lat' dir='ltr'>doctrinam,</span> <span class='ocrx_word' id='word_1_29' title='bbox 990 633 1074 691; x_wconf 88' lang='lat' dir='ltr'>quam</span> <span class='ocrx_word' id='word_1_30' title='bbox 1104 625 1135 672; x_wconf 92' lang='lat' dir='ltr'>tu</span> <span class='ocrx_word' id='word_1_31' title='bbox 1160 634 1228 671; x_wconf 91' lang='lat' dir='ltr'>sanc</span> <span class='ocrx_word' id='word_1_32' title='bbox 1249 634 1328 672; x_wconf 87' lang='lat' dir='ltr'>unus</span> 
     </span>
    </p>
   </div>
   <div class='ocr_carea' id='block_1_4' title="bbox 22 711 1348 4366">
    <p class='ocr_par' dir='ltr' id='par_1_4' title="bbox 96 711 1327 1723">
     <span class='ocr_line' id='line_1_5' title="bbox 101 711 1327 809; baseline 0.001 -24"><span class='ocrx_word' id='word_1_33' title='bbox 101 727 230 785; x_wconf 89' lang='lat' dir='ltr'>omnium.</span> <span class='ocrx_word' id='word_1_34' title='bbox 255 726 380 809; x_wconf 72' lang='lat' dir='ltr'>maxime</span> <span class='ocrx_word' id='word_1_35' title='bbox 404 723 549 784; x_wconf 88' lang='lat' dir='ltr'>aestimare</span> <span class='ocrx_word' id='word_1_36' title='bbox 576 738 683 804; x_wconf 86' lang='lat' dir='ltr'>potest:</span> <span class='ocrx_word' id='word_1_37' title='bbox 714 745 766 783; x_wconf 91' lang='lat' dir='ltr'>nec</span> <span class='ocrx_word' id='word_1_38' title='bbox 786 724 875 783; x_wconf 90' lang='lat' dir='ltr'>vitam</span> <span class='ocrx_word' id='word_1_39' title='bbox 905 715 974 802; x_wconf 84' lang='lat' dir='ltr'>ejus</span> <span class='ocrx_word' id='word_1_40' title='bbox 994 726 1135 801; x_wconf 89' lang='lat' dir='ltr'>scribam,</span> <span class='ocrx_word' id='word_1_41' title='bbox 1169 711 1248 805; x_wconf 83' lang='lat' dir='ltr'>quod</span> <span class='ocrx_word' id='word_1_42' title='bbox 1268 728 1327 807; x_wconf 89' lang='lat' dir='ltr'>egit</span> 
     </span>
     <span class='ocr_line' id='line_1_6' title="bbox 101 810 1326 921; baseline 0.002 -23"><span class='ocrx_word' id='word_1_43' title='bbox 101 839 483 912; x_wconf 86' lang='lat' dir='ltr'>eruditissimus-Mahnius,</span> <span class='ocrx_word' id='word_1_44' title='bbox 503 838 707 918; x_wconf 74' lang='lat' dir='ltr'>pie,&#39;debite,</span> <span class='ocrx_word' id='word_1_45' title='bbox 735 851 883 913; x_wconf 90' lang='lat' dir='ltr'>accurate,</span> <span class='ocrx_word' id='word_1_46' title='bbox 912 839 1011 915; x_wconf 89' lang='lat' dir='ltr'>docte,</span> <span class='ocrx_word' id='word_1_47' title='bbox 1041 854 1073 899; x_wconf 93' lang='lat' dir='ltr'>ut</span> <span class='ocrx_word' id='word_1_48' title='bbox 1089 810 1259 921; x_wconf 83' lang='lat' dir='ltr'>germanum·</span> <span class='ocrx_word' id='word_1_49' title='bbox 1275 841 1326 900; x_wconf 87' lang='lat' dir='ltr'>de·</span> 
     </span>
     <span class='ocr_line' id='line_1_7' title="bbox 100 948 1326 1037; baseline 0.002 -23"><span class='ocrx_word' id='word_1_50' title='bbox 100 955 181 1014; x_wconf 90' lang='lat' dir='ltr'>cebat</span> <span class='ocrx_word' id='word_1_51' title='bbox 219 948 277 1014; x_wconf 92' lang='lat' dir='ltr'>viri</span> <span class='ocrx_word' id='word_1_52' title='bbox 315 950 509 1034; x_wconf 66' lang='lat' dir='ltr'>discipulum</span> <span class='ocrx_word' id='word_1_53' title='bbox 543 950 600 1013; x_wconf 73' lang='lat' dir='ltr'>‚sed</span> <span class='ocrx_word' id='word_1_54' title='bbox 617 980 624 989; x_wconf 88' lang='lat'><em>·</em></span> <span class='ocrx_word' id='word_1_55' title='bbox 639 972 779 1034; x_wconf 76' lang='lat' dir='ltr'>exponam</span> <span class='ocrx_word' id='word_1_56' title='bbox 817 952 1004 1037; x_wconf 84' lang='lat' dir='ltr'>simpliciter,</span> <span class='ocrx_word' id='word_1_57' title='bbox 1028 956 1098 1034; x_wconf 84' lang='lat' dir='ltr'>quis</span> <span class='ocrx_word' id='word_1_58' title='bbox 1126 972 1215 1015; x_wconf 86' lang='lat' dir='ltr'>meus</span> <span class='ocrx_word' id='word_1_59' title='bbox 1235 956 1326 1016; x_wconf 89' lang='lat' dir='ltr'>suerit</span> 
     </span>
     <span class='ocr_line' id='line_1_8' title="bbox 99 1046 1326 1150; baseline 0.002 -22"><span class='ocrx_word' id='word_1_60' title='bbox 99 1091 215 1143; x_wconf 87' lang='lat' dir='ltr'>sensus,</span> <span class='ocrx_word' id='word_1_61' title='bbox 240 1089 304 1127; x_wconf 91' lang='lat' dir='ltr'>cum</span> <span class='ocrx_word' id='word_1_62' title='bbox 333 1088 397 1126; x_wconf 91' lang='lat' dir='ltr'>cum</span> <span class='ocrx_word' id='word_1_63' title='bbox 423 1067 547 1150; x_wconf 82' lang='lat' dir='ltr'>primurn</span> <span class='ocrx_word' id='word_1_64' title='bbox 574 1069 775 1127; x_wconf 86' lang='lat' dir='ltr'>convenirem:</span> <span class='ocrx_word' id='word_1_65' title='bbox 801 1068 894 1146; x_wconf 91' lang='lat' dir='ltr'>qualis</span> <span class='ocrx_word' id='word_1_66' title='bbox 923 1046 981 1126; x_wconf 84' lang='lat' dir='ltr'>esse</span> <span class='ocrx_word' id='word_1_67' title='bbox 1010 1069 1082 1128; x_wconf 92' lang='lat' dir='ltr'>mihi</span> <span class='ocrx_word' id='word_1_68' title='bbox 1096 1049 1216 1128; x_wconf 67' lang='lat' dir='ltr'>¹deinde</span> <span class='ocrx_word' id='word_1_69' title='bbox 1246 1071 1326 1130; x_wconf 87' lang='lat' dir='ltr'>visus</span> 
     </span>
     <span class='ocr_line' id='line_1_9' title="bbox 99 1181 1326 1263; baseline 0.001 -20"><span class='ocrx_word' id='word_1_70' title='bbox 99 1182 136 1243; x_wconf 91' lang='lat' dir='ltr'>sit</span> <span class='ocrx_word' id='word_1_71' title='bbox 162 1186 193 1243; x_wconf 87' lang='lat' dir='ltr'>in</span> <span class='ocrx_word' id='word_1_72' title='bbox 223 1183 314 1242; x_wconf 87' lang='lat' dir='ltr'>literis</span> <span class='ocrx_word' id='word_1_73' title='bbox 342 1181 500 1241; x_wconf 83' lang='lat' dir='ltr'>tractandis</span> <span class='ocrx_word' id='word_1_74' title='bbox 527 1194 554 1239; x_wconf 91' lang='lat' dir='ltr'>et</span> <span class='ocrx_word' id='word_1_75' title='bbox 584 1181 761 1241; x_wconf 90' lang='lat' dir='ltr'>instituenda</span> <span class='ocrx_word' id='word_1_76' title='bbox 787 1183 957 1259; x_wconf 90' lang='lat' dir='ltr'>juventute:</span> <span class='ocrx_word' id='word_1_77' title='bbox 988 1184 1152 1263; x_wconf 89' lang='lat' dir='ltr'>pracsertim</span> <span class='ocrx_word' id='word_1_78' title='bbox 1171 1205 1244 1263; x_wconf 88' lang='lat' dir='ltr'>quac</span> <span class='ocrx_word' id='word_1_79' title='bbox 1263 1187 1326 1263; x_wconf 86' lang='lat' dir='ltr'>ejus</span> 
     </span>
     <span class='ocr_line' id='line_1_10' title="bbox 99 1295 1324 1378; baseline 0.003 -22"><span class='ocrx_word' id='word_1_80' title='bbox 99 1299 207 1358; x_wconf 86' lang='lat' dir='ltr'>fuerint</span> <span class='ocrx_word' id='word_1_81' title='bbox 237 1300 269 1357; x_wconf 95' lang='lat' dir='ltr'>in</span> <span class='ocrx_word' id='word_1_82' title='bbox 292 1317 335 1354; x_wconf 90' lang='lat' dir='ltr'>me</span> <span class='ocrx_word' id='word_1_83' title='bbox 355 1297 455 1354; x_wconf 90' lang='lat' dir='ltr'>merita</span> <span class='ocrx_word' id='word_1_84' title='bbox 475 1307 503 1353; x_wconf 94' lang='lat' dir='ltr'>et</span> <span class='ocrx_word' id='word_1_85' title='bbox 521 1295 580 1353; x_wconf 90' lang='lat' dir='ltr'>illis</span> <span class='ocrx_word' id='word_1_86' title='bbox 598 1297 774 1376; x_wconf 84' lang='lat' dir='ltr'>temporibus</span> <span class='ocrx_word' id='word_1_87' title='bbox 793 1310 820 1354; x_wconf 92' lang='lat' dir='ltr'>et</span> <span class='ocrx_word' id='word_1_88' title='bbox 840 1296 947 1355; x_wconf 89' lang='lat' dir='ltr'>deinde</span> <span class='ocrx_word' id='word_1_89' title='bbox 966 1311 1117 1378; x_wconf 86' lang='lat' dir='ltr'>perpetuo,</span> <span class='ocrx_word' id='word_1_90' title='bbox 1137 1298 1233 1377; x_wconf 89' lang='lat' dir='ltr'>quoad</span> <span class='ocrx_word' id='word_1_91' title='bbox 1251 1299 1324 1359; x_wconf 90' lang='lat' dir='ltr'>mibi</span> 
     </span>
     <span class='ocr_line' id='line_1_11' title="bbox 98 1409 1325 1494; baseline 0.003 -24"><span class='ocrx_word' id='word_1_92' title='bbox 98 1414 156 1472; x_wconf 85' lang='lat' dir='ltr'>frui</span> <span class='ocrx_word' id='word_1_93' title='bbox 178 1415 238 1491; x_wconf 91' lang='lat' dir='ltr'>ejus</span> <span class='ocrx_word' id='word_1_94' title='bbox 261 1409 468 1471; x_wconf 87' lang='lat' dir='ltr'>consuetudine</span> <span class='ocrx_word' id='word_1_95' title='bbox 493 1422 520 1468; x_wconf 92' lang='lat' dir='ltr'>et</span> <span class='ocrx_word' id='word_1_96' title='bbox 540 1409 678 1470; x_wconf 87' lang='lat' dir='ltr'>suavitate</span> <span class='ocrx_word' id='word_1_97' title='bbox 698 1410 789 1470; x_wconf 89' lang='lat' dir='ltr'>licuit.</span> <span class='ocrx_word' id='word_1_98' title='bbox 829 1411 914 1486; x_wconf 92' lang='lat' dir='ltr'>Quod</span> <span class='ocrx_word' id='word_1_99' title='bbox 931 1425 958 1471; x_wconf 91' lang='lat' dir='ltr'>tc</span> <span class='ocrx_word' id='word_1_100' title='bbox 977 1433 1036 1471; x_wconf 91' lang='lat' dir='ltr'>non</span> <span class='ocrx_word' id='word_1_101' title='bbox 1056 1413 1143 1471; x_wconf 89' lang='lat' dir='ltr'>latere</span> <span class='ocrx_word' id='word_1_102' title='bbox 1158 1428 1268 1494; x_wconf 82' lang='lat' dir='ltr'>oportet</span> <span class='ocrx_word' id='word_1_103' title='bbox 1286 1413 1325 1474; x_wconf 87' lang='lat' dir='ltr'>ad</span> 
     </span>
     <span class='ocr_line' id='line_1_12' title="bbox 97 1514 1324 1607; baseline 0.001 -20"><span class='ocrx_word' id='word_1_104' title='bbox 97 1528 148 1587; x_wconf 90' lang='lat' dir='ltr'>has</span> <span class='ocrx_word' id='word_1_105' title='bbox 172 1526 346 1605; x_wconf 88' lang='lat' dir='ltr'>judicandas</span> <span class='ocrx_word' id='word_1_106' title='bbox 371 1523 583 1603; x_wconf 85' lang='lat' dir='ltr'>disquisitiones</span> <span class='ocrx_word' id='word_1_107' title='bbox 606 1514 783 1599; x_wconf 86' lang='lat' dir='ltr'>Platonicas,</span> <span class='ocrx_word' id='word_1_108' title='bbox 813 1544 857 1584; x_wconf 91' lang='lat' dir='ltr'>me</span> <span class='ocrx_word' id='word_1_109' title='bbox 885 1546 953 1585; x_wconf 92' lang='lat' dir='ltr'>vero</span> <span class='ocrx_word' id='word_1_110' title='bbox 980 1547 1122 1607; x_wconf 84' lang='lat' dir='ltr'>exponere</span> <span class='ocrx_word' id='word_1_111' title='bbox 1143 1527 1227 1605; x_wconf 90' lang='lat' dir='ltr'>jubet</span> <span class='ocrx_word' id='word_1_112' title='bbox 1256 1549 1324 1588; x_wconf 90' lang='lat' dir='ltr'>cum</span> 
     </span>
     <span class='ocr_line' id='line_1_13' title="bbox 96 1639 603 1723; baseline -0.006 -22"><span class='ocrx_word' id='word_1_113' title='bbox 96 1644 198 1723; x_wconf 89' lang='lat' dir='ltr'>pictas,</span> <span class='ocrx_word' id='word_1_114' title='bbox 219 1654 279 1700; x_wconf 90' lang='lat' dir='ltr'>tum</span> <span class='ocrx_word' id='word_1_115' title='bbox 297 1640 369 1720; x_wconf 90' lang='lat' dir='ltr'>grati</span> <span class='ocrx_word' id='word_1_116' title='bbox 387 1639 477 1698; x_wconf 89' lang='lat' dir='ltr'>animi</span> <span class='ocrx_word' id='word_1_117' title='bbox 495 1659 603 1698; x_wconf 91' lang='lat' dir='ltr'>sensus.</span> 
     </span>
    </p>

    <p class='ocr_par' dir='ltr' id='par_1_5' title="bbox 22 1752 1348 4366">
     <span class='ocr_line' id='line_1_14' title="bbox 136 1752 1324 1835; baseline 0.002 -20"><span class='ocrx_word' id='word_1_118' title='bbox 136 1759 289 1835; x_wconf 86' lang='lat' dir='ltr'>Nunquam</span> <span class='ocrx_word' id='word_1_119' title='bbox 307 1774 374 1812; x_wconf 89' lang='lat' dir='ltr'>sane</span> <span class='ocrx_word' id='word_1_120' title='bbox 392 1752 519 1812; x_wconf 90' lang='lat' dir='ltr'>ille.dies</span> <span class='ocrx_word' id='word_1_121' title='bbox 537 1753 632 1812; x_wconf 91' lang='lat' dir='ltr'>animo</span> <span class='ocrx_word' id='word_1_122' title='bbox 649 1753 763 1812; x_wconf 82' lang='lat' dir='ltr'>excidet</span> <span class='ocrx_word' id='word_1_123' title='bbox 780 1774 842 1812; x_wconf 91' lang='lat' dir='ltr'>meo</span> <span class='ocrx_word' id='word_1_124' title='bbox 852 1799 860 1828; x_wconf 92' lang='lat'><strong><em>‚</em></strong></span> <span class='ocrx_word' id='word_1_125' title='bbox 887 1775 943 1833; x_wconf 93' lang='lat' dir='ltr'>quo</span> <span class='ocrx_word' id='word_1_126' title='bbox 960 1776 1063 1816; x_wconf 87' lang='lat' dir='ltr'>recens.</span> <span class='ocrx_word' id='word_1_127' title='bbox 1076 1756 1324 1823; x_wconf 80' lang='lat' dir='ltr'>Amstelodamum</span> 
     </span>
     <span class='ocr_line' id='line_1_15' title="bbox 96 1867 1322 1959; baseline 0.002 -28"><span class='ocrx_word' id='word_1_128' title='bbox 96 1873 225 1946; x_wconf 90' lang='lat' dir='ltr'>delatus,</span> <span class='ocrx_word' id='word_1_129' title='bbox 248 1883 279 1929; x_wconf 91' lang='lat' dir='ltr'>ut</span> <span class='ocrx_word' id='word_1_130' title='bbox 293 1867 397 1928; x_wconf 88' lang='lat' dir='ltr'>studiis</span> <span class='ocrx_word' id='word_1_131' title='bbox 415 1887 529 1959; x_wconf 83' lang='lat' dir='ltr'>operam</span> <span class='ocrx_word' id='word_1_132' title='bbox 548 1888 682 1927; x_wconf 90' lang='lat' dir='ltr'>navarcm</span> <span class='ocrx_word' id='word_1_133' title='bbox 691 1914 700 1942; x_wconf 96' lang='lat'>,</span> <span class='ocrx_word' id='word_1_134' title='bbox 724 1869 898 1949; x_wconf 58' lang='lat' dir='ltr'>primum-et„</span> <span class='ocrx_word' id='word_1_135' title='bbox 909 1869 971 1931; x_wconf 90' lang='lat' dir='ltr'>vidi</span> <span class='ocrx_word' id='word_1_136' title='bbox 992 1872 1086 1929; x_wconf 91' lang='lat' dir='ltr'>virum</span> <span class='ocrx_word' id='word_1_137' title='bbox 1106 1885 1134 1929; x_wconf 92' lang='lat' dir='ltr'>et</span> <span class='ocrx_word' id='word_1_138' title='bbox 1151 1892 1322 1951; x_wconf 82' lang='lat' dir='ltr'>cognoscere</span> 
     </span>
     <span class='ocr_line' id='line_1_16' title="bbox 95 1967 1323 2075; baseline 0.002 -29"><span class='ocrx_word' id='word_1_139' title='bbox 95 1967 175 2067; x_wconf 89' lang='lat' dir='ltr'>coepi</span> <span class='ocrx_word' id='word_1_140' title='bbox 192 1998 228 2075; x_wconf 78' lang='lat' dir='ltr'>¹et</span> <span class='ocrx_word' id='word_1_141' title='bbox 246 1983 338 2043; x_wconf 83' lang='lat' dir='ltr'>exarsi</span> <span class='ocrx_word' id='word_1_142' title='bbox 356 1979 441 2041; x_wconf 88' lang='lat' dir='ltr'>simul</span> <span class='ocrx_word' id='word_1_143' title='bbox 452 1981 629 2040; x_wconf 85' lang='lat' dir='ltr'>incredibili</span> <span class='ocrx_word' id='word_1_144' title='bbox 651 1983 820 2062; x_wconf 87' lang='lat' dir='ltr'>optimarum</span> <span class='ocrx_word' id='word_1_145' title='bbox 843 1983 946 2041; x_wconf 86' lang='lat' dir='ltr'>artium</span> <span class='ocrx_word' id='word_1_146' title='bbox 973 1984 1078 2044; x_wconf 93' lang='lat' dir='ltr'>studio.</span> <span class='ocrx_word' id='word_1_147' title='bbox 1118 1986 1190 2044; x_wconf 89' lang='lat' dir='ltr'>Nam</span> <span class='ocrx_word' id='word_1_148' title='bbox 1208 1990 1323 2049; x_wconf 86' lang='lat' dir='ltr'>tametsi</span> 
     </span>
     <span class='ocr_line' id='line_1_17' title="bbox 95 2076 1323 2182; baseline 0.003 -22"><span class='ocrx_word' id='word_1_149' title='bbox 95 2123 181 2160; x_wconf 91' lang='lat' dir='ltr'>essem</span> <span class='ocrx_word' id='word_1_150' title='bbox 195 2096 440 2182; x_wconf 81' lang='lat' dir='ltr'>jurisprudentiae</span> <span class='ocrx_word' id='word_1_151' title='bbox 459 2095 636 2171; x_wconf 85' lang='lat' dir='ltr'>destinatus,</span> <span class='ocrx_word' id='word_1_152' title='bbox 651 2095 777 2176; x_wconf 82' lang='lat' dir='ltr'>legeram</span> <span class='ocrx_word' id='word_1_153' title='bbox 786 2109 882 2155; x_wconf 80' lang='lat' dir='ltr'>tamen</span> <span class='ocrx_word' id='word_1_154' title='bbox 901 2119 990 2156; x_wconf 91' lang='lat' dir='ltr'>unum</span> <span class='ocrx_word' id='word_1_155' title='bbox 1004 2099 1182 2180; x_wconf 91' lang='lat' dir='ltr'>alterumque</span> <span class='ocrx_word' id='word_1_156' title='bbox 1191 2076 1323 2163; x_wconf 83' lang='lat' dir='ltr'>Platonis</span> 
     </span>
     <span class='ocr_line' id='line_1_18' title="bbox 95 2202 1323 2296; baseline 0.003 -21"><span class='ocrx_word' id='word_1_157' title='bbox 95 2215 256 2296; x_wconf 81' lang='lat' dir='ltr'>dialogum,</span> <span class='ocrx_word' id='word_1_158' title='bbox 277 2214 416 2272; x_wconf 83' lang='lat' dir='ltr'>excitatus</span> <span class='ocrx_word' id='word_1_159' title='bbox 430 2232 495 2270; x_wconf 91' lang='lat' dir='ltr'>cum</span> <span class='ocrx_word' id='word_1_160' title='bbox 510 2210 587 2270; x_wconf 91' lang='lat' dir='ltr'>dicto</span> <span class='ocrx_word' id='word_1_161' title='bbox 605 2211 767 2270; x_wconf 89' lang='lat' dir='ltr'>Ciceronis:</span> <span class='ocrx_word' id='word_1_162' title='bbox 791 2208 865 2288; x_wconf 80' lang='lat' dir='ltr'>Quia</span> <span class='ocrx_word' id='word_1_163' title='bbox 883 2220 963 2271; x_wconf 80' lang='lat' dir='ltr'>enim</span> <span class='ocrx_word' id='word_1_164' title='bbox 991 2218 1111 2276; x_wconf 75' lang='lat' dir='ltr'>uberior</span> <span class='ocrx_word' id='word_1_165' title='bbox 1136 2227 1170 2277; x_wconf 81' lang='lat' dir='ltr'>in</span> <span class='ocrx_word' id='word_1_166' title='bbox 1197 2202 1323 2279; x_wconf 71' lang='lat' dir='ltr'>dicando</span> 
     </span>
     <span class='ocr_line' id='line_1_19' title="bbox 96 2306 1345 2419; baseline 0.005 -30"><span class='ocrx_word' id='word_1_167' title='bbox 96 2330 247 2391; x_wconf 79' lang='lat' dir='ltr'>Platone?</span> <span class='ocrx_word' id='word_1_168' title='bbox 275 2329 379 2388; x_wconf 80' lang='lat' dir='ltr'>Jovcm</span> <span class='ocrx_word' id='word_1_169' title='bbox 401 2333 493 2403; x_wconf 79' lang='lat' dir='ltr'>ajunt</span> <span class='ocrx_word' id='word_1_170' title='bbox 509 2326 695 2403; x_wconf 76' lang='lat' dir='ltr'>philosophi,</span> <span class='ocrx_word' id='word_1_171' title='bbox 716 2333 743 2383; x_wconf 79' lang='lat' dir='ltr'>ai</span> <span class='ocrx_word' id='word_1_172' title='bbox 770 2306 880 2384; x_wconf 81' lang='lat' dir='ltr'>Graece</span> <span class='ocrx_word' id='word_1_173' title='bbox 899 2328 1053 2407; x_wconf 82' lang='lat' dir='ltr'>loquatur,</span> <span class='ocrx_word' id='word_1_174' title='bbox 1068 2341 1117 2419; x_wconf 78' lang='lat' dir='ltr'>sic</span> <span class='ocrx_word' id='word_1_175' title='bbox 1138 2336 1237 2414; x_wconf 83' lang='lat' dir='ltr'>loqui,</span> <span class='ocrx_word' id='word_1_176' title='bbox 1258 2318 1345 2394; x_wconf 67' lang='lat' dir='ltr'>tun&#39;</span> 
     </span>
     <span class='ocr_line' id='line_1_20' title="bbox 94 2428 1319 2525; baseline 0.001 -19"><span class='ocrx_word' id='word_1_177' title='bbox 94 2446 254 2506; x_wconf 90' lang='lat' dir='ltr'>Nodellii</span> <span class='ocrx_word' id='word_1_178' title='bbox 274 2442 486 2514; x_wconf 87' lang='lat' dir='ltr'>adhortatione,</span> <span class='ocrx_word' id='word_1_179' title='bbox 506 2441 584 2499; x_wconf 92' lang='lat' dir='ltr'>hunc</span> <span class='ocrx_word' id='word_1_180' title='bbox 603 2439 698 2508; x_wconf 89' lang='lat' dir='ltr'>locum</span> <span class='ocrx_word' id='word_1_181' title='bbox 717 2461 827 2500; x_wconf 91' lang='lat' dir='ltr'>mecum</span> <span class='ocrx_word' id='word_1_182' title='bbox 843 2428 963 2522; x_wconf 90' lang='lat' dir='ltr'>legentis</span> <span class='ocrx_word' id='word_1_183' title='bbox 973 2458 1000 2503; x_wconf 91' lang='lat' dir='ltr'>ct</span> <span class='ocrx_word' id='word_1_184' title='bbox 1010 2445 1198 2525; x_wconf 90' lang='lat' dir='ltr'>celebrantis,</span> <span class='ocrx_word' id='word_1_185' title='bbox 1219 2450 1279 2511; x_wconf 90' lang='lat' dir='ltr'>viri</span> <span class='ocrx_word' id='word_1_186' title='bbox 1287 2450 1319 2508; x_wconf 93' lang='lat' dir='ltr'>in</span> 
     </span>
     <span class='ocr_line' id='line_1_21' title="bbox 35 2556 1319 2643; baseline 0.002 -22"><span class='ocrx_word' id='word_1_187' title='bbox 35 2631 37 2635; x_wconf 7' lang='grc' dir='ltr'><strong>ἲ</strong></span> <span class='ocrx_word' id='word_1_188' title='bbox 93 2561 191 2643; x_wconf 87' lang='lat' dir='ltr'>paucis</span> <span class='ocrx_word' id='word_1_189' title='bbox 209 2558 359 2619; x_wconf 90' lang='lat' dir='ltr'>cultissimi</span> <span class='ocrx_word' id='word_1_190' title='bbox 383 2556 511 2636; x_wconf 89' lang='lat' dir='ltr'>mihique</span> <span class='ocrx_word' id='word_1_191' title='bbox 538 2556 789 2630; x_wconf 89' lang='lat' dir='ltr'>desideratissimi,</span> <span class='ocrx_word' id='word_1_192' title='bbox 810 2578 866 2636; x_wconf 94' lang='lat' dir='ltr'>quo</span> <span class='ocrx_word' id='word_1_193' title='bbox 890 2579 973 2618; x_wconf 90' lang='lat' dir='ltr'>nemo</span> <span class='ocrx_word' id='word_1_194' title='bbox 993 2560 1078 2620; x_wconf 83' lang='lat' dir='ltr'>facile</span> <span class='ocrx_word' id='word_1_195' title='bbox 1097 2564 1207 2624; x_wconf 90' lang='lat' dir='ltr'>animos</span> <span class='ocrx_word' id='word_1_196' title='bbox 1228 2567 1319 2643; x_wconf 86' lang='lat' dir='ltr'>juve-</span> 
     </span>
     <span class='ocr_line' id='line_1_22' title="bbox 84 2655 1317 2757; baseline 0.002 -22"><span class='ocrx_word' id='word_1_197' title='bbox 84 2665 327 2757; x_wconf 65' lang='lat' dir='ltr'>,num&#39;poetarum</span> <span class='ocrx_word' id='word_1_198' title='bbox 354 2693 448 2740; x_wconf 83' lang='lat' dir='ltr'>amore</span> <span class='ocrx_word' id='word_1_199' title='bbox 474 2670 607 2730; x_wconf 89' lang='lat' dir='ltr'>incendit</span> <span class='ocrx_word' id='word_1_200' title='bbox 629 2655 781 2731; x_wconf 68' lang='lat' dir='ltr'>dfficacius.</span> <span class='ocrx_word' id='word_1_201' title='bbox 820 2672 848 2731; x_wconf 93' lang='lat' dir='ltr'>Is</span> <span class='ocrx_word' id='word_1_202' title='bbox 874 2686 968 2733; x_wconf 90' lang='lat' dir='ltr'>autem</span> <span class='ocrx_word' id='word_1_203' title='bbox 996 2697 1111 2736; x_wconf 90' lang='lat' dir='ltr'>narrare</span> <span class='ocrx_word' id='word_1_204' title='bbox 1134 2667 1317 2746; x_wconf 88' lang='lat' dir='ltr'>subindcdc</span> 
     </span>
     <span class='ocr_line' id='line_1_23' title="bbox 90 2776 1316 2872; baseline -0.012 -21"><span class='ocrx_word' id='word_1_205' title='bbox 90 2790 315 2872; x_wconf 87' lang='lat' dir='ltr'>Wyttenbachio</span> <span class='ocrx_word' id='word_1_206' title='bbox 334 2787 442 2848; x_wconf 91' lang='lat' dir='ltr'>solebat</span> <span class='ocrx_word' id='word_1_207' title='bbox 461 2801 488 2844; x_wconf 92' lang='lat' dir='ltr'>ct</span> <span class='ocrx_word' id='word_1_208' title='bbox 499 2776 598 2863; x_wconf 81' lang='lat' dir='ltr'>efferre</span> <span class='ocrx_word' id='word_1_209' title='bbox 617 2787 677 2862; x_wconf 87' lang='lat' dir='ltr'>ejus</span> <span class='ocrx_word' id='word_1_210' title='bbox 690 2784 802 2848; x_wconf 88' lang='lat' dir='ltr'>laudes:</span> <span class='ocrx_word' id='word_1_211' title='bbox 824 2788 902 2846; x_wconf 90' lang='lat' dir='ltr'>hunc</span> <span class='ocrx_word' id='word_1_212' title='bbox 919 2789 1080 2871; x_wconf 87' lang='lat' dir='ltr'>principem</span> <span class='ocrx_word' id='word_1_213' title='bbox 1094 2795 1154 2871; x_wconf 89' lang='lat' dir='ltr'>jam</span> <span class='ocrx_word' id='word_1_214' title='bbox 1173 2815 1232 2853; x_wconf 92' lang='lat' dir='ltr'>esse</span> <span class='ocrx_word' id='word_1_215' title='bbox 1252 2792 1316 2867; x_wconf 64' lang='lat' dir='ltr'>lite.</span> 
     </span>
     <span class='ocr_line' id='line_1_24' title="bbox 91 2897 1315 2985; baseline 0.001 -20"><span class='ocrx_word' id='word_1_216' title='bbox 91 2927 202 2965; x_wconf 90' lang='lat' dir='ltr'>rarum:</span> <span class='ocrx_word' id='word_1_217' title='bbox 224 2903 306 2962; x_wconf 89' lang='lat' dir='ltr'>cdere</span> <span class='ocrx_word' id='word_1_218' title='bbox 325 2901 527 2974; x_wconf 86' lang='lat' dir='ltr'>Plutarchum,</span> <span class='ocrx_word' id='word_1_219' title='bbox 548 2897 717 2981; x_wconf 86' lang='lat' dir='ltr'>palmarium</span> <span class='ocrx_word' id='word_1_220' title='bbox 741 2921 830 2981; x_wconf 87' lang='lat' dir='ltr'>opus:</span> <span class='ocrx_word' id='word_1_221' title='bbox 852 2900 946 2982; x_wconf 90' lang='lat' dir='ltr'>ipsum</span> <span class='ocrx_word' id='word_1_222' title='bbox 964 2921 1130 2985; x_wconf 88' lang='lat' dir='ltr'>apparatum</span> <span class='ocrx_word' id='word_1_223' title='bbox 1155 2928 1184 2967; x_wconf 90' lang='lat' dir='ltr'>se</span> <span class='ocrx_word' id='word_1_224' title='bbox 1206 2907 1315 2970; x_wconf 68' lang='lat' dir='ltr'>vidisse</span> 
     </span>
     <span class='ocr_line' id='line_1_25' title="bbox 89 2996 1340 3110; baseline 0.004 -30"><span class='ocrx_word' id='word_1_225' title='bbox 89 3014 245 3100; x_wconf 83' lang='lat' dir='ltr'>aliquando</span> <span class='ocrx_word' id='word_1_226' title='bbox 260 3032 288 3076; x_wconf 90' lang='lat' dir='ltr'>et</span> <span class='ocrx_word' id='word_1_227' title='bbox 307 3017 500 3098; x_wconf 89' lang='lat' dir='ltr'>obstupuisse:</span> <span class='ocrx_word' id='word_1_228' title='bbox 521 3012 601 3101; x_wconf 84' lang='lat' dir='ltr'>baud</span> <span class='ocrx_word' id='word_1_229' title='bbox 620 3012 737 3094; x_wconf 89' lang='lat' dir='ltr'>quidem</span> <span class='ocrx_word' id='word_1_230' title='bbox 747 3035 814 3110; x_wconf 86' lang='lat' dir='ltr'>eum</span> <span class='ocrx_word' id='word_1_231' title='bbox 831 3021 928 3096; x_wconf 73' lang='lat' dir='ltr'>poetas</span> <span class='ocrx_word' id='word_1_232' title='bbox 950 3039 1058 3095; x_wconf 86' lang='lat' dir='ltr'>amare,</span> <span class='ocrx_word' id='word_1_233' title='bbox 1078 3037 1153 3105; x_wconf 76' lang='lat' dir='ltr'>certe</span> <span class='ocrx_word' id='word_1_234' title='bbox 1173 3012 1315 3102; x_wconf 87' lang='lat' dir='ltr'>recentio-</span> <span class='ocrx_word' id='word_1_235' title='bbox 1336 2996 1340 3005; x_wconf 91' lang='lat'>.</span> 
     </span>
     <span class='ocr_line' id='line_1_26' title="bbox 22 3130 1316 3224; baseline 0.009 -30"><span class='ocrx_word' id='word_1_236' title='bbox 22 3216 26 3224; x_wconf 23' lang='grc' dir='ltr'>ι</span> <span class='ocrx_word' id='word_1_237' title='bbox 89 3133 262 3195; x_wconf 80' lang='lat' dir='ltr'>res-Latinos</span> <span class='ocrx_word' id='word_1_238' title='bbox 272 3156 280 3209; x_wconf 86' lang='lat'>3</span> <span class='ocrx_word' id='word_1_239' title='bbox 303 3131 353 3190; x_wconf 92' lang='lat' dir='ltr'>scd</span> <span class='ocrx_word' id='word_1_240' title='bbox 372 3131 503 3209; x_wconf 89' lang='lat' dir='ltr'>antiquos</span> <span class='ocrx_word' id='word_1_241' title='bbox 518 3130 552 3211; x_wconf 85' lang='lat' dir='ltr'>in</span> <span class='ocrx_word' id='word_1_242' title='bbox 571 3150 687 3189; x_wconf 90' lang='lat' dir='ltr'>succum</span> <span class='ocrx_word' id='word_1_243' title='bbox 702 3143 729 3188; x_wconf 91' lang='lat' dir='ltr'>et</span> <span class='ocrx_word' id='word_1_244' title='bbox 744 3131 912 3210; x_wconf 91' lang='lat' dir='ltr'>sanguinem</span> <span class='ocrx_word' id='word_1_245' title='bbox 930 3134 1060 3194; x_wconf 80' lang='lat' dir='ltr'>vertisse:</span> <span class='ocrx_word' id='word_1_246' title='bbox 1082 3137 1230 3198; x_wconf 88' lang='lat' dir='ltr'>Platonem</span> <span class='ocrx_word' id='word_1_247' title='bbox 1245 3162 1316 3205; x_wconf 88' lang='lat' dir='ltr'>vero</span> 
     </span>
     <span class='ocr_line' id='line_1_27' title="bbox 88 3222 1316 3339; baseline 0.006 -29"><span class='ocrx_word' id='word_1_248' title='bbox 88 3249 238 3323; x_wconf 82' lang='lat' dir='ltr'>admirari,</span> <span class='ocrx_word' id='word_1_249' title='bbox 267 3222 418 3308; x_wconf 82' lang='lat' dir='ltr'>sublimem</span> <span class='ocrx_word' id='word_1_250' title='bbox 435 3243 656 3329; x_wconf 84' lang='lat' dir='ltr'>philosophum,</span> <span class='ocrx_word' id='word_1_251' title='bbox 676 3242 827 3302; x_wconf 91' lang='lat' dir='ltr'>sublimem</span> <span class='ocrx_word' id='word_1_252' title='bbox 841 3247 958 3327; x_wconf 62' lang='lat' dir='ltr'>‘pariter</span> <span class='ocrx_word' id='word_1_253' title='bbox 990 3255 1119 3330; x_wconf 79' lang='lat' dir='ltr'>poetam,</span> <span class='ocrx_word' id='word_1_254' title='bbox 1150 3224 1316 3339; x_wconf 78' lang='lat' dir='ltr'>intelligere</span> 
     </span>
     <span class='ocr_line' id='line_1_28' title="bbox 87 3359 1318 3448; baseline 0.006 -23"><span class='ocrx_word' id='word_1_255' title='bbox 87 3380 182 3425; x_wconf 89' lang='lat' dir='ltr'>autem</span> <span class='ocrx_word' id='word_1_256' title='bbox 196 3363 281 3423; x_wconf 90' lang='lat' dir='ltr'>illum</span> <span class='ocrx_word' id='word_1_257' title='bbox 297 3362 439 3423; x_wconf 87' lang='lat' dir='ltr'>neminem</span> <span class='ocrx_word' id='word_1_258' title='bbox 456 3359 619 3420; x_wconf 85' lang='lat' dir='ltr'>mortalium</span> <span class='ocrx_word' id='word_1_259' title='bbox 638 3359 734 3438; x_wconf 90' lang='lat' dir='ltr'>magis.</span> <span class='ocrx_word' id='word_1_260' title='bbox 776 3359 811 3417; x_wconf 92' lang='lat' dir='ltr'>In</span> <span class='ocrx_word' id='word_1_261' title='bbox 827 3360 932 3440; x_wconf 91' lang='lat' dir='ltr'>quibus</span> <span class='ocrx_word' id='word_1_262' title='bbox 945 3361 1031 3423; x_wconf 91' lang='lat' dir='ltr'>dictis</span> <span class='ocrx_word' id='word_1_263' title='bbox 1045 3381 1142 3443; x_wconf 91' lang='lat' dir='ltr'>erant,</span> <span class='ocrx_word' id='word_1_264' title='bbox 1163 3391 1237 3448; x_wconf 87' lang='lat' dir='ltr'>quae</span> <span class='ocrx_word' id='word_1_265' title='bbox 1252 3395 1318 3437; x_wconf 87' lang='lat' dir='ltr'>non</span> 
     </span>
     <span class='ocr_line' id='line_1_29' title="bbox 87 3472 1317 3561; baseline -0.006 -21"><span class='ocrx_word' id='word_1_266' title='bbox 87 3481 225 3540; x_wconf 85' lang='lat' dir='ltr'>continuo</span> <span class='ocrx_word' id='word_1_267' title='bbox 242 3497 418 3557; x_wconf 88' lang='lat' dir='ltr'>assequerer:</span> <span class='ocrx_word' id='word_1_268' title='bbox 440 3495 506 3535; x_wconf 86' lang='lat' dir='ltr'>nem</span> <span class='ocrx_word' id='word_1_269' title='bbox 521 3474 658 3561; x_wconf 82' lang='lat' dir='ltr'>equidem</span> <span class='ocrx_word' id='word_1_270' title='bbox 676 3472 877 3535; x_wconf 89' lang='lat' dir='ltr'>devoraveram</span> <span class='ocrx_word' id='word_1_271' title='bbox 893 3478 1005 3557; x_wconf 68' lang='lat' dir='ltr'>poetas,</span> <span class='ocrx_word' id='word_1_272' title='bbox 1028 3480 1079 3541; x_wconf 90' lang='lat' dir='ltr'>scd</span> <span class='ocrx_word' id='word_1_273' title='bbox 1097 3484 1175 3561; x_wconf 89' lang='lat' dir='ltr'>quod</span> <span class='ocrx_word' id='word_1_274' title='bbox 1195 3484 1233 3545; x_wconf 93' lang='lat' dir='ltr'>de</span> <span class='ocrx_word' id='word_1_275' title='bbox 1249 3488 1317 3549; x_wconf 88' lang='lat' dir='ltr'>Pla.</span> 
     </span>
     <span class='ocr_line' id='line_1_30' title="bbox 85 3570 1317 3683; baseline 0.007 -28"><span class='ocrx_word' id='word_1_276' title='bbox 85 3610 151 3655; x_wconf 91' lang='lat' dir='ltr'>tone</span> <span class='ocrx_word' id='word_1_277' title='bbox 170 3612 350 3674; x_wconf 90' lang='lat' dir='ltr'>acceperam,</span> <span class='ocrx_word' id='word_1_278' title='bbox 364 3591 418 3650; x_wconf 91' lang='lat' dir='ltr'>boc</span> <span class='ocrx_word' id='word_1_279' title='bbox 435 3590 552 3683; x_wconf 67' lang='lat' dir='ltr'>rgpmori</span> <span class='ocrx_word' id='word_1_280' title='bbox 569 3603 681 3671; x_wconf 90' lang='lat' dir='ltr'>pectore</span> <span class='ocrx_word' id='word_1_281' title='bbox 701 3587 898 3656; x_wconf 87' lang='lat' dir='ltr'>recondebam.</span> <span class='ocrx_word' id='word_1_282' title='bbox 928 3570 1060 3653; x_wconf 80' lang='lat' dir='ltr'>Placebat</span> <span class='ocrx_word' id='word_1_283' title='bbox 1071 3577 1154 3656; x_wconf 87' lang='lat' dir='ltr'>enim</span> <span class='ocrx_word' id='word_1_284' title='bbox 1172 3600 1221 3659; x_wconf 94' lang='lat' dir='ltr'>hic</span> <span class='ocrx_word' id='word_1_285' title='bbox 1239 3592 1317 3665; x_wconf 85' lang='lat' dir='ltr'>nihi</span> 
     </span>
     <span class='ocr_line' id='line_1_31' title="bbox 85 3686 1317 3798; baseline 0.007 -28"><span class='ocrx_word' id='word_1_286' title='bbox 85 3711 285 3782; x_wconf 88' lang='lat' dir='ltr'>vehementer,</span> <span class='ocrx_word' id='word_1_287' title='bbox 300 3728 353 3765; x_wconf 92' lang='lat' dir='ltr'>nec</span> <span class='ocrx_word' id='word_1_288' title='bbox 371 3704 528 3786; x_wconf 61' lang='lat' dir='ltr'>quidquam</span> <span class='ocrx_word' id='word_1_289' title='bbox 547 3686 679 3787; x_wconf 79' lang='lat' dir='ltr'>optabam</span> <span class='ocrx_word' id='word_1_290' title='bbox 696 3704 799 3784; x_wconf 35' lang='lat' dir='ltr'>magi&amp;</span> <span class='ocrx_word' id='word_1_291' title='bbox 818 3726 903 3784; x_wconf 85' lang='lat' dir='ltr'>quam</span> <span class='ocrx_word' id='word_1_292' title='bbox 924 3721 955 3766; x_wconf 92' lang='lat' dir='ltr'>ut</span> <span class='ocrx_word' id='word_1_293' title='bbox 974 3691 1040 3768; x_wconf 86' lang='lat' dir='ltr'>talis</span> <span class='ocrx_word' id='word_1_294' title='bbox 1059 3711 1130 3770; x_wconf 91' lang='lat' dir='ltr'>mihi</span> <span class='ocrx_word' id='word_1_295' title='bbox 1148 3711 1317 3798; x_wconf 87' lang='lat' dir='ltr'>obtingeret</span> 
     </span>
     <span class='ocr_line' id='line_1_32' title="bbox 84 3818 1318 3908; baseline 0.006 -23"><span class='ocrx_word' id='word_1_296' title='bbox 84 3826 181 3886; x_wconf 92' lang='lat' dir='ltr'>divini</span> <span class='ocrx_word' id='word_1_297' title='bbox 208 3822 372 3904; x_wconf 90' lang='lat' dir='ltr'>philosophi</span> <span class='ocrx_word' id='word_1_298' title='bbox 401 3822 560 3908; x_wconf 80' lang='lat' dir='ltr'>interpres,</span> <span class='ocrx_word' id='word_1_299' title='bbox 579 3818 673 3900; x_wconf 90' lang='lat' dir='ltr'>qualis</span> <span class='ocrx_word' id='word_1_300' title='bbox 692 3819 788 3880; x_wconf 90' lang='lat' dir='ltr'>adhuc</span> <span class='ocrx_word' id='word_1_301' title='bbox 806 3819 951 3901; x_wconf 85' lang='lat' dir='ltr'>obtigisset</span> <span class='ocrx_word' id='word_1_302' title='bbox 968 3829 1114 3905; x_wconf 72' lang='lat' dir='ltr'>poctarum</span> <span class='ocrx_word' id='word_1_303' title='bbox 1133 3843 1264 3892; x_wconf 88' lang='lat' dir='ltr'>veterum</span> <span class='ocrx_word' id='word_1_304' title='bbox 1285 3850 1318 3897; x_wconf 86' lang='lat' dir='ltr'>ct</span> 
     </span>
     <span class='ocr_line' id='line_1_33' title="bbox 44 3915 1315 4027; baseline 0.005 -27"><span class='ocrx_word' id='word_1_305' title='bbox 44 3933 47 3937; x_wconf 36' lang='lat'><strong><em>⁵</em></strong></span> <span class='ocrx_word' id='word_1_306' title='bbox 82 3915 281 4000; x_wconf 84' lang='lat' dir='ltr'>recentiorum.</span> <span class='ocrx_word' id='word_1_307' title='bbox 322 3938 420 4016; x_wconf 90' lang='lat' dir='ltr'>ltaque</span> <span class='ocrx_word' id='word_1_308' title='bbox 438 3915 641 4016; x_wconf 88' lang='lat' dir='ltr'>gratummihi</span> <span class='ocrx_word' id='word_1_309' title='bbox 659 3934 808 3995; x_wconf 89' lang='lat' dir='ltr'>accidebat</span> <span class='ocrx_word' id='word_1_310' title='bbox 828 3934 1006 4027; x_wconf 86' lang='lat' dir='ltr'>dilectissimi</span> <span class='ocrx_word' id='word_1_311' title='bbox 1025 3941 1114 4020; x_wconf 89' lang='lat' dir='ltr'>patris</span> <span class='ocrx_word' id='word_1_312' title='bbox 1132 3944 1295 4008; x_wconf 89' lang='lat' dir='ltr'>consilium</span> <span class='ocrx_word' id='word_1_313' title='bbox 1305 3997 1315 4026; x_wconf 90' lang='lat'>,</span> 
     </span>
     <span class='ocr_line' id='line_1_34' title="bbox 82 4030 1316 4140; baseline -0.002 -26"><span class='ocrx_word' id='word_1_314' title='bbox 82 4070 113 4114; x_wconf 92' lang='lat' dir='ltr'>ut</span> <span class='ocrx_word' id='word_1_315' title='bbox 127 4030 329 4134; x_wconf 68' lang='lat' dir='ltr'>,lmstelodami</span> <span class='ocrx_word' id='word_1_316' title='bbox 347 4065 440 4110; x_wconf 91' lang='lat' dir='ltr'>uterer</span> <span class='ocrx_word' id='word_1_317' title='bbox 457 4050 676 4132; x_wconf 82' lang='lat' dir='ltr'>celebratissima</span> <span class='ocrx_word' id='word_1_318' title='bbox 696 4036 828 4110; x_wconf 85' lang='lat' dir='ltr'>Crassii</span> <span class='ocrx_word' id='word_1_319' title='bbox 846 4051 1042 4127; x_wconf 88' lang='lat' dir='ltr'>institutione,</span> <span class='ocrx_word' id='word_1_320' title='bbox 1062 4057 1169 4138; x_wconf 89' lang='lat' dir='ltr'>quippe</span> <span class='ocrx_word' id='word_1_321' title='bbox 1179 4064 1316 4140; x_wconf 83' lang='lat' dir='ltr'>conjun.</span> 
     </span>
     <span class='ocr_line' id='line_1_35' title="bbox 79 4141 1316 4249; baseline 0.002 -19"><span class='ocrx_word' id='word_1_322' title='bbox 79 4186 143 4245; x_wconf 90' lang='lat' dir='ltr'>cta,</span> <span class='ocrx_word' id='word_1_323' title='bbox 165 4171 207 4228; x_wconf 92' lang='lat' dir='ltr'>uti</span> <span class='ocrx_word' id='word_1_324' title='bbox 235 4188 415 4248; x_wconf 89' lang='lat' dir='ltr'>acceperam,</span> <span class='ocrx_word' id='word_1_325' title='bbox 434 4164 501 4227; x_wconf 74' lang='lat' dir='ltr'>&#39;&#39;cum</span> <span class='ocrx_word' id='word_1_326' title='bbox 525 4141 671 4226; x_wconf 89' lang='lat' dir='ltr'>Ciceronis</span> <span class='ocrx_word' id='word_1_327' title='bbox 690 4166 871 4244; x_wconf 79' lang='lat' dir='ltr'>et-antiquae</span> <span class='ocrx_word' id='word_1_328' title='bbox 890 4158 1222 4249; x_wconf 84' lang='lat' dir='ltr'>philosopliiae&#39;studio:</span> <span class='ocrx_word' id='word_1_329' title='bbox 1256 4182 1316 4243; x_wconf 74' lang='lat' dir='ltr'>sed</span> 
     </span>
     <span class='ocr_line' id='line_1_36' title="bbox 80 4260 1348 4366; baseline 0.009 -21"><span class='ocrx_word' id='word_1_330' title='bbox 80 4287 156 4346; x_wconf 86' lang='lat' dir='ltr'>ide&#39;m</span> <span class='ocrx_word' id='word_1_331' title='bbox 175 4260 246 4343; x_wconf 82' lang='lat' dir='ltr'>inihi</span> <span class='ocrx_word' id='word_1_332' title='bbox 266 4297 325 4341; x_wconf 88' lang='lat' dir='ltr'>erat</span> <span class='ocrx_word' id='word_1_333' title='bbox 343 4260 427 4362; x_wconf 74' lang='lat' dir='ltr'>longi</span> <span class='ocrx_word' id='word_1_334' title='bbox 444 4265 651 4362; x_wconf 77' lang='lat' dir='ltr'>gratissimum,</span> <span class='ocrx_word' id='word_1_335' title='bbox 673 4294 704 4339; x_wconf 92' lang='lat' dir='ltr'>ut</span> <span class='ocrx_word' id='word_1_336' title='bbox 723 4280 832 4348; x_wconf 88' lang='lat' dir='ltr'>aditum</span> <span class='ocrx_word' id='word_1_337' title='bbox 851 4281 924 4339; x_wconf 90' lang='lat' dir='ltr'>mihi</span> <span class='ocrx_word' id='word_1_338' title='bbox 938 4298 1036 4364; x_wconf 89' lang='lat' dir='ltr'>sponte</span> <span class='ocrx_word' id='word_1_339' title='bbox 1053 4287 1253 4366; x_wconf 87' lang='lat' dir='ltr'>praebiturum</span> <span class='ocrx_word' id='word_1_340' title='bbox 1269 4297 1314 4357; x_wconf 91' lang='lat' dir='ltr'>ad</span> <span class='ocrx_word' id='word_1_341' title='bbox 1334 4316 1348 4341; x_wconf 90' lang='lat'>··</span> 
     </span>
    </p>
   </div>
   <div class='ocr_carea' id='block_1_5' title="bbox 78 4396 1313 4491">
    <p class='ocr_par' dir='ltr' id='par_1_6' title="bbox 78 4396 1313 4491">
     <span class='ocr_line' id='line_1_37' title="bbox 78 4396 1313 4491; baseline 0.006 -33"><span class='ocrx_word' id='word_1_342' title='bbox 78 4402 239 4484; x_wconf 80' lang='lat' dir='ltr'>principem</span> <span class='ocrx_word' id='word_1_343' title='bbox 264 4397 346 4457; x_wconf 91' lang='lat' dir='ltr'>illum</span> <span class='ocrx_word' id='word_1_344' title='bbox 376 4396 502 4455; x_wconf 92' lang='lat' dir='ltr'>Platonis</span> <span class='ocrx_word' id='word_1_345' title='bbox 526 4397 730 4486; x_wconf 74' lang='lat' dir='ltr'>interpretem,</span> <span class='ocrx_word' id='word_1_346' title='bbox 751 4417 835 4475; x_wconf 89' lang='lat' dir='ltr'>quem</span> <span class='ocrx_word' id='word_1_347' title='bbox 850 4397 910 4474; x_wconf 87' lang='lat' dir='ltr'>jam</span> <span class='ocrx_word' id='word_1_348' title='bbox 936 4396 997 4466; x_wconf 85' lang='lat' dir='ltr'>dies</span> <span class='ocrx_word' id='word_1_349' title='bbox 1017 4415 1168 4491; x_wconf 70' lang='lat' dir='ltr'>noctesque</span> <span class='ocrx_word' id='word_1_350' title='bbox 1193 4409 1313 4488; x_wconf 83' lang='lat' dir='ltr'>cogita-</span> 
     </span>
    </p>
   </div>
   <div class='ocr_carea' id='block_1_6' title="bbox 0 0 1402 5048">
    <p class='ocr_par' dir='ltr' id='par_1_7' title="bbox 0 0 1402 5048">
     <span class='ocr_line' id='line_1_38' title="bbox 0 0 1402 5048; baseline 0 6"><span class='ocrx_word' id='word_1_351' title='bbox 0 0 1402 5048; x_wconf 95' lang='lat' dir='ltr'> </span> 
     </span>
    </p>
   </div>
  </div>
 </body>
</html>
