2796 5048
689 235 749 295 475

90 395 146 456 huc
174 396 213 456 de
246 418 276 455 re
295 398 464 457 'sententias
492 417 578 479 supra
606 400 755 462 attulimus
778 397 1215 482 1):htcve1·0nobiseffasum
1238 396 1332 476 philo·

90 495 196 576 sophi,
226 494 305 574 quod
331 497 459 555 omnium
485 499 684 576 gravissimum
715 513 773 575 est,
795 496 1006 559 attendendum
1032 497 1065 556 in
1085 497 1187 577 primis
1206 495 1331 555 videtur.

54 619 59 627 ·
89 593 142 653 Est
163 592 243 653 illud
263 593 437 671 hujusmodi.
463 617 478 650 ι(
491 590 536 656 To*
550 591 591 678 elsi
611 592 826 679 φυλακτήριον,
849 599 909 673 ait,
935 589 1072 657 ἐνταῦθά
1095 617 1153 654 που
1172 593 1333 672 οἷκοὸομη-

89 680 160 752 rior
178 695 241 766 τοῖς
258 686 396 773 φύλαξιν,
416 689 448 756 ἓν
463 699 600 785 μουσικῇ.
647 694 696 761 ‘H
710 699 768 782 γάρ
787 696 957 783 παρανομία
979 695 1091 783 ῥᾳδίως
1111 690 1332 758 λανθάνειπα-

50 820 53 825 ·
87 789 273 876 ραδυομένη·
293 822 328 832 ·-
344 793 419 858 κατοί
438 798 562 884 σμικρόν
584 798 814 886 εἰσοικισαμένη,
837 797 937 886 ἠρέμα
957 795 1082 883 ὑπορρεῖ
1102 791 1179 879 πρός
1201 797 1238 861 cei
1263 793 1331 884 ἤθη

85 918 120 958 τε
147 896 198 958 καὶ
221 892 258 957 coi
283 888 513 981 ἐπιτηδεύματα·
537 898 569 964 iu
591 901 626 966 de*
646 900 762 967 τούτων
780 905 821 981 εἰς
841 901 880 967 rei
900 899 978 988 πρός
995 897 1141 984 ἀλλήλους
1167 897 1333 983 {oppilata

87 996 207 1078 μείζων
232 993 362 1078 ἐκβαίνει·
390 997 421 1064 ἔκ
445 999 481 1066 δι’
500 997 541 1087 dei
561 1007 621 1068 τῶν
640 1007 828 1088 ξυμβολαίιον
847 1001 967 1089 ἔρχεται
992 1001 1040 1067 ἐπὶ
1061 1000 1131 1079 τους
1152 999 1265 1083 νόμους
1283 1007 1333 1069 καὶ

85 1098 238 1174 πολιτείας
258 1098 312 1163 οὑν
333 1105 431 1191 πολλῇ
450 1102 592 1195 α’σελγείρι
613 1106 671 1187 ἕως
693 1107 731 1174 clo
747 1111 912 1173 τελευτῶσα
931 1104 1029 1171 πάντα
1047 1106 1111 1193 ἰδίᾳ
1129 1106 1179 1168 καὶ
1199 1107 1332 1195 δημοσίᾳ

85 1197 259 1289 ἀνατρέψῃ·
277 1227 336 1264 ure
357 1214 462 1288 igitur
484 1213 525 1270 ad
546 1236 643 1274 meres
656 1217 893 1297 propugnandae
914 1217 998 1273 bonas
1017 1215 1067 1271 tte
1085 1213 1237 1300 condenda
1259 1235 1331 1271 cus-

85 1308 210 1366 todibus
236 1312 350 1365 uostris
379 1318 443 1384 est,
474 1317 509 1368 in
536 1321 662 1374 musica.
704 1312 786 1373 Nam
813 1317 913 1395 legum
939 1315 1127 1392 negligentia
1155 1332 1329 1389 morumque

82 1413 231 1483 pravitas
249 1406 378 1503 olam0et
389 1408 492 1482 facile
517 1419 675 1487 surrepit:
696 1421 808 1471 sensim
831 1411 1042 1490 paulatimque
1060 1417 1093 1468 in
1117 1432 1167 1468 res
1178 1412 1329 1486 familia-

85 1525 139 1563 res
157 1526 187 1562 se
205 1510 386 1578 insinuans,
406 1511 440 1562 in
458 1528 554 1567 setores
572 1517 669 1587 serpit
687 1521 717 1568 ct
737 1514 840 1570 studia
851 1558 858 1586 ,
880 1534 916 1571 ea·
936 1513 985 1569 lois
1002 1512 1139 1587 deinceps
1159 1510 1199 1567 acl
1217 1519 1327 1568 mutuo

84 1608 267 1662 commercia
284 1604 438 1679 procedit,
459 1615 556 1686 magio
576 1617 733 1689 magisque
757 1617 987 1692 ingravescens,
1009 1618 1075 1666 tum
1096 1615 1241 1684 pervenit
1258 1609 1329 1665 istnc

84 1702 130 1758 ad
157 1702 236 1781 leges
263 1710 293 1758 et
316 1705 502 1779 respublicae
520 1727 632 1786 magua
652 1730 720 1766 cum
735 1711 912 1785 petulantia
932 1719 962 1767 et
980 1710 1127 1781 lascivia,
1148 1707 1236 1765 donec
1256 1717 1329 1764 tan-

83 1798 156 1858 dem
171 1807 322 1878 privatim
331 1803 509 1881 publiceque
528 1812 629 1862 omnia
644 1817 832 1883 pervertat.»
856 1805 889 1888 2)
984 1836 994 1855 ·

191 1993 249 2054 De
272 2007 551 2077 gymnastico
578 2003 795 2061 custodum
821 2006 1077 2063 educationi
1102 2012 1222 2059 recte

582 2102 835 2162 adhibenda.

128 2286 196 2347 Tali
217 2289 305 2370 igitur
329 2313 396 2351 cum
414 2293 539 2352 musicae
558 2309 619 2355 tum
639 2311 815 2357 caeterarum
835 2297 942 2357 artium
960 2294 1056 2355 studio
1076 2293 1189 2376 vigebit
1209 2293 1331 2368 civitas⁷

86 2407 189 2466 quam·
203 2387 329 2449 condere
357 2390 523 2471 coepimus,
554 2414 643 2473 eoque
679 2397 769 2476 magis
799 2411 827 2456 et
858 2395 967 2475 uigebit
994 2407 1022 2454 et
1049 2395 1176 2475 perfecta
1199 2392 1331 2451 moribus

84 2484 160 2558 erit,
193 2506 249 2564 quo
277 2485 450 2569 diligentius
478 2491 611 2551 custodes
630 2506 758 2568 nostros,
780 2515 850 2572 quos
871 2494 982 2575 praeire
1003 2492 1123 2552 caeteris
1143 2490 1259 2552 civibus
1281 2490 1333 2549 de-

84 2574 152 2657 cst,
183 2584 223 2642 sic
253 2585 474 2648 instituerimus.
516 2587 573 2648 Sed
600 2593 726 2649 musicae
756 2589 873 2651 accedat
901 2590 1077 2672 gymnastice
1103 2601 1223 2672 oportet
1266 2589 1333 2646 Hac

84 2681 165 2740 enim
197 2703 212 2740 a
233 2685 340 2743 teneris
359 2705 412 2765 per
433 2699 522 2745 totam
540 2684 679 2769 deinceps
699 2690 789 2750 vitam
809 2687 993 2748 exercitandi
1010 2695 1113 2747 erunt
1133 2684 1335 2759 «.1daute1n,.

85 2779 129 2837 ait
155 2779 303 2857 Socrates,
333 2783 374 2842 ite
393 2803 422 2842 se
449 2783 537 2844 habet
562 2784 790 2863 quodammodo,
813 2800 844 2846 ut
868 2787 990 2867 opinor:
1013 2783 1212 2844 animadveite
1233 2797 1262 2842 et
1280 2796 1313 2842 tu
1323 2806 1334 2841 τ·

85 2874 158 2955 ἐμοὶ
174 2871 230 2956 μὲν
250 2868 310 2960 peip
330 2874 367 2940 oei
389 2877 521 2961 molescat
531 2928 542 2957 ,
565 2877 585 2942 i
604 2875 641 2942 oio
652 2877 827 2972 χρηστδνῇ
843 2883 933 2964 σῶμα
939 2932 949 2959 ,
967 2882 1056 2945 τοῦτο
1071 2881 1112 2969 τῇ
1127 2876 1221 2942 αὐτοῦ
1238 2875 1333 2966 οἷρετῇ

85 2972 196 3059 ψυχήν
219 2973 343 3062 dyadis
365 2985 473 3058 ποιεῖν,
506 2977 580 3044 itti
602 2980 784 3066 τούναντίον,
814 2982 904 3070 daupei
926 2977 1033 3069 oiyudsi
1057 2985 1099 3072 τῇ
1121 2977 1214 3065 αὐτῆς
1236 2977 1335 3069 decep

86 3078 182 3160 σῶμα
198 3074 275 3164 παρὲ
274 3105 340 3163 χειν
353 3075 395 3158 αἷς
408 3075 503 3145 οἷόντε
521 3079 686 3165 βέλτιστον·
713 3092 791 3149 mihi
819 3097 900 3149 enim
927 3113 985 3149 ιιοπ
1009 3091 1129 3148 videtur
1159 3087 1236 3165 quod
1259 3089 1333 3146 lene

85 3206 118 3244 se
150 3184 237 3243 habet
260 3207 384 3263 carpus,
406 3187 457 3246 lucc
477 3210 533 3246 sua
552 3198 670 3250 virtute
690 3199 827 3249 animum
848 3189 964 3270 efficere
985 3190 1110 3261 bonum,
1132 3186 1184 3244 sed
1202 3194 1329 3259 contra,

86 3284 180 3341 bonus
205 3290 328 3343 animus
354 3306 410 3342 suo
436 3292 499 3362 ipse
526 3295 644 3348 virtute
672 3313 796 3369 corpus,
817 3290 914 3368 quoad
942 3295 1010 3366 ejus
1022 3287 1102 3362 ,fieri
1115 3291 1215 3362 potest
1223 3327 1232 3355 ,
1249 3289 1332 3358 cpti-

86 3403 172 3439 mum
192 3384 302 3443 reddit.
341 3381 414 3441 Tibi
430 3404 498 3443 vero
517 3386 590 3463 quid
604 3386 746 3448 videtur?
767 3418 802 3427 -
820 3387 903 3446 Idem
923 3407 991 3444 sane
1012 3405 1044 3443 ac
1063 3382 1119 3442 tibi
1139 3377 1181 3459 3).
1201 3405 1236 3416 ·-
1253 3378 1330 3458 Ergo

86 3478 145 3537 rite
173 3500 238 3538 cum
263 3479 372 3539 musici
401 3484 588 3562 temperanda
611 3487 788 3565 gymnastico
816 3486 890 3560 erit,
921 3504 974 3542 nec
1004 3500 1072 3540 vero
1098 3479 1137 3538 ita
1159 3477 1332 3536 existimen-

87 3573 160 3635 dum
172 3621 182 3651 ,
212 3591 243 3635 ut
270 3577 358 3657 vulgo
379 3580 564 3655 existimant,
592 3583 674 3661 quasi
701 3582 790 3640 altera
820 3582 923 3640 harum
953 3578 1059 3638 actium
1088 3596 1209 3656 corpus,
1241 3575 1331 3633 altera

83 3675 216 3732 animum
245 3675 425 3736 solummodo
451 3693 568 3759 spectet.
619 3680 746 3740 Videtur
777 3693 895 3759 utraque
924 3676 1014 3737 animi
1040 3676 1073 3734 in
1101 3674 1202 3755 primis
1231 3670 1330 3731 caussi

84 3771 240 3832 tractanda
268 3795 338 3834 esse.
358 3775 474 3850 -Quo
503 3781 608 3859 pacto?
631 3783 731 3838 -An
758 3800 818 3838 non
844 3777 946 3854 vides,
974 3796 1029 3855 qua
1061 3774 1121 3833 sint
1139 3773 1244 3831 mentis
1264 3792 1330 3828 cou-

82 3974 86 3983 ι
105 3966 364 3985 -υ--ι--υ-Δ-αι-ι

122 4093 134 4144 1
166 4086 228 4145 lu'‘
280 4133 288 4147 .
342 4133 350 4148 .

121 4092 423 4250 2iDihliepi18llAE24.
443 4183 473 4234 D.
509 4184 601 4238 Totum
620 4188 687 4240 hunc
712 4190 794 4242 locum
816 4188 850 4240 de
872 4191 983 4240 musicae
1010 4189 1036 4236 iu
1054 4186 1182 4236 civitatem
1208 4181 1233 4231 vi
1254 4178 1332 4246 plene

86 4272 213 4339 explicuit
235 4274 311 4326 Deos
340 4277 399 4326 Tea·
422 4279 486 4344 disp.
516 4275 546 4323 de
573 4275 599 4323 oi
622 4277 725 4326 σταιτίτας
754 4277 789 4326 ad
816 4275 975 4326 excolendum
1009 4272 1142 4331 hominum
1171 4265 1325 4334 praeturum

86 4375 114 4427 p.
133 4355 168 4407 34
186 4367 212 4408 et
230 4357 289 4409 132.

126 4439 158 4505 3)
176 4443 240 4495 Eod.
257 4442 301 4494 ΙΙΙ.
320 4441 380 4496 403.
399 4443 430 4497 D.
