2796 5048
667 210 729 270 370

77 382 159 439 illico
176 378 436 457 quaesiuitabiis,
452 394 601 454 quasnam
620 381 759 455 oio-pines
769 375 926 449 foonsosas
944 375 1105 433 haberant.
1152 372 1210 433 Ita·
1224 386 1310 433 amon

77 485 184 539 statim
197 476 346 535 bominem
356 475 549 533 deducerunt
569 480 603 530 in
609 474 804 550 palaestram
814 515 823 547 ,
841 481 932 551 atquo
949 480 979 531 si
992 492 1111 552 pueros
1129 474 1314 532 ostenderunt

78 574 491 655 multos,magnapraoditos
509 573 671 653 dignitato.
694 570 818 629 Etenim
828 572 954 649 quodam
974 581 1111 649 tompore
1134 570 1317 633 Crotoniates

79 675 210 735 multum
228 675 363 732 munibus
380 693 536 751 corporum
555 674 673 730 viribus
692 679 721 728 et
737 672 942 751 dignitatibus
960 679 1218 744 antesteterunt,
1242 680 1319 751 atquo

78 775 303 833 honestissimos
314 793 349 828 os
366 778 506 851 gymnico
525 776 693 828 certamino
708 775 853 827 victorias
865 769 984 827 domum
994 790 1067 826 cum
1076 776 1224 827 maxima
1243 772 1320 829 toea

80 871 266 930 retulerunt.
299 866 398 946 Quum
413 888 583 946 puerorum
603 875 705 947 igitur
714 870 842 949 sormas
860 876 1024 945 etcorpora
1040 888 1160 948 magno
1180 868 1231 927 liic
1249 888 1321 946 epm

85 976 276 1026 miraretur:
296 966 423 1039 lloruns,
434 973 583 1044 inquiunt
594 966 655 1039 illi,
666 986 781 1023 sorores
791 975 864 1023 sunt
873 968 956 1041 apud
971 987 1024 1023 nos
1035 972 1196 1046 virgines.
1220 965 1319 1047 Qum,

79 1087 139 1143 qua
159 1072 223 1124 sint
242 1066 316 1122 illue
335 1065 507 1144 dignitate,
521 1073 653 1140 potesse
673 1064 722 1121 liis
741 1070 905 1140 suspicari.
950 1062 1096 1123 Praebete
1120 1072 1232 1147 igitur
1240 1068 1320 1139 mitt,

79 1186 202 1243 quaeso,
221 1170 342 1240 inquit,
362 1184 397 1219 oa
417 1169 488 1220 istis
508 1164 930 1242 virginibusformosissimas
940 1207 949 1237 ,
967 1161 1040 1220 dum
1059 1170 1162 1246 pingo
1184 1166 1238 1240 id,
1256 1166 1322 1244 pusi

77 1264 233 1341 pollicitus
263 1282 330 1320 sum
359 1263 454 1336 cobis,
484 1270 520 1318 ut
539 1270 659 1318 mutum
678 1268 712 1317 in
739 1261 942 1318 simulacrum
969 1282 1006 1318 sc
1033 1264 1181 1321 animali
1201 1264 1321 1341 exemplo

81 1369 197 1421 ceritas
215 1361 441 1434 transferatur.
489 1359 567 1417 Tum
599 1358 792 1418 Crotoniatae
803 1404 811 1432 ,
826 1360 945 1435 publico
965 1360 1000 1416 de
1019 1362 1156 1421 consilio'
1166 1406 1176 1436 ,
1197 1370 1322 1443 uirgines

79 1465 228 1517 nnumin
248 1458 344 1515 locum
364 1457 591 1531 conducerunt,
616 1467 646 1514 et
660 1465 792 1533 pictori,
819 1477 894 1535 quas
912 1457 1018 1531 uellet,
1040 1459 1187 1538 eligendi
1204 1469 1322 1537 patesta-

81 1569 142 1617 tom
161 1557 318 1615 dederunt.
362 1554 422 1612 Ille
442 1566 545 1613 autem
565 1563 697 1634 quinque
712 1557 844 1637 delegit:
865 1576 997 1633 quarum
1013 1565 1148 1615 nomina
1165 1560 1261 1617 multi
1266 1569 1321 1637 poi

82 1664 132 1713 tae
150 1660 311 1713 memoriae
332 1655 549 1727 tradiderunt,
570 1655 648 1732 quod
666 1660 734 1730 ejus
760 1662 857 1713 essent
876 1654 999 1728 judicio
1024 1657 1198 1732 probatae,
1213 1663 1268 1735 qui
1281 1680 1322 1715 ss-

82 1761 240 1814 rissimum
255 1752 484 1831 pulcritudinis
505 1753 612 1812 babere
623 1755 782 1829 judicium
809 1755 965 1812 debuisset.
1007 1749 1114 1831 Neque
1135 1762 1223 1814 enim
1235 1766 1323 1834 putc-

82 1860 146 1926 oit,
167 1858 285 1925 omniu,
306 1872 381 1930 quoe
402 1863 564 1931 quaereret
584 1853 624 1910 ad
644 1861 851 1926 venustatem,
869 1873 928 1909 uno
944 1856 978 1907 in
997 1871 1123 1927 empore
1143 1875 1177 1911 ss
1196 1862 1322 1935 repertos

81 1969 183 2027 passe:
205 1950 269 2006 ideo
290 1951 366 2027 quod
389 1951 472 2008 nibil
479 1996 488 2025 ,
518 1952 652 2029 simplici
670 1957 704 2008 in
732 1971 863 2030 genere,
890 1951 1024 2009 omnibus
1041 1971 1081 2007 su
1095 1955 1251 2027 partibus
1262 1976 1322 2034 per·

75 2048 199 2121 sectum
219 2056 338 2105 notura
358 2050 510 2125 expolivit.
553 2049 664 2127 Itaque
693 2059 841 2126 tanquam
868 2054 998 2107 caeteris
1024 2070 1085 2106 non
1114 2056 1165 2108 sit
1185 2052 1321 2111 liabiturs

83 2146 160 2224 quod
178 2146 358 2225 largiatur,
379 2154 407 2204 si
426 2155 482 2204 uni
501 2157 612 2204 cuncta
630 2155 828 2222 concesserit,
849 2148 937 2206 aliud
956 2147 1014 2203 alii
1032 2150 1208 2226 commodi,
1233 2153 1322 2231 olipu

87 2245 233 2319 adjuncto
252 2245 450 2317 incommodo,
470 2252 665 2304 muneratur.
690 2242 719 2324 l)
1047 2249 1052 2257 '

124 2338 273 2397 Praeclare
290 2339 342 2397 ille
361 2351 389 2396 ct
408 2339 636 2420 elegantissime:
663 2363 836 2421 quamquam
865 2335 1054 2425 παράδειγμα
1078 2344 1236 2423 Platonis,
1254 2346 1321 2429 quod

85 2437 142 2517 ipsi
163 2435 352 2495 tribuendum
372 2437 491 2516 ingenio
511 2437 631 2498 artificis
650 2453 709 2514 cst,
729 2442 762 2500 in
773 2446 975 2504 venustissima
995 2445 1202 2526 descriptione
1217 2445 1318 2508 deside·

84 2553 190 2595 ramus.
233 2536 308 2593 Tum
325 2533 442 2594 demum
463 2536 540 2596 idem
551 2537 651 2597 Cicero
671 2537 849 2599 Platonicam
870 2543 1100 2621 sublimitatem,
1122 2560 1159 2607 ut
1182 2568 1269 2630 supra
1284 2545 1319 2605 si·

84 2629 198 2707 dimus,
217 2634 357 2712 expressit
375 2634 480 2714 plene,
510 2655 600 2713 quum
629 2637 691 2716 ipse
715 2650 811 2716 postea
840 2642 997 2720 perfectam
1021 2646 1157 2705 Oratoris
1188 2645 1319 2729 speciem,

85 2733 187 2808 qualis
202 2754 360 2812 nunquam
372 2735 510 2809 suisset,
530 2734 649 2814 pictoris
667 2748 716 2793 aut
744 2739 875 2796 statuarii
901 2740 992 2801 instar
1011 2743 1208 2807 informabat.
1256 2746 1320 2805 Tun

86 2827 123 2888 de
143 2829 248 2890 Phidia
269 2833 421 2913 usurpavit
451 2830 543 2890 illud:
566 2829 627 2889 Noc
648 2853 716 2891 cero
743 2835 796 2891 illo
814 2840 954 2913 ortissu,
983 2862 1076 2918 quum
1096 2843 1320 2918 faceret-losio

78 2928 218 3002 formam
229 2938 286 2987 aut
302 2929 474 3004 Mineruae,
485 2931 745 3006 contemplabatur
754 2934 886 3010 aliquem
896 2981 904 3009 ,
915 2958 930 2994 e
949 2938 1004 3016 q'uo
1014 2941 1260 3003 similitudinem
1275 2942 1318 2999 to·

88 3034 187 3098 caret,
206 3028 256 3084 sed
271 3035 370 3104 ipsius
386 3035 421 3085 in
439 3037 537 3086 mente
554 3029 704 3087 insidebat
732 3040 844 3107 species
860 3036 1088 3110 pulcritudinis
1107 3048 1229 3100 eximia
1244 3060 1319 3121 quos·

88 3123 175 3196 dam,
196 3144 286 3200 quam
305 3132 446 3201 intuens,
474 3135 508 3185 in
530 3148 622 3204 eaque
641 3128 775 3202 defluus,
805 3132 845 3189 ud
864 3134 953 3192 illius
973 3138 1217 3199 similitudinem
1235 3150 1319 3199 arton

86 3228 116 3276 et
135 3239 260 3278 manum
279 3224 439 3302 dirigebat.
463 3222 494 3304 2)
537 3225 659 3303 Ingenio
678 3226 766 3306 plane
786 3249 857 3309 opus
879 3246 939 3291 erat
950 3278 959 3307 ,
975 3234 1060 3312 quale
1082 3237 1241 3299 Ciceronis
1258 3238 1319 3307 luit,

87 3316 125 3376 ad
142 3331 219 3376 recte
237 3319 456 3405 percipiendam
484 3321 613 3381 Platonis
638 3322 675 3382 dc
693 3323 767 3384 ideis
795 3330 987 3390 sententiam:
1017 3333 1098 3412 quod
1119 3352 1153 3394 eo
1176 3337 1238 3397 fuit
1255 3334 1319 3397 omni

87 3428 215 3497 tempore
236 3414 409 3494 difficilius,
430 3441 487 3498 quo
506 3419 660 3480 sublimior
675 3421 745 3481 haec
766 3438 808 3484 est
818 3470 826 3500 ,
846 3448 958 3507 quoque
974 3431 1160 3510 frequentius
1176 3434 1263 3496 Plato
1272 3436 1320 3517 ipat

87 3512 191 3573 iisdem
211 3514 333 3576 vocibus
351 3515 409 3575 alia
429 3516 571 3598 longeque
593 3517 709 3581 diversa
729 3509 924 3602 significavit:
956 3528 1053 3607 itaque
1072 3552 1129 3591 nec
1148 3546 1232 3594 recte
1248 3531 1320 3594 intel·

87 3609 161 3670 lecta
181 3612 217 3670 ab
237 3613 373 3673 omnibus
393 3618 454 3694 ejus
471 3619 615 3676 sententia
636 3618 723 3678 estet
743 3621 842 3681 multis
864 3623 1026 3705 displicuit.

128 3706 186 3767 Sed
205 3725 350 3789 praeterea
375 3713 407 3771 in
428 3714 499 3794 ipsis
518 3713 643 3774 subinde
662 3716 829 3798 philosophi
853 3722 968 3802 scriptis
987 3723 1050 3783 loca
1067 3724 1106 3801 de
1127 3726 1208 3791 ideis
1230 3754 1320 3793 mcor-

87 3819 175 3881 runt,
195 3827 287 3885 quae,
308 3810 365 3867 nisi
384 3831 422 3870 ex
441 3812 503 3892 ipsa
531 3814 655 3890 auctoris
675 3830 770 3875 mente
799 3820 1002 3898 explicentur,
1032 3824 1153 3906 inepta,
1174 3851 1216 3889 ne
1237 3830 1320 3890 dicon

87 3902 212 3965 absurda
243 3905 393 3966 continere
423 3907 589 3970 videantur.
633 3913 668 3970 ln
689 3913 795 3992 quibus
813 3916 865 3974 ille
885 3922 1052 3999 pracsertim
1072 3923 1320 3989 loeuscensendss

87 4015 145 4077 est,
173 4024 259 4083 quem
284 4025 369 4085 supra
398 4009 635 4083 memoravimus,
669 4010 720 4070 ubi
752 4013 844 4073 lectus
874 4030 903 4075 et
923 4038 1019 4079 mensa
1049 4023 1137 4083 ideas
1166 4025 1318 4100 dicuntur,

122 4227 150 4292 l)
170 4227 223 4282 cic.
243 4231 274 4282 de
288 4232 383 4283 lucent.
404 4231 434 4282 ll.
455 4232 478 4282 1.

122 4311 153 4371 2)
173 4314 209 4361 ld.
229 4316 299 4366 Orat.
319 4334 340 4367 c.
361 4316 385 4367 2.
