2796 5048
674 235 734 296 4113

85 401 225 461 memoria
252 411 281 457 et
310 417 369 456 esse
400 418 469 457 vero
497 399 614 457 nomine
645 397 779 455 selectim
806 395 972 476 poterimus.
1015 389 1050 451 ld
1080 409 1162 471 agere
1190 409 1320 470 perseve-

84 511 156 559 rant
186 496 329 577 hodieque
348 496 406 554 rari
425 495 490 570 illi,
513 517 584 574 quos
603 494 784 576 significavi,
812 493 863 552 sed
882 491 1010 572 germani
1031 487 1218 571 philosophi,
1249 507 1320 566 quos

84 597 121 657 in
147 596 251 675 primis
275 592 437 654 audiendos
463 606 581 674 putem,
614 606 760 673 aguntque
787 591 941 650 maximam
967 602 1078 670 partem
1105 585 1234 660 eruditi,
1253 585 1322 664 qui,

81 695 222 775 quamvis
241 690 321 751 haud
340 691 525 773 appellentur
544 690 732 772 philosophi,
750 689 924 771 philosopha
945 688 1056 748 ratione
1076 685 1175 745 literas
1195 698 1222 743 et
1242 704 1322 743 suam

79 793 197 873 quique
214 791 376 852 doctrinam
395 803 522 850 tractant
540 788 744 868 excoluntque.
787 787 898 865 Quodsi
918 787 995 847 viam
1012 803 1197 862 normamque
1208 781 1322 845 deside·

80 911 203 965 ramus,
223 911 297 970 qua,
317 890 350 948 in
368 889 569 970 philosophiae
589 888 706 962 studio,
725 887 764 947 ad
783 907 859 948 nova
877 882 1076 956 invenienda,
1096 903 1169 961 quae
1188 894 1322 962 expetere

79 988 275 1051 vehementer
295 986 426 1047 homines
444 987 557 1061 solent,
587 984 776 1067 procedamus
792 999 887 1059 recte,
916 982 950 1043 id
965 981 1101 1043 suadeam
1120 979 1321 1061 philosophis,

78 1085 166 1167 quod
184 1085 385 1146 commendare
404 1105 450 1144 me
466 1086 498 1144 in
513 1085 711 1166 superioribus
732 1085 866 1159 memini,
888 1096 920 1142 ut
935 1082 1102 1163 priusquam
1112 1099 1230 1138 manum
1240 1076 1321 1157 operi

78 1184 275 1259 admoveant,
296 1183 472 1244 erudiendos
491 1204 550 1243 sese
571 1184 641 1264 ipsis
662 1182 865 1265 philosophiae
883 1179 1068 1263 parentibus,
1090 1177 1200 1237 Socrati
1215 1189 1244 1234 et
1257 1175 1321 1233 Pla·

78 1283 168 1358 toni,
189 1281 323 1341 tradant:
350 1303 407 1360 qno
428 1281 545 1340 facilius
565 1283 748 1360 certiusque,
773 1282 807 1339 in
827 1281 881 1340 hac
902 1279 1013 1339 scilicet
1031 1298 1099 1336 vera
1119 1272 1321 1356 philosophiae

79 1378 185 1440 schola
205 1379 327 1455 eruditi,
348 1393 377 1440 et
395 1400 472 1439 nova
486 1380 660 1454 inveniant,
679 1401 751 1458 quae
770 1379 919 1439 verissima
938 1378 1016 1453 sint,
1036 1388 1065 1435 et
1083 1388 1147 1454 apte
1165 1371 1235 1431 haec
1250 1384 1319 1429 tem·

79 1477 207 1560 poribus
234 1480 340 1538 nostris
358 1477 583 1537 accommodent.
625 1477 673 1537 Sic
695 1476 806 1536 scilicet
825 1477 946 1556 aggressi
966 1496 1039 1557 opus
1058 1473 1148 1533 iidem
1168 1470 1214 1529 illi
1234 1482 1317 1544 sunt,

79 1576 135 1656 qui
156 1577 264 1656 optime
282 1575 475 1656 praecedente
492 1575 607 1635 saeculo
622 1575 659 1635 de
678 1574 863 1657 philosophia
881 1575 1002 1635 fuerunt
1018 1571 1125 1632 meriti.

124 1674 207 1748 Quae
226 1693 292 1731 cum
308 1673 406 1732 animo
424 1672 573 1734 volverem
591 1672 720 1751 mihique
740 1674 773 1732 in
792 1673 855 1733 dies
872 1673 973 1752 magis,
993 1669 1148 1730 scribendo
1157 1667 1212 1727 hoc
1223 1686 1319 1748 opere,

79 1771 236 1855 probarem
257 1791 289 1829 ac
310 1770 530 1851 persuaderem,
549 1773 589 1830 sic
609 1772 793 1847 existimavi,
812 1769 1032 1831 instaurandam
1049 1767 1096 1827 his
1109 1768 1234 1826 maxime
1248 1779 1317 1824 tem·

79 1869 206 1951 poribus
224 1889 284 1927 esse
301 1869 451 1949 antiquam
461 1869 650 1945 Graecorum,
666 1871 833 1952 praesertim
852 1868 1076 1929 Platonicam
1093 1863 1317 1947 philosophiam.

79 1969 156 2029 Nam
184 1967 365 2027 Platonicam
383 1989 449 2027 cum
468 1968 683 2050 philosophiam
701 1968 840 2043 dicimus,
858 1989 919 2028 non
936 1967 1024 2027 unius
1043 1963 1240 2047 significamus
1259 1961 1318 2021 viri

79 2066 145 2129 sive
170 2065 279 2146 placita
308 2066 370 2126 sive
390 2066 553 2126 doctrinam
565 2091 573 2142 3
602 2068 729 2148 ipsorum
749 2067 873 2128 dicimus
893 2066 1067 2126 Graecorum
1085 2059 1319 2144 philosophiam,

79 2186 99 2225 a
125 2164 272 2245 poetisne
294 2163 475 2245 philosophis
495 2166 656 2244 antiquitus
675 2166 754 2247 apud
773 2166 841 2225 illos
858 2164 1021 2247 proditam,
1050 2184 1066 2220 a
1087 2160 1202 2221 Socrate
1222 2172 1317 2217 autem

79 2276 113 2322 et
140 2262 261 2321 Platone
290 2262 328 2322 ad
355 2263 449 2344 ipsum
477 2262 623 2323 hominem
651 2264 882 2344 cognoscendum
903 2263 1025 2323 interius
1051 2257 1317 2341 perficiendumque

79 2358 256 2420 adhibitam.
290 2361 355 2420 Non
376 2362 453 2421 enim
474 2381 510 2420 ex
529 2381 627 2420 eornm
648 2384 767 2434 numero
787 2363 868 2423 Plato
887 2375 964 2437 erat,
982 2358 1110 2440 qui-sibi
1131 2358 1200 2417 solis
1220 2378 1248 2417 se
1267 2353 1316 2416 de·

79 2458 152 2518 here
178 2459 292 2533 omnia,
320 2480 353 2518 ac
380 2459 454 2518 solos
475 2459 580 2518 iccirco
599 2480 628 2519 se
649 2482 748 2541 sapere
767 2475 914 2542 putarent.
956 2460 1089 2519 lmhutus
1108 2457 1159 2518 ille
1180 2457 1316 2515 informa·

80 2569 189 2635 tuaque
220 2555 365 2615 Socratica
394 2557 598 2632 institutione,
627 2572 789 2640 susceperat
818 2559 904 2618 simul
925 2559 1023 2617 animo
1042 2554 1187 2634 quidquid
1206 2548 1321 2628 Ionici,

78 2650 229 2728 Eleatici,
257 2654 430 2734 Pythagorei
460 2653 648 2736 philosophi,
688 2656 835 2736 quidquid
856 2656 927 2716 adeo
948 2660 1048 2737 poetae
1078 2653 1172 2733 epici,
1212 2650 1320 2730 lyrici,

77 2751 204 2831 tragici,
235 2751 443 2832 scriptoresque
473 2753 604 2812 inomni
625 2753 774 2813 literarum
794 2775 897 2835 genere
915 2775 981 2813 cum
1000 2751 1125 2812 sublime
1145 2762 1208 2808 tum
1226 2748 1319 2807 bonae

76 2849 176 2928 frugis
203 2850 236 2908 in
264 2849 359 2909 lucem
384 2852 548 2911 emiserant.
590 2853 719 2926 Quorum
749 2854 897 2928 omnium,
925 2851 1081 2935 praecipue
1108 2870 1176 2909 vero
1196 2846 1320 2907 Socratis

77 2946 147 3021 sui,
176 2945 264 3006 dictis
295 2948 469 3027 monitisque
495 2949 590 3011 veluti
622 2965 720 3032 pastus
738 2964 767 3010 et
784 2952 1001 3026 corroboratus,
1031 2970 1093 3010 eam
1113 2947 1232 3009 tandem
1246 2945 1321 3005 scri-

75 3041 181 3103 bendo
198 3044 412 3126 philosophiam
431 3046 580 3126 prodidit,
601 3070 673 3129 qnae
694 3051 821 3129 ipsorum
841 3049 913 3111 adeo
932 3050 1108 3109 Graecorum
1126 3048 1187 3108 sive
1208 3046 1320 3127 sapien·

77 3140 171 3216 mam,
198 3144 280 3218 sive,
309 3156 343 3202 ut
371 3144 468 3204 dicere
497 3145 552 3227 ipsi
573 3147 740 3221 malebant,
764 3148 923 3228 sapientiae
942 3146 1071 3208 studium
1090 3135 1218 3206 referret.
1260 3143 1319 3203 Nec

80 3258 156 3299 vero
175 3241 315 3300 doctrine
332 3241 391 3301 fuit
409 3244 551 3321 quaedam
567 3243 752 3327 philosophia
772 3247 919 3322 Platonis,
950 3269 1006 3328 qua
1025 3246 1209 3328 gravissimae
1226 3240 1321 3323 expli-

76 3350 218 3396 carentur
237 3338 438 3421 philosophiae
459 3345 659 3420 quaestiones:
682 3357 742 3404 erat
762 3345 832 3420 illa,
854 3360 887 3405 ut
907 3346 992 3406 nohis
1002 3345 1087 3404 modo
1098 3343 1211 3423 patuit,
1230 3346 1321 3398 insti-

76 3442 163 3493 tutio
180 3437 328 3512 hominia,
349 3439 478 3498 hominis
499 3456 573 3516 erat,
594 3455 625 3500 ut
644 3463 741 3522 sapere
760 3459 838 3502 recte
856 3444 979 3503 disceret
996 3455 1080 3519 atque
1100 3440 1151 3499 has
1170 3437 1319 3517 explicare

77 3533 265 3612 quaestiones
286 3534 366 3595 haud
387 3537 493 3595 frustra
513 3539 667 3613 niteretur,
688 3542 728 3596 ad
746 3548 907 3598 vamtatem
927 3545 1087 3598 conversio.
1128 3537 1212 3594 Hanc
1231 3535 1320 3614 igitur

77 3628 316 3712 philosophiam,
336 3655 408 3713 quae
430 3635 469 3693 ita
488 3649 611 3716 sponte,
630 3636 692 3716 ipsi
713 3651 832 3696 naturae
853 3639 883 3696 vi
903 3650 931 3695 et
949 3636 1077 3694 ubertate
1096 3648 1125 3694 et
1144 3635 1229 3692 unice
1250 3654 1320 3715 pro-

76 3728 159 3788 lecto
176 3726 215 3787 ad
231 3731 428 3793 excolendum
446 3735 621 3813 penitusque
643 3734 837 3794 erudiendum
853 3754 943 3814 genus
961 3734 1129 3808 hominum,
1146 3735 1178 3792 in
1199 3732 1320 3793 Graecia

75 3826 222 3903 effloruit,
251 3829 383 3889 Platonis
408 3845 502 3890 autem
522 3833 661 3912 ingenio,
690 3832 795 3893 divino
816 3832 887 3907 illo,
917 3831 1034 3891 exculta
1053 3833 1236 3912 perfectaque
1257 3844 1318 3904 est,

76 3922 178 4001 hanc,
200 3926 321 4005 inquam
332 3974 341 4003 ,
361 3929 467 4007 quidni
488 3930 615 3990 scholam
635 3931 765 3990 dicamus
784 3930 1022 4011 philosophorum
1039 3933 1190 4012 optimam,
1210 3931 1319 3988 instau-

76 4020 261 4103 randamque
287 4025 342 4085 hac
363 4039 460 4086 nostra
479 4039 571 4087 aetate
592 4031 675 4088 esse?
717 4028 896 4109 Faciendum
915 4028 948 4088 id
967 4044 1061 4089 autem
1080 4031 1203 4088 maxime
1224 4029 1256 4088 in
1272 4030 1318 4107 ju·

77 4140 192 4181 venum
220 4124 341 4202 gratiam
359 4145 521 4186 censemus.
564 4127 703 4187 Veterani
721 4126 904 4209 philosophi,
934 4141 1073 4207 quotquot
1093 4126 1211 4207 quidem
1229 4126 1320 4185 alieni

76 4217 142 4281 fere
168 4219 289 4280 suerunt
306 4244 323 4280 a
342 4222 447 4283 studiis
464 4223 544 4284 hisee
564 4245 618 4287 nec
638 4247 654 4283 a
674 4239 774 4285 tenera
795 4224 864 4284 inde
882 4237 974 4285 aetate
993 4223 1069 4285 hane
1089 4224 1318 4306 philosophandi

78 4315 223 4376 rationem
244 4317 450 4398 degustarunt,
480 4343 561 4402 aegre
579 4342 608 4382 se
627 4322 704 4383 trahi
725 4323 763 4383 ad
783 4321 835 4382 hos
853 4325 948 4382 fontes
966 4324 1124 4404 sapientiae
1144 4324 1314 4405 patiuntur;

73 4413 203 4492 juvenes
229 4437 316 4493 vero,
348 4418 455 4497 quihus
476 4419 578 4479 natura
595 4421 671 4481 inest
691 4419 875 4501 philosophia
896 4420 1053 4499 quaedam,
1084 4435 1116 4481 ut
1135 4424 1242 4499 semel,
1262 4423 1315 4482 hac
