2796 5048
575 281 583 293 ,
674 221 732 281 457

75 398 106 444 et
125 386 289 464 injustum,
310 383 378 463 plus
396 381 464 440 aliis
487 381 592 441 hahere
613 383 708 459 velle,
729 383 802 462 quin
821 383 875 442 boc
893 385 956 464 ipso
974 386 1118 444 contineri
1128 388 1314 466 injustitiam:

74 496 141 544 tum
161 480 290 560 denique
312 480 383 539 haec
403 479 466 558 lege
495 494 665 541 sanxerunt.
707 481 766 563 Ipsi
797 482 892 556 enim,
921 483 1029 563 quippe
1058 484 1264 546 imbecilliores
1284 508 1316 546 ac

75 580 256 654 deteriores,
285 579 356 638 satis
386 577 551 652 habebant,
581 579 605 638 si
635 579 721 639 modo
750 579 863 658 aequali
887 582 953 658 jure
975 582 1017 639 uti
1043 598 1168 662 possent.
1209 586 1317 644 Natura

74 699 149 739 vero
167 677 222 737 boc
248 679 360 755 justum
388 697 447 735 esse
476 678 624 751 declarat,
656 692 687 736 ut
713 679 763 756 qui
783 679 887 738 melior
905 679 942 737 sit
961 700 993 738 ac
1013 681 1132 755 fortior,
1154 682 1230 741 idem
1251 682 1318 764 plus

72 776 187 835 babeat
204 775 346 835 deteriore
368 788 453 851 atque
473 774 650 849 infirmiore,
681 776 769 855 idque
788 797 923 856 persaepe
945 776 1072 836 ostendit
1090 798 1156 836 cum
1177 781 1209 839 in
1227 795 1318 840 cacte-

76 875 122 933 ris
142 873 362 945 animantibus,
383 884 444 929 tum
465 873 498 930 in
516 872 694 933 hominibus.
737 873 856 954 Semper
875 875 951 933 enim
975 875 1109 953 gentibus
1131 899 1163 935 ac
1193 880 1317 937 nationi·

75 972 137 1039 bus
150 973 263 1049 justum
281 971 374 1029 risum
396 983 456 1043 est,
478 984 509 1028 ut
529 970 666 1029 debiliori
688 972 840 1052 imperaret
861 971 973 1032 sortior.
1011 974 1160 1052 Nam-quo
1179 975 1236 1034 alio
1251 977 1318 1052 jure

76 1068 197 1131 Xerxes
214 1068 365 1128 Graeciam
392 1069 521 1127 exercitu
541 1082 583 1126 est
606 1069 739 1143 adortus,
771 1084 821 1128 aut
848 1069 970 1149 Scythas
990 1071 1051 1147 ejus
1077 1074 1184 1151 pater?
1205 1073 1319 1147 Quibus

74 1181 219 1229 sexcenta
240 1167 296 1225 alia
317 1166 387 1225 addi
405 1167 527 1246 possint.
568 1165 687 1225 Scilicet
706 1167 847 1240 arbitror,
869 1181 945 1225 recte
964 1167 1016 1227 hos
1035 1169 1153 1244 fecisse,
1182 1171 1318 1248 quoniam

73 1266 233 1340 lecerunt,
254 1285 326 1343 quae
342 1265 421 1341 justa
436 1279 531 1324 esseut
548 1264 609 1344 lege
629 1278 766 1339 naturae,
788 1265 850 1344 lege
870 1279 964 1323 autem
982 1267 1065 1326 civili
1084 1267 1201 1344 injusta.
1233 1268 1317 1326 Hanc

73 1365 161 1425 enirn
179 1362 309 1421 homines
326 1377 485 1442 posuerunt
495 1408 503 1436 ‚
526 1376 557 1420 ut
576 1363 728 1442 optimates
745 1385 872 1442 quosque
890 1378 918 1422 et
935 1364 1165 1440 robustissimos,
1180 1378 1318 1442 tanquam

76 1463 202 1535 leones,
240 1461 465 1519 incantamentis
494 1459 669 1538 quibusdam
701 1481 733 1519 ac
763 1461 923 1541 praestigiis
963 1461 1120 1536 delinitos,
1150 1463 1315 1538 vincirent,

74 1579 187 1637 eosque
206 1557 363 1631 docerent,
385 1571 412 1616 et
429 1557 543 1635 aequali
562 1559 625 1635 jure
646 1559 709 1632 uti,
724 1572 759 1616 'et
782 1558 814 1617 id
844 1559 979 1639 pulcrum
1004 1562 1172 1638 justumque
1198 1559 1315 1621 hahere.

74 1656 133 1717 Sin
156 1677 226 1716 vero
245 1656 397 1714 exsisteret
416 1655 522 1734 aliquis
542 1656 666 1736 optimae
683 1670 805 1716 naturae
823 1658 887 1731 vir,
909 1659 933 1716 is
949 1679 1047 1717 omues
1075 1659 1143 1717 istas
1169 1659 1317 1739 praestigi-

73 1776 129 1829 as,
151 1755 369 1813 incantamenta
388 1754 441 1812 ista
463 1768 492 1813 et
510 1754 629 1812 omnino
646 1753 741 1832 leges,
762 1768 876 1834 practer
893 1769 1025 1814 naturam
1052 1756 1191 1836 scriptas,
1217 1757 1317 1835 rejici-

73 1874 154 1925 ens,
186 1872 341 1931 rumpens,
370 1852 552 1930 infringens,
581 1851 774 1926 conculcans,
804 1874 818 1910 e
848 1874 932 1913 servo
957 1855 1053 1912 statim
1079 1855 1208 1913 omnium
1236 1853 1318 1913 ficret

74 1951 240 2023 dominus,
258 1970 290 2008 ac
312 1971 362 2008 suo
382 1949 535 2028 exemplo,
554 1949 627 2027 quid
648 1950 751 2008 natura
766 1951 876 2028 justum
895 1953 951 2025 sit,
969 1951 1160 2012 ostenderet.»
1188 1949 1217 2030 l)
1238 1955 1318 2013 Com·

73 2047 266 2110 mendabant
286 2046 318 2105 id
339 2045 486 2106 decretum
509 2047 652 2127 sophistae
672 2048 793 2106 Pindari
820 2049 1006 2122 auctoritate,
1033 2051 1116 2126 cujus
1134 2049 1203 2108 baec
1224 2051 1319 2109 luerat

74 2147 249 2208 sententia:
281 2139 373 2222 νόμος
400 2140 416 2204 ὁ
442 2139 561 2205 πάντων
587 2139 736 2224 βασιλεῦς,
762 2145 886 2207 θνατῶν
911 2169 941 2206 τε
971 2143 1019 2206 καὶ
1047 2135 1225 2221 ἀθανάτων,
1256 2140 1318 2228 ἄγει

74 2245 204 2307 δικαιῶν
226 2239 263 2305 τό
281 2241 449 2325 βιαιότατον
468 2240 619 2331 ὑπερτάτᾳ
640 2245 726 2330 χειρί.
769 2247 945 2308 Efficicbant
962 2248 1052 2323 inde,
1081 2249 1191 2329 legem,
1221 2251 1318 2309 omni-

74 2368 131 2407 um
153 2368 221 2406 cum
243 2348 407 2406 mortalium
430 2363 492 2407 tum
520 2350 725 2408 immortalium
753 2349 900 2428 reginam,
929 2360 1116 2428 praepotente
1145 2368 1234 2407 manu
1264 2348 1318 2408 de-

74 2459 265 2519 monstrare,
284 2445 362 2523 quod
382 2445 508 2505 validius
528 2448 584 2520 sit,
603 2446 680 2506 idem
701 2430 819 2526 aequius
837 2464 905 2505 esse.
923 2443 955 2524 2)

119 2543 181 2603 Sed
209 2543 247 2603 ad
276 2544 523 2625 Thrasymachum
551 2543 687 2604 redimus.
731 2543 882 2604 Communi
908 2541 977 2600 huic
998 2541 1191 2621 sophistarum
1208 2543 1318 2623 placito

73 2641 161 2701 illud
183 2640 321 2722 deinceps
341 2643 374 2700 in
394 2641 574 2700 sermonibus
594 2641 656 2700 illis
672 2642 795 2720 adjicit,
824 2661 881 2719 quo
897 2634 1017 2697 'sibimet
1036 2639 1177 2718 placuisse
1196 2641 1318 2700 mirifice

73 2739 221 2799 videtur:
253 2733 409 2821 ἀλλότριον
442 2760 500 2798 esse
530 2733 651 2817 ἀγαθόν
677 2741 838 2818 justitiam,
868 2733 975 2796 οἰκείαν
1002 2728 1126 2816 βλάβην.
1167 2737 1256 2813 Nam,
1286 2751 1319 2797 ut

73 2837 213 2898 Socrates
242 2862 279 2900 ex
305 2862 339 2901 eo
368 2840 405 2900 de
434 2839 546 2899 medico
566 2841 775 2919 quaesiverat,
809 2852 904 2896 utrum
921 2852 1059 2915 tanquam
1078 2836 1225 2909 medicus,
1245 2834 1318 2914 quid

73 2936 158 3017 ipsi,
181 2959 217 2997 an
237 2960 325 3013 vero,
348 2938 560 3017 quidaegrotis
579 2937 774 3010 conduceret,
796 2950 955 3016 spectaret,
974 2935 1223 3014 Thrasymachus:
1247 2932 1317 2992 «dic

73 3034 156 3093 mihi
167 3079 176 3108 ,
198 3036 312 3115 inquit,
335 3059 351 3097 o
371 3036 520 3109 Socrates,
542 3050 621 3094 estne
642 3035 697 3093 tibi
716 3035 883 3093 nutrixl-
899 3032 1004 3108 Quid?
1026 3053 1125 3091 nonne
1144 3030 1320 3113 respondere

74 3128 205 3191 decebat
223 3136 330 3214 magis,
353 3155 440 3213 quam
465 3134 535 3192 talia
560 3135 720 3212 quaerere?
732 3163 767 3172 -
793 3133 936 3206 Quoniam
955 3145 983 3190 te
1002 3131 1123 3210 negligit
1141 3145 1170 3189 et
1187 3129 1318 3210 oppletas

75 3227 139 3287 tibi
160 3251 242 3289 nares
261 3253 321 3290 non
339 3233 488 3310 emungit,
509 3252 575 3289 cum
596 3244 693 3289 tamen
712 3229 862 3310 indigeas,
884 3231 933 3308 qui
953 3250 1047 3309 neque
1064 3228 1210 3310 pecudum
1224 3246 1318 3304 neque

76 3327 205 3406 pastoris
233 3330 379 3407 cognoscis
403 3327 586 3388 officium-
615 3331 674 3387 Cur
702 3327 850 3388 istudl-
883 3327 958 3402 Quia
984 3342 1087 3407 putas,
1119 3326 1262 3406 opiliones
1290 3336 1318 3380 et

76 3422 227 3485 bubulcos
246 3425 391 3505 pecudum
411 3427 554 3504 boumque
571 3426 680 3484 bonum
707 3425 909 3498 considerare,
939 3445 1041 3503 eosque
1069 3443 1185 3504 pascere
1214 3434 1242 3478 et
1267 3441 1318 3478 co-

78 3520 143 3579 lere
155 3565 164 3594 ,
194 3521 232 3581 ad
261 3521 343 3581 aliud
371 3504 578 3604 respicientes,
609 3544 694 3601 quam
722 3520 760 3581 ad
789 3520 971 3581 dominorum
1000 3522 1183 3600 ipsorumque
1210 3513 1316 3577 utilita-

79 3631 162 3693 tem,
191 3632 252 3677 tum
274 3620 360 3678 etiam
390 3621 475 3696 illos,
506 3622 556 3700 qui
577 3622 608 3679 iu
628 3619 794 3679 civitatibus
813 3639 911 3697 reapse
931 3631 1073 3696 regnant,
1093 3616 1178 3674 aliter
1194 3615 1233 3675 ad
1252 3636 1317 3690 eos,

78 3716 134 3793 qui
173 3716 244 3796 ipsis
281 3718 422 3792 subsunt,
462 3719 610 3777 existimas
644 3717 802 3796 respicere,
834 3735 919 3793 quam
947 3728 1084 3793 tanquam
1114 3727 1255 3795 pastorem
1280 3714 1318 3774 ad

79 3834 172 3888 oves,
200 3827 229 3872 et
259 3814 341 3873 aliud
370 3816 494 3894 cogitare
517 3828 615 3874 noctes
636 3828 720 3892 atque
740 3813 821 3887 dies,
849 3833 934 3891 quam
956 3811 1034 3870 unde
1065 3812 1176 3872 utilitas
1206 3813 1243 3872 ad
1270 3814 1318 3893 ip-

79 3930 127 3969 sos
160 3909 321 3972 redundet:
358 3926 443 3990 atque
472 3911 543 3972 adeo
571 3927 603 3972 tu
629 3911 731 3992 procul
761 3911 847 3985 abes,
879 3923 911 3968 ut
937 3908 1010 3988 quid
1035 3912 1146 3989 justum
1175 3932 1207 3969 ac
1232 3911 1317 3988 justi

79 4007 144 4081 tia,
162 4007 234 4086 quid
251 4011 394 4088 injustum
413 4021 498 4088 atque
519 4010 664 4086 injustitia
683 4009 739 4082 sit,
760 4020 878 4083 teneas,
899 4023 932 4068 ut
950 4009 1081 4087 ignores,
1096 4007 1240 4085 justitiam
1251 4009 1318 4084 jus·
1376 4015 1384 4021 “

118 4316 149 4380 1)
169 4316 318 4386 Gcr9.1l83.
338 4320 368 4370 A.

117 4400 150 4464 2)
169 4402 227 4452 Vid.
243 4404 315 4455 docta
330 4404 378 4454 hac
396 4404 429 4454 de
444 4420 472 4454 re
490 4404 623 4455 cultissiml
641 4402 757 4463 Geerii
775 4404 975 4456 animadversio.
990 4401 1039 4468 Op.
1057 4402 1074 4453 l.
1089 4418 1113 4470 p.
1130 4401 1173 4453 20.
