2796 5048
709 224 767 284 stc

114 407 189 466 quae
205 388 326 466 antiquo
337 432 346 460 ‚
367 385 417 444 sed
437 384 528 445 multo
549 383 639 465 magis
657 388 742 445 etiam
764 386 923 446 recentiore
943 405 1015 444 aevo
1032 384 1188 445 invaluit:
1211 390 1251 448 sic
1267 402 1341 449 auten

116 484 244 544 invaluit
260 497 426 561 tantamque
444 496 528 542 nacta
548 482 745 543 auctoritatem
763 497 825 557 est,
848 495 879 542 ut
897 491 964 559 ipso
993 484 1149 543 diceretur
1175 487 1343 566 philosoplis

116 600 194 657 esse,
215 582 253 641 ad
274 584 392 661 eiusque
415 580 561 661 principia
582 592 610 638 et
640 584 782 641 rationem
811 581 925 641 nullius
952 601 1011 641 nou
1039 582 1239 664 philosophi,
1266 586 1345 667 paullo

115 678 235 758 quidem
255 678 450 753 sublimioris,
470 678 603 738 doctrina
631 680 813 759 exigeretur,
845 700 878 738 ac
908 678 991 739 Plato
1020 696 1176 739 unacum
1193 686 1308 744 caeteris
1321 683 1346 743 iu

117 776 323 857 metaphysicis
342 790 518 839 censeretur.
560 776 616 850 ld,
635 778 660 836 si
679 778 769 856 quid,
790 777 1005 859 philosophiam
1025 776 1237 855 Platonicam,
1264 802 1349 861 quam-

118 876 163 935 vis
182 876 362 955 perspicuam
387 890 415 936 et
433 874 614 957 simplicem,
644 875 795 935 obscuram
814 874 965 951 reddidit,
985 876 1141 955 effecitque
1172 892 1208 937 ut
1236 877 1351 939 doctriua

118 972 284 1055 philosophi
314 975 350 1034 de
380 974 490 1034 mundo
518 973 634 1058 rogati,
663 971 699 1033 de
728 975 823 1049 ideis,
853 974 891 1034 de
918 973 972 1032 hac
1008 974 1041 1033 in
1059 974 1172 1056 primis
1190 976 1264 1037 honi
1283 976 1352 1053 idea,
1392 1012 1394 1019 ·

119 1091 201 1151 aegre
222 1072 307 1131 nobis
324 1075 514 1149 etiamnunc,
536 1076 644 1155 quippe
665 1072 796 1133 nondum
815 1072 900 1146 satis,
925 1070 1073 1151 quidquid
1092 1072 1235 1135 Kantius
1253 1075 1355 1135 molitur

118 1184 181 1245 est,
211 1189 228 1230 ι
253 1170 439 1282 philosophia
467 1174 694 1255 metaphysicam
731 1168 999 1250 distinguentibus,
1048 1170 1254 1253 intelligatur.
1258 1166 1356 1261 βαι,

118 1288 177 1347 quo
195 1269 286 1349 magis
305 1271 412 1351 placita
431 1272 562 1331 Platonis
579 1271 617 1330 de
635 1270 711 1329 ideis
727 1266 885 1329 lectoribus
903 1286 977 1347 pura
1000 1279 1029 1325 et
1048 1268 1170 1349 integra
1190 1264 1358 1355 proponu-

118 1369 452 1443 mus,aCa1tesianis
480 1369 531 1427 illa
561 1367 696 1447 placitis,
727 1366 799 1445 quin
830 1367 917 1425 etiam
936 1386 954 1423 ιι
973 1363 1136 1425 Kantianis
1147 1412 1159 1441 ,
1191 1368 1358 1447 quihuscu

119 1465 303 1525 conveniunt
322 1467 467 1541 maxime,
488 1465 689 1525 discrevimus.
730 1463 842 1539 Quodsi
861 1462 989 1541 ejusdem
1009 1465 1186 1525 universam
1204 1466 1244 1527 de
1262 1466 1359 1527 munda

120 1559 220 1646 νοητῷ
239 1559 402 1621 doctrinam
421 1562 518 1622 animo
538 1575 636 1621 nostro
654 1563 764 1643 pariter
794 1581 895 1642 puram
922 1574 951 1620 et
978 1562 1122 1641 integram
1150 1582 1360 1645 repraesentare

121 1660 263 1733 velimus,
285 1660 347 1741 peri
368 1658 444 1719 hanc
463 1660 617 1740 diligentia
632 1648 673 1717 ¹ab
692 1659 855 1719 Aristotelis
875 1659 1072 1739 metaphysica
1091 1660 1272 1723 discerncre
1290 1686 1360 1747 opat·

120 1758 205 1821 tebit.
246 1758 295 1819 sic
324 1756 441 1817 demum
466 1758 620 1817 sublimem
650 1757 780 1817 Platonis
809 1756 845 1815 de
873 1756 934 1817 Deo
961 1759 1137 1818 senteutiam
1170 1760 1361 1843 intelligemus

122 1871 219 1935 recte,
247 1854 301 1915 hoc
330 1856 398 1916 item
428 1856 646 1937 intelligemus,
678 1855 717 1914 ad
746 1855 825 1935 quod
854 1854 940 1914 modo
969 1855 1162 1933 accessimus,
1197 1881 1261 1921 non
1279 1862 1360 1921 Deum

120 1953 202 2037 apud
232 1975 297 2013 eum
326 1954 396 2015 boni
426 1953 521 2014 ideam
551 1975 630 2028 esse,
662 1954 714 2013 sed
741 1952 779 2013 ad
806 1955 881 2013 hanc
908 1953 1003 2013 ideam
1022 1956 1117 2015 Deum
1138 1956 1293 2017 mundum
1309 1960 1360 2019 lor·
1392 1940 1394 1949 Ι

122 2075 222 2115 masse.
1032 2064 1040 2077 ⁰

146 2249 414 2310 Discernere
442 2252 543 2309 haec
569 2253 741 2327 placita
763 2250 971 2307 Plutonia
996 2250 1044 2306 ab
1064 2248 1341 2319 &lateralia

494 2343 783 2426 ncetdphyte'ca
813 2357 991 2426 oportet.

51 2548 55 2556 '
162 2542 260 2601 Altius
287 2542 401 2603 evolare
429 2538 595 2621 hominem,
625 2562 711 2622 quam
742 2543 832 2622 ipsius
851 2542 907 2601 sert
927 2554 1051 2615 natura,
1078 2556 1166 2601 vetus
1188 2560 1234 2605 est
1254 2567 1308 2605 nec
1323 2546 1358 2603 iu·

118 2643 197 2718 justa
216 2661 350 2720 prorsus,
381 2663 395 2699 a
417 2642 510 2722 poetis
527 2662 588 2701 non
608 2641 704 2699 minus
721 2660 842 2717 quama
869 2639 1051 2720 philosophis
1077 2639 1273 2721 ίιῃιιοιιιιιι
1298 2662 1357 2721 quer

118 2738 199 2798 rela:

434 2834 490 2895 Nil
477 2837 684 2895 lmortelidut
704 2836 837 2893 arduum
857 2844 921 2893 eat:
1229 2824 1282 2857 '³⁵'

433 2934 584 2994 Cortum
571 2955 671 3013 aptum
686 2940 822 3010 petimus
842 2935 1025 2992 stultiticl-
1048 2930 1077 3011 l)
1169 3000 1173 3005 Ι

121 3033 159 3091 Ει
180 3044 311 3106 constat,
333 3051 429 3089 rerum
458 3032 707 3109 esqunwendamm
724 3028 898 3089 difficultate
917 3051 977 3088 non
1005 3043 1119 3089 tantum
1143 3052 1212 3091 non
1232 3005 1394 3093 abstem-

120 3142 184 3189 tum
201 3128 290 3186 luisse
309 3130 388 3186 omni
408 3151 498 3204 aevo,
522 3130 573 3189 sed
592 3131 752 3189 excitatum
771 3128 869 3188 adeo
863 3129 1012 3209 ingenium
1032 3127 1221 3211 humanpm,
1244 3146 1293 3207 ut,
1310 3151 1356 3211 qus

119 3220 197 3306 quid
216 3239 288 3285 esset
308 3226 471 3302 excelsius,
491 3248 549 3305 quc
571 3226 640 3288 item
657 3227 695 3287 ad
714 3228 769 3285 rite
789 3225 1020 3306 cognoscendum
1040 3223 1222 3302 difficilius,
1239 3227 1355 3309 eomag'u

106 3322 286 3403 ,adverteret
311 3322 434 3383 humani
464 3325 578 3404 generis
608 3324 715 3386 studia.
758 3328 847 3403 Cujus
876 3326 918 3382 rei
944 3324 1154 3383 documentum
1180 3330 1237 3387 est*
1256 3328 1355 3407 insigne

118 3421 221 3481 eadem
250 3419 322 3507 illa,
354 3440 441 3501 quam
468 3423 689 3483 memoravimus
719 3423 824 3497 modo,
860 3423 1086 3499 metaphysica,
1114 3417 1307 3501 centhius,
1331 3434 1355 3481 ιιι

124 3518 213 3599 vulgo
232 3518 332 3580 habita
353 3534 417 3596 est,
436 3520 579 3597 scientia,
598 3540 655 3598 qua
673 3520 867 3579 tr'actanda
845 3542 885 3579 sic
905 3520 989 3578 homo
1012 3536 1041 3579 sc
1060 3520 1185 3581 annisus
1204 3536 1250 3583 est
1269 3524 1301 3583 in
1323 3518 1354 3579 tl·

121 3630 184 3675 tum
205 3617 366 3694 extoller,e
384 3618 426 3679 sic
447 3617 504 3679 sibi
524 3638 667 3677 summum
688 3616 816 3697 attigisse
844 3620 923 3679 visus
950 3631 1008 3689 est,
1040 3629 1091 3690 ut,
1122 3596 1272 3709 repffiia,
1297 3636 1354 3698 quat

122 3715 305 3790 somniabat,
326 3736 421 3776 rerum
438 3716 568 3776 omnium
588 3714 713 3791 caussis,
734 3736 792 3775 csse
812 3731 929 3796 negaret
948 3712 1055 3773 mundi
1071 3698 1211 3793 opilicein
1221 3716 1354 3786 divinum.

123 3812 184 3892 ipse
213 3761 370 3895 lingeiet
362 3816 482 3894 ingenio
508 3826 747 3894 componeretque
775 3814 928 3873 mundum.
969 3815 1033 3886 Qua
1060 3832 1130 3871 sane
1162 3812 1297 3875 sanitate
1319 3809 1355 3873 nil

121 3910 179 3970 fuit
202 3931 346 3989 unquam,
368 3912 413 3970 nil
434 3934 493 3971 esse
514 3913 629 3993 potuit,
654 3910 734 3989 quod
754 3906 954 3992 philosophiae
975 3909 1187 3969 existimationi
1220 3913 1354 4013 ipsiusque

122 4008 226 4068 studiis
245 4009 356 4069 obesset
375 4012 473 4103 magis.
516 4010 597 4085 Quid
614 4008 698 4069 hac
690 4031 721 4069 ιιι
750 4028 849 4067 caussa
870 4006 906 4067 de.
926 4008 1045 4066 Platone
1067 3998 1291 4069 affirmandum
1306 4008 1354 4078 sit,

122 4107 208 4165 multi
229 4108 482 4186 pronunciarunt,
504 4108 590 4167 nobis
608 4127 676 4167 vero
696 4106 777 4167 haud
794 4105 880 4164 facile
899 4102 1017 4166 videtur
1041 4090 1222 4181 dijudicatu.
1265 4106 1353 4167 socn-

121 4205 158 4262 tis
197 4204 254 4261 fuit
291 4204 472 4284 discipulus,
517 4226 569 4264 nec
618 4204 778 4263 subtilitate
816 4223 881 4261 eum
911 4199 1107 4275 solummodo,
1140 4202 1193 4262 sed
1223 4200 1350 4265 modestia

157 4409 187 4469 1)
206 4411 290 4462 Ηιιιιιι.
311 4415 355 4462 (ld.
377 4413 393 4461 l.
415 4412 438 4462 3.
457 4412 498 4460 37.
