2774 5048
683 253 742 315 ars
784 234 803 274 ’

102 436 159 496 quo
187 415 277 495 magis
306 434 321 471 a
346 428 443 473 tenera
462 433 514 472 nos
535 427 624 473 aetate
645 434 710 473 cum
729 415 850 474 caeteris
869 413 1029 474 tractandis
1046 414 1160 474 artibus
1166 430 1256 501 ,tum
1272 436 1321 477 mua

101 516 159 574 sica
176 514 300 572 maxime
318 525 346 570 et
364 511 461 591 poesi,
481 512 609 570 Uraniae
628 512 728 572 Musae
745 533 840 572 amore
859 513 971 573 incensi
986 510 1070 574 καλοὶ
1079 507 1213 594 κάγαθοὶ
1223 515 1321 579 flamm.

100 614 196 691 Majus
225 611 424 690 illustr-iusque
452 630 558 670 munus
580 611 770 692 philosophia
797 617 863 669 νυνι·
887 608 984 673 babet.
1026 615 1187 676 Excultum
1207 616 1322 678 enimin

100 709 178 768 bunc
206 707 323 768 modum
350 709 458 787 puerili
478 721 569 767 aetate
585 710 725 786 juvenem
745 709 865 790 suscipit
886 709 956 770 haec
975 711 1136 795 deinceps,
1165 729 1218 792 ut,
1237 715 1322 796 prouti

100 807 210 866 artibus
239 806 335 866 adbuc
362 805 400 865 ad
429 806 582 887 pulcrum,
612 807 653 866 ita
681 829 759 866 nunc
788 829 873 888 porro
899 810 1081 889 gravioribus
1107 811 1274 893 disciplinis
1290 812 1322 871 ad

100 926 200 966 verum
216 905 335 983 verique
355 902 505 964 scientiam
525 905 712 985 perducatur.
743 905 802 965 Sed
810 907 895 986 longe
906 909 1109 986 grauissimum
1118 910 1323 989 maximumque

98 1003 176 1062 illud
194 1018 253 1076 est,
273 1002 352 1082 quod
364 1010 450 1079 juata*
471 1024 523 1062 nos
539 1004 727 1082 philosophia
741 1003 826 1082 jubet
844 1025 988 1084 peragere.
1030 1006 1127 1067 Erunt
1144 1009 1226 1067 enim
1245 1007 1322 1067 nobis

97 1102 144 1161 illi
160 1103 286 1161 civitatis
303 1100 455 1175 custodes,
474 1122 545 1181 quos
564 1101 618 1160 bac
636 1123 686 1182 spe
705 1102 817 1162 artibus
835 1101 1059 1184 disciplinisque
1076 1105 1278 1179 erudivimus,
1295 1119 1321 1163 ut

96 1201 152 1282 ipsi
179 1199 338 1278 aliquando
365 1200 495 1273 civitati,
525 1220 577 1281 pro
604 1201 645 1258 rei
666 1199 807 1279 dignitate
825 1213 911 1279 atque
929 1201 968 1260 ad
986 1203 1078 1283 ipsius
1098 1203 1223 1263 salutem
1239 1204 1321 1263 maxi·

94 1316 182 1372 marn,
203 1310 382 1378 praeessent,
407 1311 493 1357 crunt
513 1298 545 1357 hi
566 1297 650 1356 nobis
671 1298 849 1380 reipublicae
868 1297 1064 1378 gubernaculo
1084 1300 1265 1377 adhibendi,
1281 1314 1321 1376 ut,

92 1395 333 1475 quemadmodum
355 1407 383 1454 et
400 1394 512 1474 legibus
530 1395 695 1455 condendis
715 1411 742 1456 et
760 1395 891 1456 moribus
911 1384 1108 1478 temperandis
1125 1401 1242 1480 prosint
1258 1400 1321 1459 ciri·

91 1496 162 1568 tati,
190 1494 246 1574 ipsi
266 1493 397 1554 rideant.
440 1494 505 1552 Non
526 1507 575 1568 ut,
606 1515 678 1573 quae
699 1495 814 1574 singula
832 1495 902 1574 ipsis
922 1495 1091 1576 singulatim
1111 1498 1238 1578 singulis
1258 1497 1320 1556 locis

91 1592 324 1672 temporibusque
345 1590 481 1650 facienda
504 1593 564 1650 sint
575 1636 583 1665 ,
610 1593 719 1652 sciant:
745 1591 779 1652 id
797 1613 859 1652 non
878 1608 919 1652 est
937 1592 1139 1674 philosophiae
1160 1597 1319 1677 exquirere:

91 1691 147 1773 ipsi
177 1689 223 1748 illi
251 1691 274 1748 si
303 1691 357 1748 rite
377 1691 489 1750 suerint
507 1691 616 1750 exculti
638 1712 670 1750 ac
692 1704 788 1750 nostra
806 1691 990 1750 institutione
1009 1713 1024 1752 e
1043 1693 1200 1773 spectabili
1219 1693 1320 1753 mundo

89 1790 123 1849 in
149 1788 243 1868 ipsum
272 1789 403 1848 veritatis
428 1808 551 1868 regnum
582 1787 779 1863 escenderint,
806 1786 840 1847 id
859 1788 946 1848 facile
965 1792 1154 1872 perspicient.
1197 1791 1256 1852 Sed
1272 1792 1319 1850 boc

89 1890 183 1970 ipsum
193 1935 202 1963 ,
231 1886 310 1967 quod
330 1887 472 1963 dicimus,
494 1885 753 1966 quemadmodum,
780 1907 853 1966 quae
873 1887 905 1945 in
925 1889 1049 1968 pueritia
1069 1901 1097 1948 et
1116 1889 1319 1965 adolescentia,

89 1989 162 2049 duce
183 1987 381 2071 philosophia,
402 1999 612 2066 perceperunt,
630 1984 668 2043 ad
685 1983 760 2044 bene
776 1984 915 2063 beateque
933 1986 1097 2047 vivendum
1115 2002 1146 2048 et
1165 1986 1316 2068 provehen-

87 2085 154 2146 dam
180 2087 289 2147 cirium
309 2085 458 2144 honestam
475 2083 644 2161 beatamque
663 2082 755 2142 vitam
770 2081 909 2142 adhibere
928 2080 1069 2159 debeant,
1099 2084 1132 2145 id
1153 2088 1316 2166 exquirere,

86 2182 119 2242 id
147 2183 242 2264 palam
272 2185 366 2242 lacere
397 2181 550 2254 omnibus,
580 2180 613 2239 id
642 2182 741 2259 generi
764 2179 908 2255 humano,
939 2195 973 2241 ut
992 2197 1083 2242 cesset
1100 2183 1262 2264 aliquando
1278 2183 1317 2241 bis

85 2281 169 2342 malis
188 2281 319 2341 laborare
337 2293 365 2340 et
384 2293 460 2339 recte
478 2279 534 2338 sibi
553 2276 699 2352 consulat,
718 2277 912 2358 persuadere,
926 2281 1116 2359 philosophia
1127 2289 1218 2358 juata·
1229 2281 1314 2342 debet.

126 2380 281 2442 Pervenire
300 2379 404 2453 nobis,
432 2379 466 2436 in
484 2376 539 2435 bac
559 2375 761 2457 philosophiae
782 2375 947 2436 Platonicae
968 2380 1168 2458 progressione
1190 2379 1315 2461 gravissi·

85 2495 130 2537 ma
141 2523 150 2552 ,
170 2477 207 2537 ad
228 2497 306 2536 sacra
327 2478 390 2554 ejus
409 2478 534 2555 majora,
553 2467 592 2535 cd
612 2468 698 2534 τέλεα
719 2473 768 2535 καὶ
789 2470 930 2537 ἒποπτικά
940 2522 951 2550 ,
977 2476 1015 2537 ad
1036 2488 1179 2538 sunctum
1200 2493 1231 2538 ct
1247 2478 1314 2537 diri·

84 2598 158 2636 num
187 2574 318 2636 nondum
350 2576 469 2635 licebit:
507 2590 569 2636 tum
598 2577 714 2637 demum
745 2576 864 2653 licebit,
899 2596 990 2657 quum
1017 2597 1034 2634 a
1063 2575 1153 2635 rebus
1180 2575 1312 2635 humanis

83 2674 223 2734 fuerimus
253 2674 291 2734 ad
320 2673 438 2735 divinas
467 2677 626 2755 progressi3
657 2689 849 2737 veruntamen
878 2678 910 2735 in
937 2675 985 2734 bis
1005 2675 1075 2755 ipsis
1096 2673 1138 2739 de,
1151 2675 1268 2753 justitia
1285 2694 1312 2731 ac

82 2772 222 2832 felicitate
250 2772 504 2852 disquisitionibus
529 2773 698 2833 accedemus
726 2773 799 2831 illuc
818 2775 959 2854 proxime.
1002 2774 1075 2832 Nam
1095 2770 1152 2832 hoc
1172 2772 1313 2854 proposito

81 2872 261 2951 exquirenda
280 2869 365 2931 nobis
385 2871 512 2952 perfecta
531 2873 651 2946 civitas,
682 2871 880 2951 exquirendus
898 2873 930 2930 in
949 2871 1053 2951 primis
1069 2869 1157 2928 bomo
1174 2872 1311 2951 perfectus

81 2970 153 3044 erit,
173 2985 223 3044 ut,
244 2969 317 3048 quid
338 2970 375 3028 sit
390 2970 524 3047 justitia,
551 2969 624 3048 quid
645 2971 706 3030 vita
722 2968 805 3028 beata
816 2979 825 3043 ,'
854 2969 1040 3048 reperiamus.
1084 2966 1238 3027 Valebunt
1263 2989 1310 3025 au·
1332 2952 1333 2957 ἵ

81 3081 138 3126 tem
165 3087 198 3126 eo
220 3067 305 3126 simul
324 3065 544 3147 disquisitiones
564 3081 694 3141 nostrae,
728 3079 759 3126 ut
779 3066 943 3146 exemplum
962 3065 1122 3126 habeamus
1139 3064 1309 3145 aliquando,

80 3162 118 3223 ad
148 3166 230 3242 cujus
258 3165 416 3245 perlectam
444 3167 568 3245 speciem
596 3186 640 3223 res
659 3178 769 3224 nostras
787 3177 845 3223 tam
864 3164 1034 3224 domesticas
1053 3183 1141 3240 quam
1162 3162 1307 3243 politicas,

79 3273 140 3321 turn
165 3284 233 3322 vcro
251 3264 374 3323 maxime
394 3278 504 3322 nosmet
524 3264 601 3344 ipsos
622 3264 841 3323 conformemus.
884 3263 964 3336 Quae
989 3283 1049 3321 una
1066 3261 1219 3322 verissima
1238 3259 1306 3342 apud

78 3358 227 3421 Platonem
259 3374 300 3420 est
324 3360 361 3420 ad
393 3378 473 3420 sacra
494 3361 546 3421 illa
566 3363 673 3439 majora
692 3361 883 3442 praeparatio.
925 3361 1025 3419 Patere
1046 3359 1127 3418 enim
1146 3358 1257 3419 bomini
1275 3355 1304 3416 ad

79 3473 209 3518 sanctum
228 3458 421 3538 divinumque
440 3458 553 3519 aditum
573 3473 675 3540 negat,
695 3460 753 3518 nisi
772 3459 835 3520 reri
850 3458 956 3517 ductus
976 3477 1072 3516 amore
1091 3455 1131 3517 ad
1147 3478 1249 3538 puram
1269 3457 1303 3513 in·

77 3555 300 3637 taminatamque
317 3560 469 3617 veritatem
491 3559 688 3635 sinceramque
706 3557 844 3616 virtutem
865 3576 897 3615 ac
917 3556 1079 3634 justitiam,
1098 3556 1161 3616 sire
1178 3574 1301 3637 persese,

77 3655 138 3715 sive
167 3675 218 3734 per
243 3668 317 3714 artes
336 3654 565 3737 disciplinasque
582 3657 701 3732 majores
724 3655 911 3735 processerit:
939 3655 1040 3713 statuit
1057 3673 1147 3728 vero,
1173 3675 1230 3733 quo
1249 3650 1302 3731 quis

76 3753 196 3830 majores
215 3751 268 3811 bac
289 3753 321 3811 in
340 3773 370 3810 re
388 3773 552 3834 progressus
571 3754 687 3827 fecerit,
706 3774 739 3813 eo
759 3752 844 3811 illum
860 3752 977 3811 facilius
998 3751 1163 3829 certiusque
1183 3751 1221 3812 ad
1236 3751 1299 3811 riae

75 3869 242 3929 morumque
270 3851 450 3909 sanctitatem
481 3852 653 3931 pervenire:
685 3850 723 3910 ad
751 3850 943 3909 illudentem
964 3846 1180 3928 assequendum
1200 3864 1297 3906 necesse

76 3948 131 4028 ipsi
157 3968 214 4006 esse
227 3993 235 4022 ,
263 3960 295 4005 ut
326 3949 387 4009 sive
416 3951 509 4009 Deum
535 3949 596 4008 sire
621 3948 743 4028 perfecti
764 3947 909 4021 hominis,
936 3947 1090 4025 justissimi
1112 3945 1261 4025 eujusdam
1276 3954 1296 4000 et

74 4046 266 4120 sanctissimi,
294 4047 465 4126 imaginem,
496 4047 659 4126 exemplum
681 4045 737 4104 sibi
759 4044 797 4104 ad
815 4043 990 4103 imitandum
1009 4044 1204 4125 proposuerit.
1244 4044 1295 4102 Pro·

74 4160 110 4222 pe
138 4142 242 4202 iccirco
272 4164 368 4202 sumus
388 4164 440 4223 per
457 4142 670 4223 philosophiam
684 4144 757 4222 justi
778 4141 816 4201 ad
833 4136 917 4202 τέλεα
935 4141 990 4201 illa
1010 4153 1037 4199 et
1058 4135 1203 4202 ἕποπτικά
1219 4157 1294 4199 acccs·

74 4240 150 4315 suri3
176 4240 227 4299 sed
246 4260 279 4299 eo
297 4241 382 4300 nobis
399 4242 489 4320 magis
506 4242 539 4299 in
558 4242 591 4301 id
609 4241 841 4304 incumbendum
859 4259 902 4304 est
912 4291 921 4321 ,
949 4258 981 4303 ut
1001 4243 1102 4304 lucido
1123 4264 1186 4317 eam
1206 4238 1293 4301 ordine

74 4348 103 4392 et
132 4356 199 4396 vero
221 4336 275 4397 bac
304 4338 399 4398 viaet
420 4340 531 4398 ratione
552 4338 717 4416 tradamus,
743 4360 800 4419 qua
819 4343 857 4403 ad
879 4343 974 4403 omnis
993 4328 1200 4423 philosophiae
1220 4336 1290 4395 linctu

75 4450 213 4493 summum
232 4437 387 4517 pervenire
405 4438 563 4497 certissime
580 4437 667 4497 nobis
683 4439 778 4501 liceat.
