2796 5048
684 234 744 297 508

94 417 163 482 net,
183 407 328 466 rationem
341 402 442 484 paullo
459 404 599 461 attentius
615 401 811 464 considerare.
853 403 1021 464 Communis
1037 402 1109 462 baec
1123 404 1296 484 interpretum,
1355 443 1356 447 ,

94 503 278 564 crateribus
299 504 360 580 jam
387 499 517 582 prolata,
547 501 690 560 sententia
710 515 772 576 est,
793 515 826 561 ut
844 500 935 561 finxit
956 500 1161 581 ordinavitque
1183 502 1298 560 ciuitatem

93 601 194 677 Plato,
219 603 259 661 ita
285 601 452 660 Ciceronem
477 597 676 659 tantummodo
703 599 915 681 rempublicam
940 602 1119 674 Romanam,
1139 601 1239 680 quippe
1254 618 1299 678 per·

93 700 297 774 iratissimum,
325 697 520 758 adumbrasse.
562 697 609 756 Sic
637 698 714 757 enim
739 699 801 774 jam
825 697 991 758 Macrobius
1021 699 1062 756 ad
1095 705 1235 756 somnium
1252 695 1302 755 bei·

91 804 192 875 pionis
211 798 243 856 in
271 794 340 854 libri
361 797 436 856 sexti
461 796 560 855 exitu:
588 803 674 855 inter
691 796 833 855 Plutonia
850 806 880 854 et
900 797 1056 858 Ciceronis
1082 797 1193 870 librae,
1209 795 1303 874 quaeda

93 897 248 972 republica
274 905 442 973 utrumque
468 901 660 953 constituitur
688 903 827 968 conciat,
855 897 907 953 boc
931 902 1083 954 intereeee
1109 900 1212 972 prima
1222 895 1305 968 fronte

91 1000 318 1072 perspeximus,
346 994 423 1072 quod
452 994 505 1051 ille
533 994 751 1068 rempublicam
780 995 955 1068 ordinarit,
992 993 1043 1051 bic
1073 992 1205 1051 rotulit:
1233 991 1307 1062 altr,

93 1096 195 1173 qualie
223 1116 284 1153 esee
312 1094 447 1165 deberet,
476 1092 577 1166 alter,
604 1093 706 1170 qualia
733 1101 809 1150 eeeet
837 1114 858 1150 a
887 1093 1059 1168 majeribus
1089 1097 1251 1162 institutio,
1267 1089 1308 1146 dir·

92 1189 241 1271 ceruitl).
263 1192 317 1252 Cui
335 1189 469 1271 opinioni
486 1210 585 1248 ansam
608 1187 721 1248 dedisse
739 1190 807 1270 ipse
830 1191 931 1250 Cicero
950 1187 1089 1272 videtur,
1111 1207 1203 1267 quum
1225 1185 1309 1268 Scipio·

93 1311 160 1349 nem
186 1289 333 1349 dicentem
370 1289 497 1362 faceret,
533 1287 651 1347 lucilius
680 1307 710 1346 se
738 1289 916 1369 propositum
944 1300 1190 1360 consecuturum,
1220 1285 1243 1343 si
1259 1305 1311 1342 ren·

94 1387 243 1469 publicam
273 1390 431 1447 Romanam
448 1422 484 1432 -
503 1386 693 1460 ostendisset,
719 1407 804 1464 quam
831 1387 855 1446 si
875 1385 1020 1466 aliquam,
1039 1399 1073 1444 ut
1088 1382 1173 1465 apud
1188 1382 1312 1444 Platonem

90 1484 239 1559 Socrates,
261 1486 322 1566 ipse
359 1484 502 1544 finxisset.
546 1483 663 1542 Tubero
688 1505 789 1559 vero,
803 1482 883 1564 apud
909 1481 1055 1558 eundem,
1084 1481 1233 1563 Scipioni,
1256 1494 1311 1561 post·

90 1604 176 1662 quam
205 1584 230 1641 is
258 1585 417 1644 Romanam
444 1581 652 1662 rempublicam
678 1581 923 1658 adumbraverat,
944 1582 1014 1642 haec
1032 1581 1108 1641 dicit
1121 1579 1313 1639 :uacuum

90 1682 169 1740 milei
196 1684 311 1741 viderie
337 1691 473 1740 noctram
498 1682 733 1758 rempublicam,
747 1697 830 1740 'cum
860 1688 898 1740 er
926 1691 956 1740 te
981 1703 1040 1740 non
1068 1673 1257 1752 denoetra,
1277 1677 1312 1736 eei

89 1781 124 1838 de
153 1787 235 1838 amni
262 1783 416 1859 republica
449 1786 615 1858 puaeeieeet
634 1778 770 1839 haeliae.
822 1777 885 1838 Nee
909 1789 1010 1841 tamen
1028 1781 1126 1838 didici
1146 1800 1184 1836 er
1202 1783 1312 1837 oratiam

89 1887 163 1952 tua,
190 1887 283 1936 istam
300 1886 399 1956 ipram
421 1879 657 1956 rempublicam,
687 1900 778 1957 quam
798 1879 927 1953 laudae,
945 1901 1005 1956 qua
1022 1878 1211 1954 disciplina,
1229 1876 1314 1954 quibat

89 1978 223 2034 moribue
257 1987 312 2035 aut
345 1979 461 2060 legibue
490 1985 674 2036 constituere
700 1978 746 2035 cel
771 1998 950 2036 coneeraare
975 1984 1129 2055 pceeimue
1159 1974 1204 2057 2).
1251 1975 1313 2046 Quae

87 2094 153 2133 cum
172 2073 294 2137 dixisset
314 2075 445 2150 Tubero,
474 2076 647 2150 Africanus,
669 2085 761 2152 puto,
786 2075 904 2154 inquit,
925 2077 1007 2134 nobis
1033 2095 1101 2132 mos
1116 2075 1157 2132 ule
1174 2081 1312 2132 tuentum·

87 2174 137 2231 dis
155 2182 184 2231 et
203 2176 418 2233 conservandis
440 2177 617 2233 civitatibue
640 2181 808 2252 aptiorem,
841 2173 973 2250 Tubero,
991 2175 1067 2249 scre
1091 2173 1260 2231 discerendi
1283 2171 1312 2226 la-

89 2293 167 2330 cum.
209 2271 258 2330 De
276 2281 385 2350 optimo
402 2280 505 2331 autem
523 2281 607 2330 etatu
627 2274 762 2350 equidem
782 2274 961 2330 arbitrabar
984 2294 1029 2331 me
1047 2280 1127 2330 eatie
1148 2270 1313 2351 reepmdieu

89 2371 130 2428 ad
155 2371 207 2443 id,
235 2372 312 2447 quod
339 2377 516 2448 quaesierat
538 2369 673 2431 Laelius.
714 2370 861 2429 Primum
888 2378 969 2429 enim
994 2392 1121 2429 numero
1153 2371 1312 2448 definierant

85 2488 200 2546 genera
227 2475 388 2527 ciuitatum
414 2476 479 2527 tria
505 2471 699 2546 probabilia;
722 2477 896 2549 perniciora
923 2479 1024 2528 autem
1050 2472 1156 2528 tribue
1179 2470 1244 2527 illie
1259 2474 1314 2524 toti·

87 2565 154 2622 dem
171 2575 347 2626 contraria:
366 2568 544 2646 nullumque
562 2591 597 2627 ea
615 2575 656 2628 iie
674 2591 771 2626 unum
791 2591 852 2628 eree
866 2577 1032 2646 optimum
1051 2570 1106 2628 eed
1124 2570 1161 2627 id
1174 2578 1312 2647 praestare

88 2652 221 2742 cingulis
231 2709 239 2739 ,
259 2668 337 2745 quod
354 2689 369 2726 e
388 2670 490 2725 tribue
503 2675 619 2745 primis
638 2676 714 2726 creet
730 2663 848 2726 ‘modice
868 2676 1080 2745 temperatum.
1126 2663 1215 2746 Quod
1231 2676 1312 2724 cutm

86 2764 218 2840 eaenmla
247 2776 369 2825 noetrae
397 2772 545 2825 ciuitatis.
563 2788 636 2824 ueue
673 2788 757 2834 eum,
789 2787 848 2824 eran
881 2767 921 2824 ad
948 2766 1160 2842 definiendum
1189 2774 1312 2843 optimate

84 2869 201 2919 etatum
221 2865 373 2921 caluit-
391 2865 516 2922 numid
530 2865 612 2942 fleri
625 2872 726 2942 potuit
746 2871 811 2922 eine
829 2865 1009 2942 cuempia-
1029 2865 1081 2923 eed
1099 2875 1138 2922 ut
1154 2872 1192 2922 in
1210 2871 1312 2922 ciuitate

87 2967 222 3017 maaima
249 2982 353 3039 reapse
381 2971 577 3036 cerneretur,
608 2963 697 3041 quale
724 2971 799 3020 eeeet
825 2965 876 3036 iel,
905 2963 982 3040 quod
1002 2969 1087 3020 ratio
1107 2971 1263 3042 oratioque
1277 2963 1317 3019 ἐν

87 3059 241 3118 scriberet.
285 3059 343 3118 Sin
361 3071 464 3119 autem
482 3068 547 3119 eine
571 3061 668 3119 ullius
683 3062 790 3139 populi
808 3061 939 3138 erenupla
956 3081 1054 3140 genae
1072 3067 1178 3139 iprum
1199 3068 1313 3141 experiris

86 3163 194 3231 optimi
224 3166 341 3231 statue,
371 3166 556 3218 naturae
580 3165 775 3240 imagine
806 3161 953 3218 utendum
982 3167 1027 3218 eet
1056 3161 1143 3218 nobie
1171 3159 1214 3240 3).
1264 3161 1312 3234 Qut

87 3266 165 3335 patet
173 3239 189 3328 ,⁸
212 3254 400 3331 Ciceronem,
427 3257 538 3316 etiamsi
566 3260 682 3339 proprie
702 3280 761 3318 non
781 3257 819 3318 ad
841 3258 970 3317 Platonis
988 3256 1159 3338 exemplum
1184 3259 1311 3320 civitaten

86 3349 227 3428 finxerit,
256 3367 353 3414 tamen
393 3355 550 3414 informare
585 3357 702 3434 ingenio
733 3357 942 3439 rempublicam
980 3355 1148 3432 studuisse3
1182 3373 1311 3438 usurpasse

85 3463 180 3508 autem
210 3452 357 3514 civitatem
388 3455 565 3528 Romanam,
598 3474 656 3532 quo
692 3456 788 3535 aptius
814 3443 855 3514 ita
881 3464 1013 3512 naturae
1037 3460 1210 3535 imaginem
1235 3452 1310 3535 expr‘r
1354 3444 1356 3543 ξ

83 3561 184 3608 meret.
226 3551 385 3632 Deperdita
415 3564 484 3610 sunt
514 3551 576 3611 loca
587 3598 595 3627 ,
623 3552 729 3632 quibus
754 3552 786 3613 id
814 3552 956 3633 peregisse
975 3550 1113 3626 videtur;
1137 3555 1172 3614 in
1191 3551 1310 3635 proximis
1354 3550 1356 3613 Ι

85 3658 180 3704 autem
207 3663 378 3729 supersunt,
406 3669 421 3707 e
447 3650 571 3728 quibus,
593 3649 667 3729 quid
695 3652 887 3710 iuncturae
906 3650 959 3708 illa
978 3659 1116 3729 imagine
1136 3651 1310 3732 spectaverit,

83 3745 273 3822 conjiciamus
297 3743 338 3826 4).
390 3748 425 3806 ln
455 3747 500 3806 his
530 3748 627 3807 elucet
657 3750 781 3808 manime
818 3748 897 3808 lacus
926 3747 964 3806 de
988 3749 1116 3826 justitia.
1173 3750 1310 3808 Renuneie

89 3952 344 3964 Ἠ

98 4159 101 4163 Ι
120 4081 143 4146 ll
163 4085 275 4136 Macrob.
296 4086 328 4136 ad
345 4088 427 4138 Sama.
443 4089 482 4142 Sc.
498 4088 516 4139 l.
536 4089 561 4139 l.

116 4167 144 4230 2)
164 4169 214 4221 cn.
233 4171 271 4220 ae
290 4173 351 4240 rep.
367 4172 397 4222 11.
418 4171 441 4220 1.
463 4172 503 4224 n.
522 4172 565 4224 38.

115 4250 141 4317 ³)
160 4255 199 4306 ld.
219 4258 270 4307 aad.
288 4254 331 4306 39.

22 4355 25 4360 ’
115 4336 141 4403 l)
160 4340 241 4392 llecte
271 4343 353 4407 Maius
372 4343 405 4394 ad
424 4343 449 4394 h.
471 4343 507 4394 l.:
532 4362 613 4396 sermo
635 4347 677 4398 bic
697 4348 750 4414 fuit
769 4349 798 4400 de
821 4358 928 4414 natura,
951 4368 1016 4419 quae
1035 4339 1227 4405 mmmmm
1244 4350 1308 4416 bisti·
1352 4356 1356 4373 “

77 4427 188 4492 tiamqua
208 4429 296 4478 suadet
313 4438 336 4479 et
352 4438 443 4480 sucat.
459 4455 493 4467 -
507 4427 614 4482 Videtur
627 4441 713 4485 eutem
733 4435 794 4485 milui
816 4433 906 4487 Cicero
928 4436 967 4487 hic
983 4434 1043 4488 aaut
1059 4440 1164 4507 operi,
1183 4434 1217 4488 ad
1231 4435 1305 4509 run·
