2774 5048
703 257 763 315 420

132 417 150 502 ἡ
173 418 270 498 εἰκών,
291 420 310 504 ἢ
329 421 366 484 ἐκ
385 422 446 501 τῆς
469 415 616 499 ἀληθεῖ
634 441 674 489 ας
692 412 804 498 αὐτήν
821 440 856 476 τε
875 414 1064 498 αὐτήνκαὶ
1084 414 1149 500 τήν
1167 415 1331 480 tludvoosi

129 526 173 604 τῆ
177 548 205 599 ς,
228 519 438 605 eloquentiorem
456 519 655 601 ιίργασταις-
671 515 720 580 Ἐκ
743 521 796 600 τῆς
816 518 962 600 ‹ilqlleloc
975 543 1027 598 μοι
1043 521 1129 582 δοκεῖ
1146 516 1253 602 ἀνάγκη
1271 517 1332 584 cloto·

131 637 270 708 eiigitur
288 650 355 686 cum
376 634 505 685 occcime
520 625 634 682 discere
645 647 659 681 e
670 626 839 681 oeoroioilue
849 646 898 681 res
920 627 990 682 licet
1001 670 1009 696 ,
1021 627 1092 683 licet
1108 636 1211 684 antem
1228 635 1335 704 itcntper

128 750 157 784 cc
178 735 275 802 ipsus,
298 738 371 783 retro
388 730 599 799 praestantior
618 723 839 798 dilucidiorque
859 724 995 780 discendi
1014 731 1095 781 ratio
1122 724 1205 780 erit?
1235 748 1267 782 oe
1281 733 1335 782 imo·

121 834 194 903 gine
212 824 326 881 discere
346 834 375 880 et
394 829 511 899 ipsum,
542 828 570 876 ei
590 830 670 877 recle
699 827 921 896 expresserit,
949 830 978 876 et
999 830 1181 893 veritatem,
1203 829 1286 897 eujus
1304 832 1336 879 etl

128 930 243 999 imago,
266 943 305 977 oo
328 943 396 978 vero
417 942 461 977 ac
488 926 683 976 veritate
712 929 750 974 et
778 925 907 995 ipsum
936 929 973 975 et
1002 926 1338 1000 imaginemque,

127 1028 155 1077 ei
178 1025 207 1075 ei
239 1029 440 1100 congruenter
465 1026 507 1073 eit
533 1015 688 1094 effielcl-
706 1015 755 1072 Ea·
792 1024 920 1073 cecitate
959 1018 1035 1073 anili
1075 1019 1200 1076 uidetur
1246 1040 1337 1076 neceto

129 1140 188 1176 eece
219 1116 280 1194 l).''

165 1216 243 1272 Haec
264 1213 393 1273 Socrates
412 1214 444 1271 in
474 1212 590 1291 Crutylo
617 1211 754 1270 Platonis.
798 1213 983 1289 assequimur
1012 1226 1108 1271 autem
1135 1211 1208 1273 inde
1229 1235 1283 1273 non
1300 1212 1339 1271 to

127 1312 238 1382 solum,
258 1311 353 1389 qualis
372 1313 409 1369 sit
430 1331 542 1388 quaque
562 1309 712 1368 tractanda
732 1311 842 1368 ratione
861 1309 1055 1390 metaphysica
1077 1311 1266 1393 philosophi,
1290 1310 1340 1382 sed,

124 1409 272 1486 quodnam
291 1410 359 1466 item
380 1409 458 1488 apud
477 1429 543 1466 enm
563 1410 801 1485 noctopltyn'cum
820 1409 874 1482 sit,
903 1407 982 1485 quod
1002 1430 1053 1467 nos
1071 1409 1224 1490 appellare
1240 1429 1339 1469 consue

124 1508 219 1566 vimus
230 1551 237 1579 ,
254 1508 433 1585 linguarum
454 1508 599 1564 studium.
641 1505 727 1580 Quod
748 1506 849 1587 paucis
869 1491 1091 1581 demonstrasse,
1111 1506 1151 1567 ad
1170 1508 1259 1587 ipsam
1277 1507 1337 1578 veri,

124 1622 209 1678 quam
238 1603 397 1681 spectavit,
427 1602 588 1662 doctrinam
620 1602 837 1683 percipiendam
861 1603 997 1683 penitus,
1027 1625 1085 1663 non
1104 1603 1285 1665 mediocriter
1302 1623 1338 1663 nos

122 1699 249 1776 juvabit.

535 1895 592 1953 De
623 1896 927 1975 metaphysica,

355 1996 457 2072 quod
487 1995 670 2066 dicitur,
703 1996 950 2073 linguarum
981 1996 1133 2054 studio.

164 2191 240 2249 Sunt
254 2191 524 2262 nominaetvoces,
544 2188 582 2247 de
601 2188 729 2247 Platonis
747 2191 904 2264 sententio,
926 2190 968 2249 uti
989 2210 1026 2249 ex
1046 2189 1180 2250 Phaedro
1190 2188 1337 2259 didicimus,

122 2289 273 2346 notionum
294 2287 452 2364 imagines,
477 2285 584 2363 quibus
601 2304 681 2343 mens
701 2298 796 2344 nostra
817 2287 860 2345 uti
882 2288 915 2346 in
937 2288 1090 2367 cogitando
1100 2304 1123 2363 ,¹
1142 2288 1285 2368 colloquio
1300 2283 1337 2344 illo

123 2388 254 2456 interno,
271 2383 352 2442 solet.
383 2383 531 2442 Viderunt
550 2381 626 2456 hoc,
646 2395 723 2440 cette
744 2385 882 2464 suspicati
908 2384 1120 2464 quodammodo
1137 2386 1186 2445 illi
1202 2401 1284 2460 sunt,
1300 2381 1336 2462 qul

121 2480 158 2540 dc
179 2482 331 2542 verborum
346 2481 458 2560 origine
475 2480 715 2559 disquisiverunt5
737 2481 863 2540 sednon
881 2495 958 2541 recte
978 2483 1049 2543 inde
1059 2529 1067 2559 ‚
1090 2496 1123 2541 nt
1143 2484 1227 2542 Plato
1245 2481 1337 2553 statuit,
1379 2518 1381 2541 t

121 2577 351 2656 disquisitionem
362 2578 566 2637 instituerunt.
595 2578 670 2636 Nam
689 2599 726 2637 ex
747 2578 862 2653 verbis,
879 2593 1015 2659 tanquam
1027 2581 1160 2641 veritatis
1171 2579 1337 2662 imaginibus,

122 2677 289 2751 veritatem,
311 2697 369 2735 uon
390 2696 427 2736 cx
449 2675 569 2734 veritate
589 2689 617 2733 et
637 2676 790 2734 veritatem
810 2675 899 2755 ipsam
919 2690 947 2734 et
967 2677 1106 2758 imagines
1121 2680 1186 2757 ejus
1195 2678 1338 2756 judicatum
1377 2680 1381 2703 ‘

119 2776 246 2834 iverunt.
289 2777 366 2834 Hinc
395 2773 590 2836 diversissima
616 2793 713 2832 eorum
744 2772 781 2831 de
809 2795 860 2848 eo,
889 2772 968 2852 quod
990 2797 1091 2836 verum
1111 2790 1173 2850 est,
1199 2776 1339 2853 judiciaet

117 2891 226 2930 errores
252 2872 422 2951 gravissimi.
466 2872 537 2928 Nam
564 2885 695 2929 constare
724 2871 849 2950 primum
879 2870 916 2929 de
937 2871 1034 2932 verbis
1049 2874 1220 2952 oportebat,
1249 2893 1302 2932 esse
1317 2891 1339 2928 ea

119 2988 216 3047 reapse
245 2970 375 3030 veritatis
405 2969 562 3047 imagines:
595 2966 627 3025 id
655 2989 723 3028 vero
744 2968 898 3027 incertum.
945 2991 960 3023 ι(
973 2970 1036 3027 Ηοο
1055 2970 1289 3046 consideremus,
1311 2969 1340 3027 ait

119 3063 266 3139 Socrates,
295 3086 331 3124 ne
350 3065 441 3123 multa
460 3063 530 3122 hacc
553 3066 671 3123 nomina
693 3066 724 3122 in
746 3063 824 3123 idem
846 3067 996 3127 tendentia
1019 3088 1071 3126 nos
1089 3068 1261 3150 decipiant,
1288 3067 1340 3146 qui-

116 3183 171 3241 que
200 3183 297 3220 eorum
326 3177 456 3221 auctores
486 3162 625 3236 fuerunt,
655 3160 748 3221 veluti
778 3161 811 3219 in
828 3163 993 3240 quandam*
1008 3163 1081 3243 lapsi
1104 3167 1297 3246 vertiginem,
1320 3177 1340 3222 et

118 3261 173 3339 ipsi
193 3260 290 3338 agitati
308 3261 409 3317 misere
426 3259 486 3317 sint
503 3273 531 3317 et
550 3280 602 3316 nos
622 3260 653 3317 in
674 3257 795 3316 coisdem
813 3261 959 3339 rapientes
970 3260 1143 3340 immergant
1152 3261 1222 3343 2).’'
1244 3262 1278 3322 ld
1288 3280 1341 3322 vert

117 3379 176 3415 non
207 3355 429 3416 considerarunt
458 3357 517 3413 lere
548 3355 720 3434 etymologi:
751 3356 807 3434 ipsi
838 3356 910 3415 adeo
940 3379 956 3416 e
986 3359 1176 3434 nominibus,
1204 3379 1277 3438 quae
1301 3377 1340 3416 ex·

115 3455 248 3529 stabant,
277 3453 423 3533 quidquid
452 3453 523 3533 ipsis
553 3451 709 3513 videbatur
737 3472 854 3527 verum,
885 3454 1065 3536 ineptissima
1086 3456 1161 3515 adeo
1178 3469 1341 3527 commenta,

117 3551 314 3611 commendare
347 3565 375 3609 et
404 3549 590 3628 comprobare
619 3547 803 3608 studuerunt.
845 3551 1012 3626 Praeterea,
1043 3553 1094 3631 qui
1127 3553 1339 3634 etymologoruu

115 3649 193 3705 omni
231 3669 301 3711 aevo
336 3669 396 3707 mos
422 3647 500 3722 ¹fuit,
538 3667 598 3705 non
630 3645 715 3703 rebus
746 3648 902 3726 perspectis
941 3669 1039 3707 earum
1067 3650 1099 3708 in
1129 3651 1255 3711 vocibus
1285 3653 1339 3710 ima·

115 3854 353 3862 ——-—--—-

145 3990 175 4053 l)
193 3990 287 4056 Grotyl.
305 3989 364 4042 438.
381 3991 455 4041 D.-
471 3989 530 4042 439.
550 3990 580 4041 B.
597 3989 708 4041 Videtur
725 3991 803 4057 plane
818 3991 892 4045 Plato
920 3996 1035 4060 posteris
1055 3996 1239 4065 peragentium
1250 3995 1335 4061 retiqu·

111 4077 179 4136 isse,
197 4075 267 4141 quod
282 4077 339 4141 ipse
359 4077 497 4141 praecepit.
516 4072 580 4126 Nam
596 4080 640 4127 vix
660 4080 767 4127 occurrit
779 4079 805 4128 in
818 4086 873 4128 toto
894 4077 1000 4144 cratylo
1015 4081 1183 4149 caeterisque
1196 4080 1252 4146 ejus
1263 4079 1331 4142 scrip·

110 4160 143 4208 tis
162 4160 273 4210 nominis
297 4160 472 4228 etymologia,
499 4175 565 4227 quae
588 4160 621 4210 ad
645 4163 824 4229 grammaticae
848 4164 976 4214 rationem
997 4154 1047 4215 rite
1067 4166 1102 4215 sit
1120 4173 1220 4216 exacta.
1254 4161 1332 4215 Atto

112 4244 195 4307 ipsum
209 4246 387 4312 grammaticae
406 4244 517 4294 studium
533 4246 582 4294 rite
599 4244 700 4295 demum
718 4255 779 4312 post
796 4246 931 4300 Platonem
947 4255 974 4299 et
993 4249 1145 4300 recentiore
1173 4265 1240 4301 aevo
1256 4242 1329 4298 excul-

112 4333 164 4374 tum
180 4335 226 4376 cst.
263 4326 343 4389 Cujus
360 4328 507 4389 historiam,
529 4331 599 4394 quod
616 4329 772 4393 dolendum,
793 4332 972 4383 desideramus
990 4333 1146 4384 etiamnunc.

147 4408 173 4472 2)
192 4410 285 4476 Crotyl.
305 4411 355 4460 439
374 4412 401 4460 Β.
423 4411 450 4461 C.
