2796 5048
1282 212 1300 271 3

496 424 499 435 .
556 380 595 431 Da
611 381 711 449 wlgari
727 396 819 431 maore.
1248 322 1300 429 pirgi

108 497 293 547 Phaedrus.
314 498 429 547 Socratis
446 499 471 546 in
489 496 600 547 amor'cm
620 500 708 565 oratio.
726 498 871 563 Explicatur
891 514 905 546 e
923 498 1035 547 moritus
1054 498 1223 560 antiquorum.

459 618 496 669 De
514 635 596 669 arnone
613 618 725 682 coelesti,
744 620 795 669 sios
817 618 919 669 Uranie.
1265 614 1301 667 60

104 739 223 804 Populati
240 740 391 787 Graecorum
413 736 464 786 lahi
483 738 577 786 restitit
592 737 748 805 philosophia
764 737 878 785 Socratis.
898 736 968 799 Sym
976 737 1115 801 posium.
1134 735 1249 785 Phaedri

69 827 104 874 de
122 840 207 873 amore
227 840 317 872 sermo.
337 824 472 870 Pos'taram
492 823 556 871 loca.
582 823 672 870 Amore
691 822 821 870 Platonico
843 824 928 869 virtus
944 826 1080 884 spectetur.
1100 821 1249 869 Pausaniae

69 927 163 960 sermo.
188 910 264 959 llrnor
284 908 428 957 Platonicus
446 909 477 957 ad
490 908 679 973 philosophiam
698 908 797 972 potius,
822 920 896 971 quam
912 907 943 955 ad
961 907 1113 973 religionem
1125 908 1244 957 retertur.

70 997 261 1067 Παιδεραστίας
278 996 348 1058 origo
362 1000 389 1043 et
407 996 477 1043 ratio.
498 994 672 1059 Eryeimoehi
689 1008 778 1042 sermo.

332 1113 435 1165 Virtutis
452 1123 540 1165 auctor
557 1116 625 1182 opud
642 1112 768 1165 Platonem
785 1114 893 1164 eoelestis
910 1130 980 1165 amor
999 1122 1041 1165 est.
1265 1112 1300 1165 65

104 1218 182 1265 Amor
196 1220 247 1265 um
264 1218 373 1264 virtutis
388 1216 463 1279 quim
470 1216 643 1277 fortitudinis
662 1222 758 1266 auctor.
779 1217 828 1264 Fr.
845 1216 1146 1265 Hernstsrhusins.
1166 1214 1245 1265 Aris-

67 1288 189 1369 tophanis
212 1317 300 1351 sermo.
323 1302 462 1364 Singularis
483 1302 624 1351 lhhularum
645 1300 829 1350 Platonicorum
854 1302 970 1362 afermo
985 1308 1011 1350 et
1028 1318 1103 1350 sensa
1118 1316 1244 1351 commen-

65 1389 146 1438 datio.
171 1390 301 1437 Diotimas
315 1388 408 1437 fabula.
426 1389 503 1437 Amor
523 1402 552 1436 ex
570 1386 718 1453 indigentia
733 1386 863 1435 oriundus.
889 1388 1002 1436 Ohscure
1018 1392 1152 1437 aenoerunt
1168 1387 1246 1436 Aris-

67 1474 191 1538 tophanes
202 1476 229 1521 et
239 1474 372 1536 Diotimo,
390 1489 455 1536 quae
471 1474 589 1521 disertius
604 1474 725 1537 explicuit
739 1474 955 1523 Hsmstsrlsusias.
975 1476 1124 1536 congruunt
1135 1475 1245 1537 linguae.

65 1560 146 1609 Amor
159 1560 250 1606 mortis
257 1559 369 1619 fortiter
377 1574 427 1622 pro
440 1559 522 1607 altero
536 1558 682 1607 subeundus
696 1566 795 1607 auctor.

79 1748 83 1753 ι
323 1678 438 1730 Homines
453 1676 556 1735 Ἰνθέους
573 1678 608 1728 ad
623 1679 738 1729 virtutem
755 1679 828 1744 efficit
845 1696 915 1729 arnor
933 1678 1048 1731 coelestis.
1265 1678 1300 1729 69

100 1780 288 1831 Phaedrus.
307 1782 424 1830 Socratis
440 1780 572 1845 palinodia.
592 1780 676 1828 Furor
695 1782 721 1829 in
736 1797 830 1829 umore.

324 1902 416 1953 Diome
431 1903 522 1970 ioapetu
539 1904 630 1970 optima
645 1920 755 1970 quaeqae
772 1904 799 1952 ιἰι
816 1902 938 1953 hominum
953 1919 1043 1969 penne

432 1990 597 2049 wethmor:
614 1990 644 2039 de
660 1987 820 2039 &sesomires
838 1990 939 2038 aroris.
1265 1986 1295 2037 Π

100 2090 168 2156 Quid
189 2089 328 2140 tenendum
352 2088 383 2137 de
403 2094 517 2138 veterum
538 2086 675 2138 moeniis?
696 2090 803 2140 Poiseos
817 2095 845 2138 et
859 2090 1037 2155 philosophias
1056 2090 1205 2153 conjunctio
1217 2089 1245 2137 in

62 2179 177 2227 Socratis
189 2175 315 2242 palinodia
329 2176 542 2225 animadvertitur.
561 2176 673 2241 Hymnus
694 2181 733 2224 cst
749 2193 763 2224 e
777 2177 877 2245 Sappho
888 2177 997 2240 aliisque
1011 2177 1096 2240 poitia
1106 2190 1243 2239 capranna

281 2296 319 2347 Da
336 2297 429 2347 amnis
445 2298 514 2365 apud
528 2296 655 2347 Platonem
671 2306 695 2347 at
710 2296 877 2365 philosophiae
894 2298 1079 2349 necessitudine.
1261 2294 1294 2346 ⁷5

98 2372 262 2465 Conspicitur
278 2401 414 2465 praecipue
434 2400 460 2447 in
477 2399 617 2465 palinodiae
637 2400 697 2449 linc.
717 2399 864 2448 Phaedri
881 2406 998 2449 venustas
1014 2405 1042 2447 ut
1059 2398 1122 2448 alios
1140 2400 1174 2447 ita
1192 2399 1244 2446 es·-

60 2502 220 2534 oeronem
249 2486 329 2535 movit
361 2492 388 2534 et
416 2486 443 2532 in
481 2485 615 2533 scribendo
642 2501 777 2535 memorem
805 2484 899 2535 effecit.
931 2484 1079 2534 Phaedri
1104 2484 1241 2549 juveutute

59 2572 156 2637 scripti
172 2572 333 2637 praestantia.

505 2690 527 2742 lt
545 2692 566 2743 E
601 2692 623 2740 Α
639 2690 663 2741 R
680 2690 701 2741 T
719 2692 731 2741 l
749 2692 769 2741 B
787 2691 807 2742 U
826 2692 862 2753 S,

303 2812 366 2857 coar
382 2813 415 2847 au
433 2795 518 2847 sixena
536 2810 626 2855 aucuns
644 2810 758 2859 axoana,
778 2811 803 2845 ιιι
820 2810 901 2844 naurs
917 2809 948 2845 aa
966 2808 1061 2844 ausina.

270 2902 335 2965 Quid
351 2900 414 2952 ilind
430 2910 479 2964 est,
497 2902 562 2967 quod
577 2902 605 2949 in
621 2901 714 2951 Μίιιιιι
730 2902 810 2951 studio
826 2900 983 2967 reprehendit
999 2897 1092 2949 Plau?
1258 2895 1288 2948 81

95 3003 231 3052 Politia
246 3004 275 3053 Χ.
293 3005 328 3053 Ex
346 3003 456 3051 Platonis
471 3001 629 3066 philosophia
643 3017 730 3051 causa
745 3016 791 3050 our
813 2970 1065 3051 anea‘euntemssrit
1077 2998 1223 3063 explicatur.

342 3124 395 3187 Quo
412 3132 523 3191 spectant
537 3123 685 3190 potissim
703 3124 771 3191 apud
786 3122 913 3173 Platonem
930 3123 1016 3173 artes?
1256 3118 1291 3171 82

96 3228 174 3275 Artes
186 3240 243 3275 esse
259 3226 367 3288 negabat
384 3227 474 3291 Plato,
493 3226 541 3274 nisi
556 3240 620 3288 quae
638 3227 771 3273 vamtatem
785 3230 938 3289 spectarent.

539 3345 577 3395 De
594 3346 688 3413 origine
706 3348 816 3396 musices.
1253 3342 1287 3392 82

96 3449 141 3496 lle
160 3448 311 3510 Legibus
328 3448 361 3497 11.
387 3448 485 3497 Sensus
501 3448 615 3511 rhythmi
631 3454 655 3497 st
671 3450 824 3497 hannoniae.
844 3448 1024 3498 Phaedrus.
1043 3447 1136 3497 Pabula
1151 3448 1183 3496 de
1202 3449 1237 3497 ci·

61 3533 148 3583 eads's.
163 3534 288 3597 Quaenam
303 3535 428 3583 masicen
447 3533 551 3581 Platone
570 3533 733 3583 celebraturi

341 3653 379 3705 De
395 3655 423 3705 oi
437 3656 542 3705 mmicss
557 3655 593 3705 ad
609 3654 753 3705 suadendos
764 3669 900 3717 gerarorum
917 3656 1019 3705 mneos.
1232 3690 1235 3697 .
1257 3650 1293 3703 el

98 3755 181 3802 Prima
199 3754 355 3805 institution
373 3757 503 3805 masne
523 3756 649 3821 Apolline.
675 3758 807 3805 Fastorum
824 3762 851 3804 et
869 3757 983 3805 ludorum
1004 3757 1048 3807 vis.
1075 3756 1154 3805 Ohori
1165 3756 1249 3806 ratio.-

60 3842 210 3904 Hymnus
232 3841 266 3889 in
284 3840 491 3905 llpolliuem.
510 3843 599 3891 &ritui
616 3846 643 3891 et
655 3842 783 3892 saltationi
797 3842 953 3905 jungebatur
965 3844 1079 3891 imitatio
1092 3842 1144 3889 sire
1162 3842 1239 3892 actio.

62 3926 213 3991 Tragoedia
235 3930 262 3974 et
284 3926 418 3976 comoedia.
439 3927 481 3986 Ari
502 3928 592 4017 putori
612 3944 713 3978 sensum
732 3929 886 3977 eliciendum
903 3929 1049 3997 cpnspirant
1061 3930 1166 3992 poisis,
1183 3942 1240 3975 nra-

58 4015 136 4075 sice‚
160 4013 283 4061 saltatio:
305 4014 445 4079 praecipua·
465 4014 502 4061 vis
521 4016 628 4077 priseos
644 4020 692 4065 cett
714 4016 781 4065 llaec
794 4014 945 4080 disciplina,
962 4031 977 4064 a
991 4014 1100 4063 Platone·
1117 4028 1240 4065 sommen-

58 4098 134 4161 data,
154 4099 310 4161 congruebat
322 4100 435 4147 moritus
452 4100 646 4149 Atheniensium
662 4104 690 4149 et
709 4100 862 4171 duoanoni.

190 4219 229 4271 De
244 4186 339 4297 moesi
354 4230 377 4272 et
391 4216 587 4288 gymnastice'in
600 4237 735 4287 puerorum
752 4222 901 4272 institutione
917 4230 983 4272 reete
999 4222 1166 4289 meando.
1255 4217 1291 4293 89

96 4324 123 4373 T
120 4319 136 4373 ὁ
151 4311 247 4391 ἥμερον
264 4327 290 4371 et
302 4323 439 4389 deposcite
452 4328 557 4373 naturae
571 4323 695 4373 humanae
710 4324 817 4388 propria.
835 4324 878 4371 llis
891 4324 1073 4372 convenienter
1088 4322 1239 4371 excolendae

53 4410 223 4474 gymnastico
241 4411 268 4457 et
284 4410 383 4457 musice
400 4414 467 4457 sunt.
486 4408 623 4472 Praecipua
639 4410 751 4457 musices
769 4410 814 4460 vis.
