2796 5048
676 197 735 257 2116

87 374 187 443 potest.
239 358 420 439 syllogismis
452 357 660 418 connectendis
691 380 775 419 nemo
810 379 936 438 unquam
964 359 1137 421 mortalium
1163 360 1310 441 quidquam

88 460 204 521 invenit
234 457 321 518 novi:
350 456 404 517 hoc
423 470 463 515 est
482 455 641 527 Socraticae
660 457 799 518 methodi.
840 456 969 532 Quodsi,
989 458 1070 537 quod
1086 461 1246 525 inventum
1262 475 1311 537 est,

88 559 209 642 probare
235 555 303 616 aliis
331 569 359 615 et
388 555 602 629 demonstrare,
634 555 699 629 vel,
730 556 754 614 si
785 557 823 615 sit
842 555 1033 634 rejiciendum
1055 556 1156 633 illud,
1175 560 1310 620 confutare

88 659 239 731 volumus,
276 655 448 737 syllogismis
483 653 623 714 utendum
654 666 704 713 est.
746 654 834 714 Haud
861 656 973 737 peperit
997 654 1147 719 Socratica
1173 656 1310 719 methodis

8 808 10 813 ,
88 755 221 820 Euclidis
240 754 392 832 Στοιχεῖα·
414 766 475 813 tum
499 751 615 811 demum
639 752 708 811 haec
734 752 782 813 edi
806 754 838 811 in
860 752 953 812 lucem
972 768 1152 843 potuerunt,
1172 772 1308 839 postque!
1336 752 1338 767 '

89 858 251 918 Aristotelis
276 855 454 938 syllogistica
481 851 542 910 sive
566 851 603 909 ab
624 850 706 931 ipso,
727 851 789 911 sive
805 851 842 909 ab
858 851 939 926 aliis,
959 852 992 911 in
1012 852 1233 917 mathematicas
1250 874 1307 921 arte

90 957 230 1039 applicari
259 954 362 1034 coepit.
406 952 516 1009 Horum
544 961 638 1007 autem
668 948 781 1008 nullam
809 970 868 1008 esse
897 948 934 1008 ad
950 949 1128 1011 discendum
1149 955 1305 1035 utilitato,

90 1055 195 1116 stultus
221 1056 258 1115 sit
284 1072 398 1113 necesse
426 1063 486 1122 est,
516 1049 564 1126 qui
596 1049 763 1108 contendat.
805 1048 842 1107 Et
870 1061 985 1108 tantum
1011 1048 1108 1125 abest,
1142 1066 1176 1113 ut
1205 1068 1304 1117 natm

91 1155 257 1216 adversetur
284 1148 438 1210 methodus
456 1147 575 1219 haecce,
597 1159 629 1205 ut
649 1148 682 1204 in
702 1146 839 1205 familiari
857 1148 934 1207 vitae
953 1150 1153 1229 sermonisque
1172 1168 1302 1219 consueta

91 1254 179 1328 dine,
208 1253 241 1311 in
262 1248 375 1328 vulgari
393 1244 541 1306 scribendi
559 1243 741 1322 docendique
765 1246 897 1320 ratione,
918 1248 978 1307 fere
995 1246 1176 1328 syllogismis
1193 1250 1300 1313 lomim

90 1351 128 1412 ad
151 1347 356 1411 declarandam
384 1344 555 1404 sententiam
584 1364 679 1418 suam,
701 1364 764 1402 raro
782 1357 811 1403 et
830 1344 882 1403 vix
903 1366 1029 1423 unquam
1048 1345 1299 1411 inductionem.

90 1466 147 1511 tur.
188 1446 341 1508 Probando
368 1443 478 1504 scilicet
507 1462 593 1521 quam
622 1442 823 1516 inveniendo,
854 1457 886 1502 ut
907 1456 1042 1525 possunt,
1064 1444 1106 1503 ita
1122 1446 1220 1507 solent
1235 1448 1297 1509 eti!

91 1549 180 1630 magis
205 1566 318 1628 operam
350 1562 466 1602 navare.
508 1540 566 1599 Nec
595 1560 664 1599 vero
691 1553 751 1598 tam
769 1541 895 1601 studiose
914 1536 1083 1604 omni'aevo
1102 1546 1297 1625 pueroramir·

92 1647 235 1707 stitutioni
264 1643 428 1703 adhibitum
458 1639 559 1698 fuisset
583 1637 717 1698 Euclidis
746 1660 834 1719 opus,
862 1641 1058 1718 sisyntlmis
1082 1663 1144 1703 non
1162 1642 1298 1723 sequeb-
1322 1690 1325 1695 .

91 1747 203 1806 minum
222 1743 312 1803 menti
334 1755 419 1818 atque
439 1739 577 1815 onalyea‘s
597 1737 777 1797 conveniret.

133 1843 190 1904 Sed
221 1856 252 1901 ut
278 1837 457 1901 vindicanda
487 1856 502 1893 a
529 1834 685 1893 multorum
714 1848 860 1894 contemtu
889 1836 1052 1901 Aristotelis
1078 1851 1121 1897 est
1146 1839 1238 1916 ratio,
1261 1838 1340 1911 itt,‘

93 1945 154 2024 ipse
183 1938 349 2002 Aristoteles
375 1936 440 2016 quis
461 1934 548 1992 luerit
566 1932 694 2012 quidque
714 1934 831 2006 feccrit,
852 1948 988 1993 recteest
1008 1934 1242 2015 dijudicandum.
1275 1934 1329 2001 U}

94 2056 193 2102 auctor
216 2039 274 2099 fuit
304 2034 433 2095 methodi
463 2031 567 2110 hujus,
588 2032 629 2089 ita
649 2052 666 2089 a
685 2031 785 2090 multis
805 2031 890 2091 homo
909 2031 1010 2093 haberi
1031 2033 1340 2114 syllogisticus,'infl

93 2163 161 2203 vero
179 2136 365 2200 scholasticus
381 2132 461 2192 solet.
483 2129 569 2204 Quod
587 2130 625 2189 de
644 2151 678 2189 eo
688 2130 834 2207 judicium
854 2131 967 2206 ferunt,
988 2132 1039 2212 qui
1060 2133 1158 2215 ipsum
1175 2140 1340 2214 nunqu!

92 2240 244 2319 legerunt,
265 2257 280 2294 e
298 2233 359 2292 solo
377 2253 442 2290 eum
458 2228 596 2307 judicant
615 2228 766 2287 hominum
785 2251 914 2304 rumore,
935 2252 951 2289 e
968 2231 1137 2312 discipulis,
1154 2247 1187 2294 at
1201 2232 1304 2315 vulg&
1337 2288 1340 2297 ,

93 2337 130 2397 de
161 2336 293 2415 magistro
323 2333 516 2407 conjecturam
543 2327 681 2407 capiunt,
713 2326 955 2407 confunduntque
986 2329 1122 2389 divinum
1144 2332 1240 2392 virum
1256 2340 1341 2392 cut!

5 2486 8 2491 .
93 2433 328 2495 scholasticorum
356 2426 523 2501 hominum,
553 2425 603 2505 qui
632 2426 722 2506 ipsius
753 2427 869 2486 nomine
889 2448 918 2485 se
938 2429 1139 2489 sustinuerunt
1160 2430 1300 2513 appellare
1331 2466 1341 2495 .-

94 2531 292 2593 multitudine.
344 2526 401 2601 Qui
435 2524 504 2605 legit
537 2524 738 2599 Aristotelem,
769 2546 870 2605 parum
903 2524 1002 2600 abest,
1032 2527 1106 2606 quin
1134 2528 1216 2587 tanti
1240 2546 1293 2587 eutr
1326 2560 1341 2593 ι

93 2631 203 2712 quanta
227 2631 321 2710 ipsum
346 2625 494 2685 Platonem
515 2623 705 2683 admiratione
722 2638 928 2703 prosequatur,
952 2646 985 2684 ac
1005 2625 1138 2686 Ciceroni
1156 2626 1341 2687 asenam

93 2729 198 2805 facile,
229 2742 380 2805 utrumque
408 2724 439 2781 in
474 2721 608 2782 omnibus
641 2722 774 2803 scriptis,
806 2735 927 2803 excepto
957 2744 1015 2782 uno
1043 2722 1179 2799 Socrate,
1206 2722 1341 2785 caetui!

94 2828 269 2911 praeferenti
298 2821 477 2907 philosophis
494 2819 639 2880 omnibus.
680 2820 794 2879 Novum
814 2821 982 2880 Aristoteles
998 2822 1175 2902 excogitavit
1193 2822 1332 2885 elabora-

96 2931 194 3007 vitque
224 2924 393 2986 dialecticae
415 2913 554 3002 ὄργανον,
576 2941 633 2998 quo
654 2917 859 2999 syllogisticam
882 2919 1050 2979 admirabili
1070 2921 1196 3000 quadam
1213 2912 1324 3001 ingenii

48 3058 54 3067 s
95 3026 254 3086 subtilitate
283 3023 416 3102 exposuit
448 3022 616 3102 legibusque
647 3016 822 3076 adstrinxit:
857 3038 910 3076 nec
942 3032 1038 3078 tamen
1073 3019 1175 3080 eodem
1203 3012 1317 3079 Socrati!

96 3125 225 3206 neglexit
245 3113 410 3202 ἐπαγωγὴν.
423 3119 451 3203 1)
490 3119 606 3181 Paravit
624 3117 678 3177 hoc
695 3137 843 3197 organum
863 3116 915 3176 ille
933 3118 1093 3197 posteritati
1113 3119 1219 3199 magis,
1236 3130 1311 3195 quan
1340 3110 1342 3119 '

97 3224 152 3284 sibi
181 3245 285 3284 suaeve
312 3223 407 3282 aetati.
448 3221 501 3281 Usi
530 3232 597 3279 sunt
615 3216 788 3298 syllogismis
806 3215 914 3292 Stoici,
934 3215 966 3298 2)
997 3231 1029 3276 ut
1047 3217 1172 3278 aliorum
1191 3216 1305 3277 conluta-

95 3335 161 3381 rent
190 3321 371 3397 doctrinam,
391 3342 471 3380 suam
489 3318 712 3390 confirmarent,
736 3317 780 3374 usi
797 3330 865 3375 sunt
884 3316 983 3376 eodem
1004 3316 1128 3377 consilio
1144 3310 1298 3377 scholastiti=

96 3420 156 3501 ipse
185 3421 351 3482 Aristoteles
379 3421 432 3481 vix
460 3432 502 3479 est
530 3417 592 3477 illis
612 3436 689 3476 usus.
731 3414 840 3475 Eadem
867 3417 929 3493 ejus
957 3417 1030 3475 ratio
1059 3437 1091 3475 ac
1113 3415 1237 3477 Platonis
1250 3408 1297 3471 lul·

96 3519 137 3578 Ut
163 3518 215 3579 ille
245 3520 395 3581 inventam
421 3541 437 3578 a
464 3516 582 3578 Socrate
609 3508 780 3595 ἕπαγωγήν,
810 3514 849 3574 ita
869 3513 918 3573 hie
935 3513 1112 3594 analyticam
1132 3516 1294 3583 rationetur,¹
1337 3548 1343 3573 t

96 3617 215 3677 Platone
237 3619 268 3678 in
289 3617 383 3678 lucem
399 3617 553 3700 prolatam,
575 3617 690 3699 scriptis
712 3615 862 3698 usurpavit
878 3614 946 3673 suis.
968 3612 1026 3672 Sed
1043 3613 1115 3674 haec
1131 3627 1193 3674 tum
1209 3610 1292 3673 dent!

97 3729 232 3796 poterunt
260 3716 404 3798 intelligi,
435 3729 599 3797 postquam,
629 3715 707 3795 quod
737 3735 816 3775 nunc
848 3711 1030 3793 aggredimur
1054 3706 1088 3771 'et
1115 3735 1194 3773 nunc
1208 3700 1290 3771 leur·

77 3813 210 3894 ,aggredi
229 3828 306 3873 recte
326 3837 493 3896 possumus,
514 3814 643 3875 Platonis
661 3813 829 3874 methodum
850 3811 1104 3873 declaraverimus.
1126 3810 1134 3825 “

131 4116 158 4181 1)
174 4117 283 4193 hrbatot.
302 4117 403 4184 Asolyt.
422 4119 440 4169 l.
461 4119 484 4171 l.
504 4129 530 4172 et
544 4121 649 4188 passim.

131 4201 456 4265 ffifflbmfflb
