2774 5048
599 252 612 272 ⁶
639 265 697 325 ttt

461 425 519 484 De
546 435 679 484 animi
711 437 876 485 notura.

90 623 276 687 Ordiendum
305 620 388 681 nobis
417 619 515 682 denuo
543 636 573 682 et
601 622 649 682 hle
677 623 796 702 quidem
825 621 949 680 maxime
971 641 987 678 e
1008 621 1151 680 nobismet
1171 624 1241 702 ipsis
1260 637 1288 682 et

55 725 144 783 animi
174 721 265 782 nostri
284 733 388 779 natura
409 720 475 779 erit.
518 721 589 779 Nam
608 721 868 800 quomodocunque
887 720 924 780 de
944 720 1004 780 vite
1022 720 1105 778 beuta
1123 722 1288 780 existiman·

55 820 123 883 dum
144 839 308 892 censemus,
329 818 391 876 sive
411 839 473 878 eum
493 840 508 878 a
527 818 649 899 physica
670 820 817 895 bominis,
837 838 923 899 quum
942 832 1062 892 vocant,
1083 819 1144 878 sive
1162 820 1288 878 amoruli

55 918 224 979 conditione
243 916 482 996 repetiverimus,
504 931 536 976 ut
554 931 631 975 recte
651 915 689 976 de
709 939 740 977 re
759 919 926 997 gravissime
941 915 1122 995 judicemus,
1141 916 1213 995 quid
1230 921 1289 995 jus·

55 1017 119 1077 titia
159 1017 215 1090 sit,
250 1013 422 1094 qualemque
450 1036 511 1073 esse
536 1014 682 1074 bominem
712 1017 872 1096 perfeetum
903 1028 1050 1095 oporteat,
1078 1013 1178 1072 deditd
1205 1017 1290 1094 opere

55 1112 269 1192 exquirendum
299 1125 351 1172 est.
394 1114 555 1193 Utrumque
583 1128 678 1172 autem
705 1113 869 1189 declarare,
893 1115 949 1171 nisi
981 1112 1071 1171 animi
1092 1125 1224 1172 naturam
1243 1134 1290 1171 ex·

55 1212 267 1295 ploraverimus
292 1213 380 1285 setis,
408 1232 468 1271 non
494 1232 653 1292 possumus.
695 1211 752 1271 Hto
782 1233 850 1272 vero
878 1211 963 1292 longe
992 1210 1158 1291 ampliorem
1179 1211 1289 1291 plenio-

55 1330 175 1389 remque
204 1309 430 1391 explicationem
466 1309 520 1391 hoc
549 1325 767 1391 argumentum,
796 1328 882 1388 quam
910 1311 942 1368 in
973 1308 1188 1391 superioribus,
1222 1331 1291 1390 pos-

55 1408 146 1469 tulet.
172 1409 263 1467 ‘Tum
294 1408 371 1467 enim
404 1428 457 1467 nos
482 1408 574 1470 veluti
600 1409 786 1468 instituentes
813 1407 973 1483 hominem,
1004 1405 1245 1487 quemadmodum
1267 1410 1291 1467 is

56 1506 157 1588 pulcri
187 1508 307 1584 verique
339 1525 433 1563 emore
462 1507 617 1579 incensus,
648 1507 759 1584 riteque
788 1507 820 1564 in
850 1507 912 1587 ipso
945 1507 1072 1566 veritatis
1091 1498 1207 1590 ὀργάνῳ
1226 1528 1292 1590 pur·
1360 1544 1367 1557 ·

59 1619 147 1687 gato,
175 1618 203 1663 et
230 1625 288 1683 quo
314 1602 399 1661 decet
428 1603 651 1681 converso„ad
681 1605 777 1685 pulcri
796 1606 915 1684 verique
935 1605 1084 1664 scientium
1104 1607 1294 1668 adducendus

60 1717 155 1776 esset,
183 1699 420 1780 inquirebamus:
460 1703 594 1780 quocirca
624 1716 652 1760 et
679 1722 802 1760 amorem
829 1704 885 1783 ipsi
903 1702 1023 1761 insitum
1052 1705 1148 1784 pulcri
1177 1707 1295 1784 verique

59 1814 91 1859 et
120 1821 190 1859 vero
219 1800 275 1858 hoc
303 1792 429 1880 ὄργανον
456 1799 620 1880 explorasse
648 1798 819 1860 sufficiebat.
861 1800 946 1858 Nunc
967 1818 1053 1875 vem,
1082 1824 1148 1862 cum
1166 1803 1203 1862 de
1224 1805 1295 1865 civi·

57 1911 119 1961 tote
148 1899 293 1978 egendum
322 1901 407 1961 uobis
434 1901 485 1974 sit,
510 1901 559 1959 cui
584 1898 746 1980 praefuturi
773 1912 841 1956 sunt
860 1898 924 1972 illi,
948 1918 1019 1976 quos
1038 1899 1078 1957 sic
1097 1901 1296 1977 erudivimus,

55 1997 149 2057 homo
175 1997 260 2057 uobis
287 2013 364 2058 totus
394 1998 567 2080 penitusque
594 1996 793 2078 explorandus
821 1998 885 2056 erit.
927 1997 992 2054 Non
1018 1998 1095 2056 enim
1117 2019 1131 2056 c
1152 1994 1250 2080 lapide
1270 2015 1298 2059 et
1353 2034 1357 2041 ·

63 2094 164 2175 liguo,
191 2096 270 2174 quod
291 2099 439 2158 verissime
459 2095 555 2174 ajebat
574 2096 675 2170 Pluto,
700 2092 729 2174 l)
758 2094 906 2153 conlectae
925 2094 1058 2154 civitates
1078 2110 1163 2170 sunt,
1192 2112 1223 2156 ut
1241 2118 1297 2157 ma·

62 2193 218 2255 cbiuarum
239 2196 330 2254 instar
350 2184 538 2256 moveantur:
570 2192 738 2254 hominibus
756 2206 899 2252 constent.
940 2188 1016 2251 Sunt
1035 2206 1137 2250 autem·
1149 2194 1181 2252 hi
1202 2197 1299 2255 variae

65 2289 194 2366 indolis,
227 2294 373 2353 variarum
401 2293 592 2368 facultatum,
622 2291 884 2352 diversissimorum
912 2306 1047 2349 sensuum
1075 2311 1108 2349 ac
1127 2291 1299 2354 studiorum.

64 2388 126 2451 Alii
154 2388 195 2448 ad
231 2411 277 2448 eas
307 2390 447 2471 regendas
465 2391 526 2472 apti
547 2404 630 2450 sunt:
656 2389 729 2448 alios
748 2403 776 2448 et
796 2389 882 2468 longe
902 2389 1056 2448 maximam
1076 2400 1186 2471 partem
1204 2393 1301 2472 regia

66 2486 308 2579 pruqtrtioribus
336 2504 466 2570 oportet:
498 2503 566 2550 sunt
584 2489 672 2564 item,
701 2489 752 2567 qui
772 2485 911 2567 opitulari
930 2487 1011 2562 illis,
1039 2487 1092 2546 bos
1110 2504 1205 2548 autem
1224 2497 1301 2550 coer·

65 2606 132 2645 cere
158 2584 305 2662 debeant,
338 2588 470 2648 custodes
497 2589 626 2651 civitatis
656 2608 689 2646 ac
719 2584 861 2646 vindices.
913 2584 1045 2664 Singulis
1072 2586 1133 2644 illis
1161 2589 1205 2646 sui
1234 2603 1302 2649 sunt

68 2704 181 2758 mores,
209 2702 277 2743 suae
304 2687 527 2767 propensitatem
555 2688 587 2745 in
606 2687 644 2745 iis
663 2697 776 2758 autem,
804 2683 854 2760 qui
872 2695 1026 2761 reguntur,
1044 2682 1177 2742 infinitae
1195 2685 1255 2744 fere
1275 2701 1303 2745 et

70 2802 195 2843 numero
210 2796 239 2841 et
253 2802 357 2863 genere
375 2784 550 2864 cupiditates
567 2798 645 2863 sunt.
675 2783 758 2841 Hauc
777 2781 927 2839 bominum
948 2781 980 2838 in
999 2778 1117 2840 civitate
1137 2784 1304 2846 varietatem

71 2879 240 2954 attendere,
269 2883 431 2962 perspicere
459 2883 643 2962 praesertim,
682 2877 942 2959 quemadmodum,
981 2879 1166 2939 moderandis
1194 2894 1306 2964 tempe-

72 2977 230 3055 randisque
247 2978 451 3039 diversissimis
468 2980 547 3038 hisce
566 2979 717 3039 hominum
735 2976 922 3036 facultatibus
941 2988 969 3035 et
988 2977 1107 3051 studiis,
1134 2980 1221 3039 saluti
1241 3001 1305 3061 pro·

75 3077 186 3157 spicere
205 3077 332 3136 civitatis
352 3078 438 3137 liceat
447 3124 457 3154 ,
476 3079 580 3137 frustra
598 3078 755 3138 conabitur
771 3092 853 3149 stne,
870 3075 921 3152 qui
938 3076 1028 3134 animi
1047 3077 1167 3137 humani
1177 3093 1307 3139 naturam

73 3194 145 3245 non,
168 3187 257 3232 totam
286 3175 491 3255 exploraverit.
535 3175 640 3250 Quid?
670 3175 749 3254 quod
760 3220 769 3250 ,
797 3173 913 3232 moralis
940 3174 1133 3254 politicaeque
1159 3175 1308 3236 doctrinae

72 3271 195 3346 eeussl,
223 3273 365 3352 perfectu'
381 3274 466 3333 nobis
497 3289 553 3334 tam
584 3274 713 3335 civitatis
740 3293 826 3351 quam
851 3272 977 3330 bominis
997 3273 1090 3354 imago
1109 3273 1308 3336 adumbrende

66 3371 142 3429 erit.
186 3368 221 3428 ld
251 3371 346 3429 facere
374 3387 470 3446 recte,
498 3357 557 3450 nisi
576 3373 627 3451 qui
648 3373 729 3430 intus
747 3384 838 3429 totum
859 3383 1053 3450 perscrutatus
1072 3374 1200 3431 animum
1218 3373 1308 3432 homi-

67 3470 131 3539 nis.
149 3468 205 3541 sit,
234 3481 385 3551 partesque
415 3473 476 3548 ejus
503 3484 532 3529 et
560 3469 715 3529 facultates
738 3470 833 3530 varias
854 3467 1076 3546 diligentissime
1094 3471 1310 3550 exploraverit,

69 3567 144 3645 quis
161 3565 291 3647 poterit?

147 3816 150 3821 .
200 3761 258 3821 De
288 3772 328 3822 oi
358 3775 514 3824 umoris
540 3768 589 3824 od
614 3774 818 3824 uirtutem
840 3764 1198 3845 felicitatemque

607 3865 795 3922 bominis.
867 3872 871 3879 '

75 4132 81 4141 1
122 4056 328 4138 Exploratoris
357 4074 451 4135 autem
470 4059 555 4119 nobis
576 4061 666 4119 animi
684 4057 804 4117 humani
824 4066 973 4131 naturam,
1004 4079 1063 4117 non
1082 4059 1165 4119 aliud
1185 4074 1227 4119 est
1244 4082 1317 4121 con-

62 4154 170 4214 'tinuo
199 4156 379 4238 principium
408 4156 641 4236 exquirendum,
670 4172 754 4236 etque
784 4150 861 4212 illud
888 4152 962 4228 fuit,
992 4154 1071 4214 unde
1091 4176 1188 4216 omnes
1205 4172 1318 4218 nostrae

77 4251 121 4312 de
153 4253 257 4333 pulcro
286 4269 314 4313 et
342 4276 411 4316 vero
427 4256 652 4337 disceptationes
672 4256 830 4315 fluxerunt.
871 4257 959 4314 Amor
974 4265 1036 4325 est,
1066 4274 1162 4330 amor,
1181 4257 1318 4335 inquam,

77 4383 347 4405 ἱ-ὂ--η--ι--ι

121 4459 150 4526 1)
169 4463 207 4513 us
219 4464 281 4532 resp.
302 4464 453 4534 uminum.
