2796 5048
672 250 732 311 538

88 412 136 481 ὅτι
162 413 196 494 ὃς
215 412 254 480 dr
278 409 412 498 ἀμύητος
435 415 488 480 aod
510 411 663 490 ἀτέλεστος
683 415 725 490 εἰς
741 409 819 502 q‘t'dos
840 412 997 500 delapsos,
1020 415 1055 479 dv
1073 411 1216 506 dooddpqs
1231 419 1312 485 saior-

87 542 149 597 ται,
171 514 189 582 ὁ
208 517 246 582 di
258 514 481 600 κεκαθαρμένος
495 510 529 580 τι
537 517 587 580 καὶ
600 514 816 598 τιτιλισμένος,
839 517 929 581 ἐκεῖσε
943 513 1140 602 ἐφικόμενος,
1156 521 1229 603 μετὰ
1242 526 1314 588 θεῶν

86 615 214 704 oletq‘oer·
244 625 391 682 videntur
425 630 498 682 item
532 623 599 698 tlte,
626 630 680 700 qur·
705 625 789 682 nodie
817 629 967 702 mysteria
992 633 1238 703 sustinerant,
1264 648 1314 688 stoa

86 723 296 785 contemnende·
322 722 445 801 quidem
472 741 552 796 eree,
573 720 625 779 red
648 740 755 798 reapse
777 722 848 780 olim
874 723 988 780 multe
1006 724 1219 803 εἰςιὲβωιιι,
1237 747 1315 800 eura,

86 830 142 904 qut·
166 843 224 881 non
245 827 499 898 armaturaeque
524 826 671 879 initiatae
693 820 735 878 od
755 822 874 895 inseres
899 826 1104 901 nigrescere,
1133 829 1169 880 ier
1192 821 1258 883 Irata
1267 832 1317 901 ja-

86 943 153 981 eere
162 940 178 992 ‚·
198 927 369 1000 quicunque
396 936 464 977 vero
488 926 643 999 purgatus
671 927 763 996 atque
789 925 937 977 tertiatur
959 919 1036 978 illue
1055 929 1240 998 oseem,
1256 942 1318 981 eura

84 1019 160 1079 De'r'r
188 1020 337 1078 dubitare.
364 1015 394 1096 1)
434 1015 516 1076 Plato
543 1034 614 1076 vero
639 1014 752 1096 poitiea
776 1015 882 1076 haecce
899 1014 938 1075 ad
956 1016 1162 1099 philosophiae
1181 1021 1319 1081 revocarit

83 1118 284 1189 severitatem:
305 1113 384 1195 quod
403 1113 510 1196 posteri
528 1114 561 1173 in
580 1115 701 1195 primis,
722 1116 880 1175 nocentiore
902 1134 973 1174 aevo
983 1159 993 1190 ,
1013 1115 1200 1178 factitarunt.

124 1213 239 1276 Deinde
267 1207 561 1273 animadvertendum
589 1210 675 1272 nobis
700 1211 739 1272 de
763 1212 819 1273 illo
845 1211 1047 1294 philosophiae
1075 1213 1161 1289 loco,
1192 1228 1227 1275 ut
1251 1229 1318 1276 recte

90 1313 294 1393 intelligatur,
313 1310 368 1370 hoc
398 1323 449 1370 est.
491 1311 556 1369 Non
580 1309 721 1391 simplex,
746 1323 779 1369 ut
805 1310 895 1370 bodie
924 1322 986 1385 est,
1017 1310 1098 1392 apud
1129 1326 1243 1374 veteres
1268 1329 1318 1374 erat

79 1409 121 1472 de
142 1409 359 1469 immortalitate
385 1406 547 1467 animorum
575 1406 729 1484 doctrma,
748 1407 800 1468 sed
822 1406 961 1489 duplex,
983 1420 1016 1467 ut
1034 1409 1153 1468 animus
1174 1426 1244 1470 cum
1262 1424 1318 1470 ante

82 1508 161 1568 hanc
191 1509 283 1570 vitam
312 1506 421 1579 fuisse,
453 1518 515 1565 turn
542 1518 608 1586 post
635 1504 712 1566 hanc
739 1507 830 1567 vitam
848 1507 966 1566 futurus
984 1523 1018 1566 ac
1038 1507 1239 1587 sempiternus
1254 1507 1319 1568 dice

88 1618 179 1667 retur.
221 1604 269 1665 Sic
284 1624 388 1686 nempe
407 1602 627 1683 distinguebant
647 1605 781 1683 antiqui:
802 1616 832 1664 et
846 1604 929 1664 Plato
943 1618 1002 1664 tam
1020 1604 1053 1664 in
1065 1602 1232 1680 Phaedro,
1245 1622 1321 1686 quan

83 1705 116 1764 in
142 1705 304 1764 Phaedone
329 1702 455 1784 primunr
477 1701 572 1777 illud,
603 1712 665 1762 tum
692 1700 748 1762 hoc
775 1698 898 1762 alterum
921 1701 1110 1764 demonstret.
1160 1700 1273 1763 Mirum
1295 1703 1321 1763 id

84 1803 186 1862 multis
214 1800 310 1864 videri
340 1814 425 1881 atque
452 1794 611 1860 absurdum
639 1799 727 1861 solet:
748 1818 802 1860 nec
821 1820 874 1861 nos
891 1800 1049 1861 defendere
1069 1801 1206 1863 Platonis
1225 1824 1259 1863 ae
1278 1822 1322 1864 re-

82 1915 178 1961 terum
209 1900 383 1960 sententiam
410 1899 611 1959 sustineamus.
653 1898 853 1958 Veruntamen
880 1899 991 1958 factum
1020 1901 1061 1958 ita
1088 1913 1153 1976 est,
1176 1915 1211 1961 ut
1232 1901 1321 1960 eadem

82 1998 136 2058 illa
154 1998 288 2059 doctrina
307 2011 439 2073 tantam,
465 2010 605 2076 quantam
631 1994 777 2071 vidimus,
798 1996 831 2056 in
850 1999 914 2058 veti
932 1995 1149 2079 philosophiam
1167 1997 1253 2081 apud
1268 1999 1321 2059 Pla·

83 2107 182 2155 torrem
214 2095 274 2158 rim
300 2095 447 2156 babuerit.
488 2096 561 2154 Nam
586 2094 721 2155 adhibita
745 2094 957 2176 aphilosopho
974 2109 1018 2154 est
1034 2094 1072 2155 ad
1089 2098 1264 2160 universam
1279 2097 1320 2157 de·

81 2192 300 2254 monstrandam
329 2191 368 2252 de
397 2192 472 2252 ideis
500 2207 587 2272 atque
612 2194 721 2274 optima
745 2194 929 2253 institutione
947 2191 1128 2268 marium,
1152 2205 1185 2256 ut
1204 2195 1321 2256 efficeret

85 2290 176 2366 inde,
206 2289 428 2351 instaurandam
451 2310 512 2350 esse
544 2291 731 2352 institutione
758 2291 907 2366 idearum,
936 2308 1007 2370 quas
1032 2292 1067 2351 in
1087 2293 1246 2373 superiore
1271 2295 1321 2355 rite

85 2378 337 2469 adspexissemus,
357 2389 543 2463 memoriam,
562 2410 621 2468 quo
637 2389 728 2470 magis
751 2389 785 2449 in
810 2387 865 2448 hac
885 2390 946 2449 vita
965 2388 1004 2449 ad
1022 2388 1181 2470 pulcrum,
1203 2391 1322 2464 bonam

80 2487 208 2566 justum,
228 2499 378 2561 sanctum,
400 2485 538 2547 divinum
567 2488 701 2549 conversi
732 2485 848 2562 denuo,
868 2486 908 2547 atl
935 2487 1007 2547 haee
1031 2487 1169 2568 exempla
1187 2503 1221 2551 et
1237 2489 1321 2573 philo

78 2583 270 2666 sopharemur
296 2596 326 2644 et
353 2583 538 2661 viveremus,
567 2592 630 2645 tum
661 2601 731 2646 vero
764 2585 869 2661 etiam,
891 2599 943 2660 ut,
961 2606 1035 2665 quae
1061 2584 1114 2645 bio
1141 2606 1321 2653 essemuser·

79 2665 158 2758 orsi,
179 2682 212 2742 in
244 2683 345 2743 lutura
371 2683 432 2744 vita
460 2682 673 2764 perdideramus.
732 2682 820 2744 Unde
850 2697 949 2766 patet,
976 2695 1103 2763 quantae
1123 2683 1321 2763 amplitudinis

81 2780 280 2861 ubertatisque
302 2780 359 2841 hoc
383 2779 465 2862 apud
492 2794 603 2841 ueteres
621 2779 764 2862 placitum
784 2781 885 2842 fuerit.
924 2779 1048 2841 Accedit
1068 2792 1178 2856 autern,
1202 2795 1238 2842 ut
1253 2781 1321 2842 ideo

82 2877 171 2938 hocce
198 2878 237 2938 de
254 2879 470 2938 immortalitate
488 2877 629 2959 placitum
646 2877 727 2960 apud
744 2890 856 2939 veteres
871 2883 910 2939 'ac
930 2879 1084 2964 Platonem
1102 2877 1144 2939 ad
1157 2886 1249 2957 juste·
1267 2898 1321 2961 pru·

80 2976 145 3056 prio
169 2975 385 3058 philosophiam
415 2977 571 3058 pertineat.
611 2977 677 3052 Quo
694 2977 784 3056 magis
797 2977 946 3055 justitiam
973 2989 1149 3053 tuerentur,
1181 2992 1216 3038 ut
1248 2979 1321 3040 nobis

75 3074 138 3152 jem
168 3075 237 3133 satis
262 3093 279 3133 e
308 3074 429 3134 Platone
456 3076 551 3156 patuit
579 3089 608 3134 et
634 3074 800 3136 dilucidius
826 3074 913 3135 etiam
941 3073 1083 3154 deinceps
1112 3075 1249 3154 patebit,
1278 3078 1320 3136 im·

81 3168 231 3230 mortalem
254 3191 313 3232 esse
334 3170 521 3233 affirmabant
547 3175 678 3234 animum
704 3171 848 3233 hominist
870 3173 911 3233 sic
937 3172 1017 3231 euim
1046 3170 1205 3249 futurum,
1228 3189 1261 3236 ut
1276 3195 1320 3234 net

75 3270 186 3348 justis,
207 3271 339 3348 quamvis
363 3270 458 3346 mali,
477 3290 533 3331 uec
562 3271 698 3349 injustis,
719 3270 851 3351 quamvis
871 3268 1006 3350 prosperi
1024 3269 1145 3329 fortuni
1163 3270 1217 3332 hic
1237 3285 1321 3333 esseot

82 3367 148 3442 rui,
167 3369 297 3448 praemia
326 3381 355 3428 et
381 3389 492 3450 poenae
516 3366 659 3431 deessent.
700 3369 767 3444 Quo
793 3381 904 3450 spectat
920 3367 1051 3428 tribunal
1070 3366 1150 3428 illud
1169 3367 1320 3442 divinum,

79 3465 161 3546 quod
184 3486 225 3525 ex
251 3467 379 3547 antiquis
408 3466 520 3527 sabulis
546 3467 628 3529 Plato
656 3468 689 3529 in
721 3467 837 3549 Gorgia
865 3465 1030 3546 descripsit.
1045 3463 1080 3548 2)
1120 3466 1159 3527 Et
1188 3469 1321 3540 omnino,

82 3564 135 3624 ubi
166 3565 381 3625 accuratissime
404 3565 598 3647 philosophus
626 3565 664 3627 de
699 3565 753 3627 boc
781 3565 891 3648 placito
917 3564 995 3644 agit,
1025 3564 1069 3624 ibi
1095 3565 1228 3624 maxime
1253 3564 1320 3625 idem

81 3675 169 3741 atque
190 3661 294 3722 intime
313 3676 447 3723 naturam
471 3662 629 3724 humanam
649 3664 814 3744 investigat.
856 3663 904 3723 Ex
924 3680 1019 3722 amore
1038 3661 1130 3738 adeo,
1151 3663 1205 3742 qui
1226 3661 1320 3723 araturi

83 3759 170 3820 uobis
205 3761 302 3836 inest,
341 3761 585 3821 immortalitatem
632 3762 723 3822 animi
765 3760 850 3821 ducit
884 3759 964 3842 apud
1002 3759 1154 3821 Platonem
1191 3761 1319 3821 Dictime

81 3856 171 3933 Quod
192 3856 265 3919 mihi
284 3857 403 3938 quidem
421 3859 482 3917 fere
508 3860 603 3920 visum
621 3872 665 3919 >est
688 3859 890 3939 gravissimum
910 3879 971 3918 esse
990 3859 1092 3939 placiti
1109 3873 1318 3940 argumentum,

82 3976 259 4036 quamquam
289 3956 349 4015 lere
379 3955 417 4014 ab
445 3957 654 4038 interpretibus
680 3958 845 4038 neglectum
874 3970 925 4016 est.
966 3958 1038 4015 Nam
1063 3971 1238 4038 postquam,
1258 3952 1319 4036 quid

82 4075 165 4113 amor·
189 4066 279 4128 esset,
308 4053 504 4131 exquisiverat
532 4053 635 4118 divina
655 4056 779 4132 mulier,
800 4054 833 4115 id
853 4057 977 4115 maxime
995 4057 1026 4115 in
1047 4074 1081 4114 eo
1096 4053 1317 4125 animadvertit,

123 4353 148 4417 1)
166 4356 259 4408 l'laoed.
276 4355 319 4408 69.
340 4354 369 4408 G.
694 4399 697 4404 .

121 4437 148 4503 2)
168 4441 242 4508 θοις.
262 4439 323 4492 523.
341 4438 388 4492 cu.
406 4442 483 4494 Initio
502 4458 527 4509 p·
548 4441 606 4494 172.
