2774 5048
613 242 670 303 169

60 400 195 477 sustulerit,
224 402 296 481 quid
324 403 378 461 erit
406 403 502 479 illud,
522 404 600 483 quod
628 404 770 463 restabit?
797 426 895 463 nonne
925 410 1091 466 sermones?
1114 408 1252 467 -Nihil

61 494 127 559 aliud
142 524 173 535 -
191 500 233 559 Hi
252 514 347 561 autem
365 522 508 561 semones
534 524 632 561 nonne
652 499 689 560 ad
717 501 831 561 turbam
859 504 1055 584 populumque
1082 507 1251 567 habentur?

62 600 136 661 tane
150 600 243 683 poesis
260 600 298 659 sit
318 598 422 658 iccirco
445 602 567 660 oratoria
590 600 729 681 quaedam
747 600 916 680 popularis?
956 623 1054 662 noune
1072 604 1195 663 forensis
1215 606 1252 665 sit

61 696 111 759 rto
125 694 310 779 eloquentia?
331 701 378 757 An
398 717 465 756 vero
483 696 538 758 tibi
557 697 639 757 aliud
658 696 730 777 quid
756 718 838 777 agere
865 700 897 757 in
917 700 1087 781 spectaculis
1114 702 1253 762 videntur

60 802 150 877 poitur,
169 816 254 877 quam
271 788 460 877 ῥητοριιιεινι
477 828 510 838 -
530 797 596 856 Non
615 794 707 855 aliud.
730 816 761 827 ·
782 797 866 855 Nunc
895 798 982 876 igitur
1009 800 1177 860 invenimus
1200 822 1254 861 nos

58 894 224 975 eloqucmmm
234 943 242 972 ,
263 919 335 976 quae
356 899 442 956 talem
461 909 569 977 spectat
587 895 745 976 populum,
766 895 860 973 qualis
879 897 976 975 pueris
994 896 1184 977 foeminisque
1203 920 1252 980 pa·

57 992 107 1052 riter
121 1014 151 1053 ac
171 995 260 1070 viris,
281 1010 309 1055 et
328 996 418 1057 servis
436 994 594 1075 pariterue
619 994 719 1053 liberis
742 993 911 1053 hominihus
936 1008 1065 1055 constat:
1088 1018 1173 1075 quam
1192 1020 1253 1059 non

56 1110 199 1174 magnopere
219 1092 406 1153 admiramur:
436 1086 587 1171 κολακικιιν
611 1085 668 1175 γάρ
691 1086 784 1173 αὐτήν
806 1089 905 1173 φαμὲν
929 1085 1014 1153 εἶναι·
1044 1096 1287 1175 adulatoriam.

56 1198 114 1249 etim
130 1214 191 1251 erae
205 1200 487 1269 pronunciooimm.
529 1193 609 1268 Quid
629 1216 697 1255 vero
720 1193 772 1255 illa
791 1195 973 1273 eloquentia,
995 1216 1066 1273 quae
1094 1193 1132 1253 ad
1158 1214 1257 1275 popu-

55 1284 98 1349 iuu
112 1290 332 1351 Atheniensium
350 1306 530 1371 caeterosque
545 1294 579 1351 in
599 1292 666 1352 aliis
685 1293 853 1353 civitatibus
870 1294 1012 1375 populos,
1032 1293 1166 1373 ingenuis
1182 1294 1254 1352 civi·

55 1384 93 1447 litt
106 1402 284 1465 constantes,
307 1406 479 1471 usurpatur,
500 1388 572 1469 quid
596 1390 680 1449 nobis
696 1390 766 1449 haec
785 1394 851 1451 est?
871 1391 1019 1470 Numquid
1038 1393 1097 1451 tibi
1116 1393 1255 1453 videntur

55 1498 153 1546 mures
173 1486 282 1598 optimo
299 1487 567 1570 dicereproposito,
578 1489 649 1548 illuc
664 1490 849 1549 intendentes
868 1492 976 1565 aciem,
998 1505 1030 1551 ut
1049 1512 1134 1569 quam
1153 1493 1253 1572 optimi

55 1578 174 1667 lantper
199 1586 326 1666 ipsorum
345 1606 487 1647 semones
514 1588 617 1647 cives?
638 1591 684 1647 An
704 1610 772 1647 vero
800 1588 832 1647 hi
860 1589 928 1647 item
956 1588 1112 1671 gratificari
1140 1590 1255 1651 civibus

55 1682 184 1760 nituntur,
204 1699 232 1744 et
250 1685 350 1745 salutis
369 1707 436 1745 suae
454 1686 594 1759 studiosi,
615 1685 750 1767 publicae
770 1686 966 1767 negligentes,
985 1700 1019 1747 ut
1036 1690 1135 1769 pueris
1164 1703 1255 1749 utun-

55 1792 89 1840 tur
109 1731 241 1867 popuilis,
263 1798 346 1864 atque
373 1783 524 1865 indulgere
551 1786 612 1844 illis
636 1784 780 1844 duntaxat
798 1799 826 1844 ct
844 1784 959 1866 placere
976 1800 1137 1861 conantur,
1160 1799 1257 1846 utrum

55 1898 104 1941 utro
128 1882 259 1942 meliores
279 1885 319 1942 ita
348 1906 386 1945 an
414 1884 568 1947 deteriores
596 1884 684 1960 fiant,
716 1884 794 1943 nihil
821 1887 946 1944 curant?
967 1906 998 1917 ·
1021 1886 1077 1944 Hic
1104 1885 1257 1961 Callicles,

55 1996 114 2089 tegre
131 1981 202 2040 haec
216 1990 416 2058 concessurus,
436 2004 496 2041 non
512 1982 636 2062 simplex
655 1995 697 2041 est
705 1982 849 2059 ,inquit,
870 1982 949 2060 quod
965 2004 1043 2041 nunc
1068 2003 1166 2063 rogas:
1189 1996 1257 2044 sunt

56 2092 127 2155 turm,
157 2080 228 2159 qui,
258 2080 422 2186 quidqud
430 2080 552 2155 dicunt,
584 2080 622 2139 ad
650 2080 769 2140 salntem
798 2082 908 2140 civium
937 2080 1061 2141 dicunt.
1090 2093 1158 2140 sunt
1188 2102 1257 2141 vero

55 2174 135 2253 ιῐιιιι,
155 2177 254 2257 quales
277 2193 309 2237 tu
329 2154 460 2269 narrasti.
481 2182 609 2241 -tum
629 2178 774 2238 Socrates:
798 2195 827 2238 at
849 2179 974 2256 sufficit,
1002 2181 1060 2256 ait;
1091 2198 1157 2237 nem
1177 2178 1200 2237 si
1229 2191 1258 2238 et

55 2268 93 2333 luc
107 2296 193 2356 genus
214 2274 326 2357 duplex
347 2291 407 2355 est,
428 2236 552 2337 alteriui
574 2291 665 2337 totum
691 2280 837 2358 negotium
866 2281 1004 2337 adulatio
1021 2279 1076 2339 erit
1103 2278 1254 2357 turpisque

55 2374 229 2434 concionatio:
252 2375 369 2435 alterius
397 2398 465 2437 vero
493 2398 537 2437 res
564 2377 756 2457 pulcerrima,
788 2378 902 2437 studere
931 2377 1087 2453 videlicet,
1109 2390 1141 2435 ut
1169 2396 1256 2455 quam
1341 2412 1349 2437 ι

55 2471 132 2548 optimi
152 2473 245 2532 futuri
266 2474 324 2533 sint
349 2475 459 2549 civium
480 2477 590 2549 animi,
611 2476 799 2554 certatimque
824 2477 930 2557 optima
955 2473 1050 2536 dicere
1061 2521 1071 2551 ,
1095 2474 1158 2537 sive
1177 2488 1256 2555 grata

55 2568 165 2631 recidant
184 2571 371 2632 audientibus
390 2575 451 2635 sive
470 2575 610 2655 ingrata.»
649 2570 653 2579 '

64 2666 120 2749 ⁸Sic
139 2670 285 2745 Socrates,
307 2673 420 2751 rejectis
440 2673 593 2735 vilioribus
612 2670 764 2751 quibusvis
780 2669 897 2731 dicendi
916 2674 1089 2753 propositis,
1108 2670 1156 2748 id,
1177 2670 1256 2751 quod

55 2760 249 2849 ineloquentia
266 2790 407 2829 summum
422 2784 484 2847 est,
504 2785 532 2830 et
552 2769 705 2850 distinguit
728 2770 765 2828 ab
788 2770 834 2829 his
852 2770 1008 2850 diligenter
1035 2784 1063 2830 et
1083 2772 1168 2830 unice
1189 2768 1257 2827 lau-

55 2856 104 2923 lat:
120 2889 176 2946 quo
197 2882 298 2949 sponte
313 2870 373 2947 jam
387 2870 443 2950 ipsi
463 2856 653 2950 intelligimus
664 2890 734 2943 ,cur
750 2868 787 2928 de
804 2870 935 2950 pristinis
951 2869 1174 2929 Atheniensium
1195 2885 1255 2924 ora·

55 2963 159 3042 turibus,
175 2965 212 3026 de
233 2967 295 3047 ipso
313 2967 384 3028 adeo
403 2968 526 3043 Pericle,
547 2969 644 3026 minus
658 2968 801 3048 praeclare
816 2970 993 3029 existimasse
1012 2968 1147 3029 videatur
1164 2963 1255 3023 Plato.

57 3060 235 3143 t'hujusmodi
246 3111 254 3140 ,
276 3067 331 3140 ait,
352 3080 446 3127 orator
469 3088 523 3125 nec
548 3065 634 3126 hodie
652 3080 712 3140 est,
734 3087 787 3125 nec
805 3088 933 3146 unquam
951 3067 1026 3145 fuit3
1048 3063 1151 3144 quodsi
1172 3083 1256 3141 qnae·

56 3156 97 3235 tit,
112 3163 205 3243 qualis
225 3166 281 3240 sit,
307 3186 377 3247 age,
406 3164 501 3225 bonus
528 3166 594 3241 vir,
613 3165 721 3244 quique
749 3168 857 3247 optimo
887 3165 1009 3226 consilio
1037 3164 1130 3239 dicit,
1156 3182 1256 3223 nonne

56 3262 133 3333 preul
159 3264 257 3338 abest,
279 3278 440 3325 ut-temere
467 3263 619 3343 loquiatur,
640 3264 690 3323 sed
719 3263 832 3344 aliquid
859 3264 1000 3345 respicit?
1031 3264 1130 3325 Prouti
1152 3262 1256 3322 caeteri

56 3358 154 3421 tutilices
172 3383 270 3423 omnes
280 3407 289 3437 ,
309 3342 348 3423 ed
367 3382 450 3422 suum
467 3364 588 3443 quisque
612 3384 683 3443 opus
699 3365 901 3444 respicientes,
923 3386 983 3424 non
1001 3378 1107 3423 temere
1126 3360 1255 3442 eligunt,

56 3458 113 3529 tund
129 3462 208 3545 operi
226 3482 277 3521 suo
296 3446 458 3524 adhibituri
474 3475 542 3521 sunt
552 3506 561 3534 ,
582 3460 633 3520 sed
651 3475 683 3520 ut
707 3463 828 3543 speciem
847 3465 1022 3542 formamque
1040 3461 1145 3521 habeat
1163 3480 1255 3539 quan·

56 3546 169 3635 inid,
190 3559 270 3639 quod
288 3560 457 3635 elaborant,
486 3560 654 3619 enituntur:
685 3561 795 3636 veluti,
822 3563 845 3620 si
873 3563 995 3643 pictores
1015 3561 1059 3620 vis
1087 3559 1256 3636 attendere,

56 3652 219 3732 tichitectos,
240 3657 361 3717 navium
377 3670 603 3731 constructores,
623 3671 746 3717 caetnos
763 3658 887 3718 artifices
907 3679 1022 3734 omnes,
1043 3660 1140 3737 quivis
1156 3678 1255 3717 eorum

56 3740 216 3816 itordinem
236 3755 367 3837 disponit
385 3755 499 3839 singula
508 3801 517 3830 ,
537 3776 609 3834 quae
628 3755 775 3836 disponit,
795 3758 926 3838 cogitque
943 3757 1001 3817 alia
1027 3758 1094 3817 aliis
1114 3754 1254 3835 quadrare

56 3856 253 3936 eitongruere,
274 3854 366 3915 donec
379 3867 472 3915 tetum
496 3855 641 3936 negotium
660 3869 725 3935 apte
745 3856 909 3915 ordinatum
929 3872 1155 3933 exornatumque
1183 3874 1256 3912 con-

56 3943 147 4012 ttiterit.
188 3952 225 4013 ld
244 3974 341 4013 omnes
365 3950 507 4026 artifices,
527 3967 555 4012 et
566 3998 575 4027 ,
595 3952 665 4032 quos
689 3953 774 4014 modo
802 3955 949 4031 diximus,
969 3976 1123 4037 puerorum
1147 3952 1255 4011 eduea-

56 4046 112 4108 ¹⁰tts
129 4066 155 4111 et
172 4051 278 4111 medici
299 4065 388 4133 agunt
405 4064 544 4161 perpetuo
553 4096 562 4125 ,
583 4072 686 4133 corpus
706 4051 820 4133 fingunt
836 4076 867 4113 ac
882 4069 1077 4135 componunt:
1099 4054 1140 4112 sic
1159 4063 1252 4109 autem

56 4142 185 4211 udonus
203 4165 232 4210 et
260 4153 344 4209 navis
372 4164 400 4209 et
424 4170 526 4230 corpus
544 4148 670 4209 hominis
699 4164 732 4209 ut
758 4152 878 4213 formam
903 4154 1089 4232 habitumque
1116 4150 1253 4209 idoneum

56 4248 163 4325 aittttpit,
184 4248 258 4307 bene
279 4270 307 4307 se
329 4246 457 4307 habebit.
507 4246 586 4342 Quid
607 4269 675 4306 vero
694 4250 807 4309 animus
833 4250 984 4311 hominis?
1016 4252 1145 4330 Corpus,
1175 4245 1253 4326 quod

56 4323 115 4401 leue
139 4368 166 4404 se
187 4346 294 4421 habet,
315 4366 423 4405 eanum
441 4358 558 4405 vocatur
586 4359 613 4403 et
632 4349 795 4407 robustum.
838 4351 940 4409 Nonne
966 4350 1006 4407 ita
1026 4348 1157 4421 animus,
1178 4344 1253 4405 ordi·

56 4444 108 4497 itm
116 4458 298 4523 ornatumque
314 4460 496 4519 consecutus,
512 4436 622 4520 νόμον,
637 4444 711 4523 legia
726 4468 852 4507 nonnam
868 4447 1031 4521 obtinebit,
1042 4437 1169 4505 unde
1133 4466 1254 4523 νομιμοι
1340 4514 1344 4523 ,

801 4550 814 4592 t
