<?xml version="1.0" encoding="UTF-8"?>
<!DOCTYPE html PUBLIC "-//W3C//DTD XHTML 1.0 Transitional//EN"
    "http://www.w3.org/TR/xhtml1/DTD/xhtml1-transitional.dtd">
<html xmlns="http://www.w3.org/1999/xhtml" xml:lang="en" lang="en">
 <head>
  <title>
</title>
<meta http-equiv="Content-Type" content="text/html;charset=utf-8" />
  <meta name='ocr-system' content='tesseract 3.04.00' />
  <meta name='ocr-capabilities' content='ocr_page ocr_carea ocr_par ocr_line ocrx_word'/>
</head>
<body>
  <div class='ocr_page' id='page_1' title='image "./initiaphilosoph00heusgoog_0587.png"; bbox 0 0 2796 5048; ppageno 0'>
   <div class='ocr_carea' id='block_1_1' title="bbox 671 205 824 302">
    <p class='ocr_par' dir='ltr' id='par_1_1' title="bbox 671 205 824 302">
     <span class='ocr_line' id='line_1_1' title="bbox 671 205 824 302; baseline 0.007 -1"><span class='ocrx_word' id='word_1_1' title='bbox 671 205 824 302; x_wconf 82' lang='lat' dir='ltr'>sss¹</span> 
     </span>
    </p>
   </div>
   <div class='ocr_carea' id='block_1_2' title="bbox 87 405 1316 788">
    <p class='ocr_par' dir='ltr' id='par_1_2' title="bbox 87 405 1316 788">
     <span class='ocr_line' id='line_1_2' title="bbox 89 405 1316 492; baseline -0.002 -20"><span class='ocrx_word' id='word_1_2' title='bbox 89 410 198 473; x_wconf 84' lang='lat' dir='ltr'>inieras</span> <span class='ocrx_word' id='word_1_3' title='bbox 216 408 323 492; x_wconf 61' lang='lat' dir='ltr'>penas</span> <span class='ocrx_word' id='word_1_4' title='bbox 340 405 475 468; x_wconf 82' lang='lat' dir='ltr'>dabimus</span> <span class='ocrx_word' id='word_1_5' title='bbox 498 426 623 482; x_wconf 82' lang='lat' dir='ltr'>eorum,</span> <span class='ocrx_word' id='word_1_6' title='bbox 636 427 710 489; x_wconf 85' lang='lat' dir='ltr'>quse</span> <span class='ocrx_word' id='word_1_7' title='bbox 733 405 783 469; x_wconf 81' lang='lat' dir='ltr'>bie</span> <span class='ocrx_word' id='word_1_8' title='bbox 801 407 911 484; x_wconf 85' lang='lat' dir='ltr'>injuste</span> <span class='ocrx_word' id='word_1_9' title='bbox 927 407 1176 469; x_wconf 85' lang='lat' dir='ltr'>commiserimus:</span> <span class='ocrx_word' id='word_1_10' title='bbox 1190 411 1316 486; x_wconf 84' lang='lat' dir='ltr'>scilicet,</span> 
     </span>
     <span class='ocr_line' id='line_1_3' title="bbox 87 505 1315 590; baseline 0 -20"><span class='ocrx_word' id='word_1_11' title='bbox 87 531 105 570; x_wconf 90' lang='lat' dir='ltr'>o</span> <span class='ocrx_word' id='word_1_12' title='bbox 132 509 208 570; x_wconf 89' lang='lat' dir='ltr'>bone</span> <span class='ocrx_word' id='word_1_13' title='bbox 220 552 229 584; x_wconf 93' lang='lat'>,</span> <span class='ocrx_word' id='word_1_14' title='bbox 257 505 513 590; x_wconf 75' lang='lat' dir='ltr'><strong>respondebimus,</strong></span> <span class='ocrx_word' id='word_1_15' title='bbox 540 507 722 588; x_wconf 74' lang='lat' dir='ltr'>expiationes</span> <span class='ocrx_word' id='word_1_16' title='bbox 749 526 803 588; x_wconf 87' lang='lat' dir='ltr'>pro</span> <span class='ocrx_word' id='word_1_17' title='bbox 820 505 944 587; x_wconf 63' lang='lat' dir='ltr'>moesus</span> <span class='ocrx_word' id='word_1_18' title='bbox 963 506 1124 568; x_wconf 86' lang='lat' dir='ltr'>commissis</span> <span class='ocrx_word' id='word_1_19' title='bbox 1141 507 1315 570; x_wconf 80' lang='lat' dir='ltr'>multumne·</span> 
     </span>
     <span class='ocr_line' id='line_1_4' title="bbox 87 602 1315 686; baseline 0 -18"><span class='ocrx_word' id='word_1_20' title='bbox 87 609 166 683; x_wconf 86' lang='lat' dir='ltr'>lent,</span> <span class='ocrx_word' id='word_1_21' title='bbox 188 605 404 686; x_wconf 70' lang='lat' dir='ltr'>notabilesque</span> <span class='ocrx_word' id='word_1_22' title='bbox 433 605 485 666; x_wconf 88' lang='lat' dir='ltr'>Dii</span> <span class='ocrx_word' id='word_1_23' title='bbox 513 618 596 680; x_wconf 90' lang='lat' dir='ltr'>sunt,</span> <span class='ocrx_word' id='word_1_24' title='bbox 617 618 649 665; x_wconf 91' lang='lat' dir='ltr'>ut</span> <span class='ocrx_word' id='word_1_25' title='bbox 674 604 814 665; x_wconf 81' lang='lat' dir='ltr'>maximae</span> <span class='ocrx_word' id='word_1_26' title='bbox 834 604 967 665; x_wconf 80' lang='lat' dir='ltr'>civitates</span> <span class='ocrx_word' id='word_1_27' title='bbox 984 602 1134 666; x_wconf 84' lang='lat' dir='ltr'>affirmant</span> <span class='ocrx_word' id='word_1_28' title='bbox 1152 629 1185 666; x_wconf 88' lang='lat' dir='ltr'>ao</span> <span class='ocrx_word' id='word_1_29' title='bbox 1199 608 1315 668; x_wconf 81' lang='lat' dir='ltr'>Deorum</span> 
     </span>
     <span class='ocr_line' id='line_1_5' title="bbox 91 702 377 788; baseline -0.014 -22"><span class='ocrx_word' id='word_1_30' title='bbox 91 707 165 782; x_wconf 85' lang='lat' dir='ltr'>lilii,</span> <span class='ocrx_word' id='word_1_31' title='bbox 184 711 320 788; x_wconf 77' lang='lat' dir='ltr'>po‘c&#39;tae.»</span> <span class='ocrx_word' id='word_1_32' title='bbox 346 702 377 786; x_wconf 84' lang='lat' dir='ltr'>l)</span> 
     </span>
    </p>
   </div>
   <div class='ocr_carea' id='block_1_3' title="bbox 497 865 904 962">
    <p class='ocr_par' dir='ltr' id='par_1_3' title="bbox 497 865 904 962">
     <span class='ocr_line' id='line_1_6' title="bbox 497 865 904 962; baseline -0.002 -18"><span class='ocrx_word' id='word_1_33' title='bbox 497 881 555 944; x_wconf 85' lang='lat' dir='ltr'>De</span> <span class='ocrx_word' id='word_1_34' title='bbox 575 865 904 962; x_wconf 71' lang='lat' dir='ltr'>superstitione.</span> 
     </span>
    </p>
   </div>
   <div class='ocr_carea' id='block_1_4' title="bbox 14 1096 1317 4045">
    <p class='ocr_par' dir='ltr' id='par_1_4' title="bbox 44 1096 1317 2464">
     <span class='ocr_line' id='line_1_7' title="bbox 89 1096 1315 1181; baseline -0.002 -22"><span class='ocrx_word' id='word_1_35' title='bbox 89 1152 93 1159; x_wconf 92' lang='lat'>.</span> <span class='ocrx_word' id='word_1_36' title='bbox 123 1096 320 1161; x_wconf 76' lang='lat' dir='ltr'>Memorandis</span> <span class='ocrx_word' id='word_1_37' title='bbox 346 1098 426 1159; x_wconf 88' lang='lat' dir='ltr'>bisce</span> <span class='ocrx_word' id='word_1_38' title='bbox 453 1104 604 1180; x_wconf 77' lang='lat' dir='ltr'>politorum</span> <span class='ocrx_word' id='word_1_39' title='bbox 631 1099 741 1175; x_wconf 83' lang='lat' dir='ltr'>effatis,</span> <span class='ocrx_word' id='word_1_40' title='bbox 778 1097 931 1181; x_wconf 78' lang='lat' dir='ltr'>descripsit</span> <span class='ocrx_word' id='word_1_41' title='bbox 960 1096 1045 1158; x_wconf 91' lang='lat' dir='ltr'>nobis</span> <span class='ocrx_word' id='word_1_42' title='bbox 1072 1097 1160 1159; x_wconf 87' lang='lat' dir='ltr'>Plato</span> <span class='ocrx_word' id='word_1_43' title='bbox 1183 1099 1315 1178; x_wconf 80' lang='lat' dir='ltr'>abjectam</span> 
     </span>
     <span class='ocr_line' id='line_1_8' title="bbox 84 1195 1315 1280; baseline -0.002 -20"><span class='ocrx_word' id='word_1_44' title='bbox 84 1200 172 1260; x_wconf 89' lang='lat' dir='ltr'>simui</span> <span class='ocrx_word' id='word_1_45' title='bbox 182 1246 191 1275; x_wconf 91' lang='lat'>,</span> <span class='ocrx_word' id='word_1_46' title='bbox 209 1219 282 1280; x_wconf 87' lang='lat' dir='ltr'>quae</span> <span class='ocrx_word' id='word_1_47' title='bbox 299 1198 390 1280; x_wconf 86' lang='lat' dir='ltr'>ipsius</span> <span class='ocrx_word' id='word_1_48' title='bbox 417 1211 508 1258; x_wconf 85' lang='lat' dir='ltr'>aetate</span> <span class='ocrx_word' id='word_1_49' title='bbox 526 1195 726 1278; x_wconf 80' lang='lat' dir='ltr'>grassabatur,</span> <span class='ocrx_word' id='word_1_50' title='bbox 754 1197 1004 1280; x_wconf 82' lang='lat' dir='ltr'>superstitionem:</span> <span class='ocrx_word' id='word_1_51' title='bbox 1023 1218 1041 1257; x_wconf 93' lang='lat' dir='ltr'>a</span> <span class='ocrx_word' id='word_1_52' title='bbox 1060 1218 1120 1277; x_wconf 86' lang='lat' dir='ltr'>qua</span> <span class='ocrx_word' id='word_1_53' title='bbox 1137 1218 1175 1256; x_wconf 88' lang='lat' dir='ltr'>ne</span> <span class='ocrx_word' id='word_1_54' title='bbox 1195 1211 1315 1257; x_wconf 85' lang='lat' dir='ltr'>nostrum</span> 
     </span>
     <span class='ocr_line' id='line_1_9' title="bbox 85 1295 1316 1380; baseline -0.002 -22"><span class='ocrx_word' id='word_1_55' title='bbox 85 1297 201 1380; x_wconf 85' lang='lat' dir='ltr'>quidem</span> <span class='ocrx_word' id='word_1_56' title='bbox 227 1318 350 1372; x_wconf 86' lang='lat' dir='ltr'>aevum,</span> <span class='ocrx_word' id='word_1_57' title='bbox 378 1297 511 1376; x_wconf 78' lang='lat' dir='ltr'>quamtis</span> <span class='ocrx_word' id='word_1_58' title='bbox 533 1297 658 1377; x_wconf 84' lang='lat' dir='ltr'>optimae</span> <span class='ocrx_word' id='word_1_59' title='bbox 689 1296 840 1377; x_wconf 79' lang='lat' dir='ltr'>religionis</span> <span class='ocrx_word' id='word_1_60' title='bbox 866 1295 932 1355; x_wconf 87' lang='lat' dir='ltr'>luce</span> <span class='ocrx_word' id='word_1_61' title='bbox 960 1295 1161 1370; x_wconf 86' lang='lat' dir='ltr'>illustratum,</span> <span class='ocrx_word' id='word_1_62' title='bbox 1188 1295 1316 1355; x_wconf 86' lang='lat' dir='ltr'>abhorret</span> 
     </span>
     <span class='ocr_line' id='line_1_10' title="bbox 83 1392 1315 1479; baseline -0.002 -23"><span class='ocrx_word' id='word_1_63' title='bbox 83 1397 180 1479; x_wconf 89' lang='lat' dir='ltr'>plane.</span> <span class='ocrx_word' id='word_1_64' title='bbox 221 1395 382 1456; x_wconf 83' lang='lat' dir='ltr'>incidimus</span> <span class='ocrx_word' id='word_1_65' title='bbox 410 1407 505 1455; x_wconf 89' lang='lat' dir='ltr'>autem</span> <span class='ocrx_word' id='word_1_66' title='bbox 528 1395 569 1454; x_wconf 87' lang='lat' dir='ltr'>ita</span> <span class='ocrx_word' id='word_1_67' title='bbox 593 1408 689 1456; x_wconf 87' lang='lat' dir='ltr'>mente</span> <span class='ocrx_word' id='word_1_68' title='bbox 718 1409 746 1456; x_wconf 88' lang='lat' dir='ltr'>et</span> <span class='ocrx_word' id='word_1_69' title='bbox 775 1394 948 1476; x_wconf 78' lang='lat' dir='ltr'>cogitatione</span> <span class='ocrx_word' id='word_1_70' title='bbox 976 1392 1121 1465; x_wconf 87' lang='lat' dir='ltr'>innulla</span> <span class='ocrx_word' id='word_1_71' title='bbox 1145 1395 1209 1455; x_wconf 86' lang='lat' dir='ltr'>nois</span> <span class='ocrx_word' id='word_1_72' title='bbox 1228 1416 1315 1476; x_wconf 83' lang='lat' dir='ltr'>super·</span> 
     </span>
     <span class='ocr_line' id='line_1_11' title="bbox 44 1491 1316 1586; baseline -0.002 -31"><span class='ocrx_word' id='word_1_73' title='bbox 44 1508 48 1515; x_wconf 89' lang='lat'>&#39;</span> <span class='ocrx_word' id='word_1_74' title='bbox 89 1497 215 1555; x_wconf 87' lang='lat' dir='ltr'>stitionis</span> <span class='ocrx_word' id='word_1_75' title='bbox 233 1514 352 1575; x_wconf 79' lang='lat' dir='ltr'>genera,</span> <span class='ocrx_word' id='word_1_76' title='bbox 371 1495 403 1552; x_wconf 91' lang='lat' dir='ltr'>in</span> <span class='ocrx_word' id='word_1_77' title='bbox 423 1491 530 1573; x_wconf 89' lang='lat' dir='ltr'>quibus</span> <span class='ocrx_word' id='word_1_78' title='bbox 548 1506 617 1553; x_wconf 90' lang='lat' dir='ltr'>sunt</span> <span class='ocrx_word' id='word_1_79' title='bbox 624 1514 727 1573; x_wconf 85' lang='lat' dir='ltr'>‚quae</span> <span class='ocrx_word' id='word_1_80' title='bbox 748 1493 837 1554; x_wconf 83' lang='lat' dir='ltr'>vitam</span> <span class='ocrx_word' id='word_1_81' title='bbox 853 1492 1003 1553; x_wconf 91' lang='lat' dir='ltr'>hominum</span> <span class='ocrx_word' id='word_1_82' title='bbox 1019 1492 1203 1553; x_wconf 86' lang='lat' dir='ltr'>conturbent</span> <span class='ocrx_word' id='word_1_83' title='bbox 1221 1493 1316 1586; x_wconf 83' lang='lat' dir='ltr'>plane,</span> 
     </span>
     <span class='ocr_line' id='line_1_12' title="bbox 87 1589 1314 1675; baseline -0.002 -24"><span class='ocrx_word' id='word_1_84' title='bbox 87 1595 195 1675; x_wconf 82' lang='lat' dir='ltr'>qnippe</span> <span class='ocrx_word' id='word_1_85' title='bbox 217 1591 302 1654; x_wconf 77' lang='lat' dir='ltr'>senis</span> <span class='ocrx_word' id='word_1_86' title='bbox 329 1603 466 1652; x_wconf 86' lang='lat' dir='ltr'>contenta</span> <span class='ocrx_word' id='word_1_87' title='bbox 495 1589 740 1653; x_wconf 77' lang='lat' dir='ltr'>divinationibus.</span> <span class='ocrx_word' id='word_1_88' title='bbox 781 1591 887 1652; x_wconf 84' lang='lat' dir='ltr'>Instat</span> <span class='ocrx_word' id='word_1_89' title='bbox 907 1598 1003 1664; x_wconf 86' lang='lat' dir='ltr'>enim,</span> <span class='ocrx_word' id='word_1_90' title='bbox 1026 1592 1067 1651; x_wconf 89' lang='lat' dir='ltr'>sic</span> <span class='ocrx_word' id='word_1_91' title='bbox 1084 1591 1192 1667; x_wconf 84' lang='lat' dir='ltr'>Cicero</span> <span class='ocrx_word' id='word_1_92' title='bbox 1212 1589 1250 1651; x_wconf 88' lang='lat' dir='ltr'>de</span> <span class='ocrx_word' id='word_1_93' title='bbox 1271 1590 1314 1649; x_wconf 87' lang='lat' dir='ltr'>bae</span> 
     </span>
     <span class='ocr_line' id='line_1_13' title="bbox 87 1689 1316 1774; baseline 0 -24"><span class='ocrx_word' id='word_1_94' title='bbox 87 1689 300 1772; x_wconf 75' lang='lat' dir='ltr'>superstitionis</span> <span class='ocrx_word' id='word_1_95' title='bbox 327 1691 456 1765; x_wconf 77' lang='lat' dir='ltr'>rauone,</span> <span class='ocrx_word' id='word_1_96' title='bbox 486 1699 518 1749; x_wconf 89' lang='lat' dir='ltr'>st</span> <span class='ocrx_word' id='word_1_97' title='bbox 545 1701 652 1774; x_wconf 82' lang='lat' dir='ltr'>urget,</span> <span class='ocrx_word' id='word_1_98' title='bbox 674 1701 717 1766; x_wconf 88' lang='lat' dir='ltr'>et,</span> <span class='ocrx_word' id='word_1_99' title='bbox 738 1712 794 1770; x_wconf 82' lang='lat' dir='ltr'>quo</span> <span class='ocrx_word' id='word_1_100' title='bbox 814 1701 843 1750; x_wconf 89' lang='lat' dir='ltr'>te</span> <span class='ocrx_word' id='word_1_101' title='bbox 858 1712 975 1769; x_wconf 82' lang='lat' dir='ltr'>cunque</span> <span class='ocrx_word' id='word_1_102' title='bbox 993 1697 1146 1766; x_wconf 72' lang='lat' dir='ltr'>ommis,</span> <span class='ocrx_word' id='word_1_103' title='bbox 1165 1698 1316 1770; x_wconf 81' lang='lat' dir='ltr'>pes-sequi·</span> 
     </span>
     <span class='ocr_line' id='line_1_14' title="bbox 86 1776 1314 1864; baseline -0.002 -14"><span class='ocrx_word' id='word_1_104' title='bbox 86 1799 161 1850; x_wconf 76' lang='lat' dir='ltr'>sor:</span> <span class='ocrx_word' id='word_1_105' title='bbox 179 1796 240 1848; x_wconf 84' lang='lat' dir='ltr'>siae</span> <span class='ocrx_word' id='word_1_106' title='bbox 255 1776 293 1848; x_wconf 80' lang='lat' dir='ltr'>so&#39;</span> <span class='ocrx_word' id='word_1_107' title='bbox 310 1799 428 1863; x_wconf 85' lang='lat' dir='ltr'>solens,</span> <span class='ocrx_word' id='word_1_108' title='bbox 449 1796 510 1847; x_wconf 86' lang='lat' dir='ltr'>ss&#39;ee</span> <span class='ocrx_word' id='word_1_109' title='bbox 530 1799 565 1849; x_wconf 87' lang='lat' dir='ltr'>tu</span> <span class='ocrx_word' id='word_1_110' title='bbox 584 1812 668 1850; x_wconf 86' lang='lat' dir='ltr'>omen</span> <span class='ocrx_word' id='word_1_111' title='bbox 688 1791 851 1860; x_wconf 56' lang='lat' dir='ltr'>audistin</span> <span class='ocrx_word' id='word_1_112' title='bbox 870 1797 932 1849; x_wconf 88' lang='lat' dir='ltr'>siue</span> <span class='ocrx_word' id='word_1_113' title='bbox 950 1791 1140 1864; x_wconf 81' lang='lat' dir='ltr'>immolaris,</span> <span class='ocrx_word' id='word_1_114' title='bbox 1162 1797 1314 1850; x_wconf 60' lang='lat' dir='ltr'>moeones</span> 
     </span>
     <span class='ocr_line' id='line_1_15' title="bbox 84 1887 1314 1969; baseline -0.001 -21"><span class='ocrx_word' id='word_1_115' title='bbox 84 1889 276 1969; x_wconf 68' lang='lat' dir='ltr'>edspesme:</span> <span class='ocrx_word' id='word_1_116' title='bbox 301 1896 337 1948; x_wconf 87' lang='lat' dir='ltr'>si</span> <span class='ocrx_word' id='word_1_117' title='bbox 358 1887 560 1964; x_wconf 71' lang='lat' dir='ltr'>Chaldaeum,</span> <span class='ocrx_word' id='word_1_118' title='bbox 579 1896 607 1948; x_wconf 86' lang='lat' dir='ltr'>si</span> <span class='ocrx_word' id='word_1_119' title='bbox 625 1889 816 1968; x_wconf 75' lang='lat' dir='ltr'>domspicem</span> <span class='ocrx_word' id='word_1_120' title='bbox 840 1889 975 1948; x_wconf 77' lang='lat' dir='ltr'>sideris:</span> <span class='ocrx_word' id='word_1_121' title='bbox 999 1896 1027 1947; x_wconf 89' lang='lat' dir='ltr'>si</span> <span class='ocrx_word' id='word_1_122' title='bbox 1041 1889 1210 1965; x_wconf 81' lang='lat' dir='ltr'>fulserat,</span> <span class='ocrx_word' id='word_1_123' title='bbox 1231 1896 1258 1947; x_wconf 90' lang='lat' dir='ltr'>si</span> <span class='ocrx_word' id='word_1_124' title='bbox 1274 1897 1314 1947; x_wconf 92' lang='lat' dir='ltr'>te-</span> 
     </span>
     <span class='ocr_line' id='line_1_16' title="bbox 82 1983 1314 2066; baseline 0.002 -20"><span class='ocrx_word' id='word_1_125' title='bbox 82 1983 202 2065; x_wconf 77' lang='lat' dir='ltr'>nutrit</span> <span class='ocrx_word' id='word_1_126' title='bbox 196 2031 210 2062; x_wconf 93' lang='grc'>,.</span> <span class='ocrx_word' id='word_1_127' title='bbox 227 1994 261 2046; x_wconf 91' lang='lat' dir='ltr'>si·</span> <span class='ocrx_word' id='word_1_128' title='bbox 285 1995 402 2046; x_wconf 77' lang='lat' dir='ltr'>taetram</span> <span class='ocrx_word' id='word_1_129' title='bbox 421 1988 542 2066; x_wconf 81' lang='lat' dir='ltr'>aliquid</span> <span class='ocrx_word' id='word_1_130' title='bbox 558 1993 622 2047; x_wconf 81' lang='lat' dir='ltr'>erit</span> <span class='ocrx_word' id='word_1_131' title='bbox 647 1988 682 2046; x_wconf 85' lang='lat' dir='ltr'>de</span> <span class='ocrx_word' id='word_1_132' title='bbox 699 1988 796 2048; x_wconf 78' lang='lat' dir='ltr'>euzo.-</span> <span class='ocrx_word' id='word_1_133' title='bbox 816 1995 843 2046; x_wconf 82' lang='grc' dir='ltr'>ιι·</span> <span class='ocrx_word' id='word_1_134' title='bbox 871 1994 982 2047; x_wconf 87' lang='lat' dir='ltr'>ostenti</span> <span class='ocrx_word' id='word_1_135' title='bbox 1001 1988 1103 2046; x_wconf 71' lang='lat' dir='ltr'>neuile</span> <span class='ocrx_word' id='word_1_136' title='bbox 1122 1997 1240 2047; x_wconf 88' lang='lat' dir='ltr'>natum</span> <span class='ocrx_word' id='word_1_137' title='bbox 1248 1989 1314 2064; x_wconf 82' lang='lat' dir='ltr'>fes·</span> 
     </span>
     <span class='ocr_line' id='line_1_17' title="bbox 82 2086 1310 2165; baseline -0.002 -21"><span class='ocrx_word' id='word_1_138' title='bbox 82 2094 183 2145; x_wconf 87' lang='lat' dir='ltr'>tunsus</span> <span class='ocrx_word' id='word_1_139' title='bbox 204 2091 379 2164; x_wconf 74' lang='lat' dir='ltr'>quippiam:</span> <span class='ocrx_word' id='word_1_140' title='bbox 410 2107 537 2165; x_wconf 80' lang='lat' dir='ltr'>quorum</span> <span class='ocrx_word' id='word_1_141' title='bbox 566 2107 682 2146; x_wconf 87' lang='lat' dir='ltr'>necesse</span> <span class='ocrx_word' id='word_1_142' title='bbox 709 2096 755 2146; x_wconf 88' lang='lat' dir='ltr'>est</span> <span class='ocrx_word' id='word_1_143' title='bbox 770 2087 948 2164; x_wconf 77' lang='lat' dir='ltr'>plerumque</span> <span class='ocrx_word' id='word_1_144' title='bbox 975 2086 1094 2164; x_wconf 82' lang='lat' dir='ltr'>aliquid</span> <span class='ocrx_word' id='word_1_145' title='bbox 1122 2094 1266 2146; x_wconf 82' lang='lat' dir='ltr'>eueniat:</span> <span class='ocrx_word' id='word_1_146' title='bbox 1281 2093 1310 2142; x_wconf 86' lang='lat' dir='ltr'>st</span> 
     </span>
     <span class='ocr_line' id='line_1_18' title="bbox 81 2184 1309 2266; baseline 0 -24"><span class='ocrx_word' id='word_1_147' title='bbox 81 2202 238 2263; x_wconf 79' lang='lat' dir='ltr'>nunquam</span> <span class='ocrx_word' id='word_1_148' title='bbox 258 2186 350 2243; x_wconf 86' lang='lat' dir='ltr'>liceat</span> <span class='ocrx_word' id='word_1_149' title='bbox 369 2190 474 2263; x_wconf 74' lang='lat' dir='ltr'>quieta</span> <span class='ocrx_word' id='word_1_150' title='bbox 498 2194 599 2244; x_wconf 81' lang='lat' dir='ltr'>mente</span> <span class='ocrx_word' id='word_1_151' title='bbox 618 2192 789 2247; x_wconf 72' lang='lat' dir='ltr'>consistere.</span> <span class='ocrx_word' id='word_1_152' title='bbox 830 2184 1019 2266; x_wconf 74' lang='lat' dir='ltr'>Perfugium</span> <span class='ocrx_word' id='word_1_153' title='bbox 1039 2185 1169 2243; x_wconf 79' lang='lat' dir='ltr'>uidetur</span> <span class='ocrx_word' id='word_1_154' title='bbox 1191 2191 1309 2246; x_wconf 69' lang='lat' dir='ltr'>onmem</span> 
     </span>
     <span class='ocr_line' id='line_1_19' title="bbox 82 2283 1314 2363; baseline 0.002 -22"><span class='ocrx_word' id='word_1_155' title='bbox 82 2284 216 2343; x_wconf 83' lang='lat' dir='ltr'>laborum</span> <span class='ocrx_word' id='word_1_156' title='bbox 235 2292 265 2342; x_wconf 85' lang='lat' dir='ltr'>et</span> <span class='ocrx_word' id='word_1_157' title='bbox 284 2283 524 2342; x_wconf 79' lang='lat' dir='ltr'>sollicitudinum</span> <span class='ocrx_word' id='word_1_158' title='bbox 547 2305 608 2342; x_wconf 92' lang='lat' dir='ltr'>esse</span> <span class='ocrx_word' id='word_1_159' title='bbox 635 2305 755 2343; x_wconf 86' lang='lat' dir='ltr'>somnus</span> <span class='ocrx_word' id='word_1_160' title='bbox 764 2306 779 2354; x_wconf 82' lang='lat'>,·</span> <span class='ocrx_word' id='word_1_161' title='bbox 807 2293 842 2341; x_wconf 94' lang='lat' dir='ltr'>at</span> <span class='ocrx_word' id='word_1_162' title='bbox 859 2305 894 2342; x_wconf 78' lang='lat' dir='ltr'>eu</span> <span class='ocrx_word' id='word_1_163' title='bbox 916 2307 947 2343; x_wconf 92' lang='lat' dir='ltr'>eo</span> <span class='ocrx_word' id='word_1_164' title='bbox 967 2291 1030 2363; x_wconf 68' lang='lat' dir='ltr'>spise</span> <span class='ocrx_word' id='word_1_165' title='bbox 1043 2284 1213 2361; x_wconf 79' lang='lat' dir='ltr'>plurimos</span> <span class='ocrx_word' id='word_1_166' title='bbox 1233 2303 1314 2344; x_wconf 70' lang='lat' dir='ltr'>mm</span> 
     </span>
     <span class='ocr_line' id='line_1_20' title="bbox 81 2366 1317 2464; baseline 0 -24"><span class='ocrx_word' id='word_1_167' title='bbox 81 2371 234 2460; x_wconf 83' lang='lat' dir='ltr'>metusque</span> <span class='ocrx_word' id='word_1_168' title='bbox 261 2390 453 2439; x_wconf 84' lang='lat' dir='ltr'>naseuntur:</span> <span class='ocrx_word' id='word_1_169' title='bbox 484 2371 537 2461; x_wconf 83' lang='lat' dir='ltr'>qui</span> <span class='ocrx_word' id='word_1_170' title='bbox 556 2383 675 2461; x_wconf 83' lang='lat' dir='ltr'>quidem</span> <span class='ocrx_word' id='word_1_171' title='bbox 693 2389 755 2460; x_wconf 83' lang='lat' dir='ltr'>ipsi</span> <span class='ocrx_word' id='word_1_172' title='bbox 768 2404 828 2460; x_wconf 84' lang='lat' dir='ltr'>per</span> <span class='ocrx_word' id='word_1_173' title='bbox 845 2404 875 2441; x_wconf 90' lang='lat' dir='ltr'>se</span> <span class='ocrx_word' id='word_1_174' title='bbox 895 2389 997 2441; x_wconf 89' lang='lat' dir='ltr'>minus</span> <span class='ocrx_word' id='word_1_175' title='bbox 1017 2366 1160 2442; x_wconf 61' lang='lat' dir='ltr'>oalee&#39;ent</span> <span class='ocrx_word' id='word_1_176' title='bbox 1179 2394 1213 2443; x_wconf 90' lang='lat' dir='ltr'>et</span> <span class='ocrx_word' id='word_1_177' title='bbox 1228 2389 1317 2464; x_wconf 81' lang='lat' dir='ltr'>magis</span> 
     </span>
    </p>

    <p class='ocr_par' dir='ltr' id='par_1_5' title="bbox 14 2481 1314 4045">
     <span class='ocr_line' id='line_1_21' title="bbox 55 2481 1314 2563; baseline 0 -23"><span class='ocrx_word' id='word_1_178' title='bbox 55 2489 362 2555; x_wconf 10' lang='lat' dir='ltr'>,contemnerentum</span> <span class='ocrx_word' id='word_1_179' title='bbox 388 2487 465 2540; x_wconf 80' lang='lat' dir='ltr'>nisi</span> <span class='ocrx_word' id='word_1_180' title='bbox 502 2488 684 2540; x_wconf 77' lang='lat' dir='ltr'>seruitiorum</span> <span class='ocrx_word' id='word_1_181' title='bbox 715 2489 925 2559; x_wconf 82' lang='lat' dir='ltr'>patrocinium</span> <span class='ocrx_word' id='word_1_182' title='bbox 963 2481 1133 2563; x_wconf 73' lang='lat' dir='ltr'>philosoplis·</span> <span class='ocrx_word' id='word_1_183' title='bbox 1172 2488 1314 2558; x_wconf 80' lang='lat' dir='ltr'>suscepis-</span> 
     </span>
     <span class='ocr_line' id='line_1_22' title="bbox 14 2576 1313 2662; baseline -0.002 -23"><span class='ocrx_word' id='word_1_184' title='bbox 14 2576 16 2580; x_wconf 66' lang='grc'><strong>’</strong></span> <span class='ocrx_word' id='word_1_185' title='bbox 79 2590 157 2640; x_wconf 84' lang='lat' dir='ltr'>sent.</span> <span class='ocrx_word' id='word_1_186' title='bbox 178 2576 210 2661; x_wconf 81' lang='lat'>2)</span> <span class='ocrx_word' id='word_1_187' title='bbox 250 2579 315 2654; x_wconf 90' lang='lat' dir='ltr'>Quo</span> <span class='ocrx_word' id='word_1_188' title='bbox 334 2579 423 2659; x_wconf 79' lang='lat' dir='ltr'>magis</span> <span class='ocrx_word' id='word_1_189' title='bbox 441 2577 615 2662; x_wconf 86' lang='lat' dir='ltr'>apponenda</span> <span class='ocrx_word' id='word_1_190' title='bbox 632 2579 680 2639; x_wconf 87' lang='lat' dir='ltr'>bie</span> <span class='ocrx_word' id='word_1_191' title='bbox 700 2578 835 2639; x_wconf 89' lang='lat' dir='ltr'>omnibus</span> <span class='ocrx_word' id='word_1_192' title='bbox 864 2578 991 2639; x_wconf 86' lang='lat' dir='ltr'>Platonis</span> <span class='ocrx_word' id='word_1_193' title='bbox 1014 2577 1150 2638; x_wconf 82' lang='lat' dir='ltr'>doctrina</span> <span class='ocrx_word' id='word_1_194' title='bbox 1182 2579 1313 2651; x_wconf 86' lang='lat' dir='ltr'>videtur,</span> 
     </span>
     <span class='ocr_line' id='line_1_23' title="bbox 81 2674 1313 2758; baseline -0.001 -22"><span class='ocrx_word' id='word_1_195' title='bbox 81 2699 154 2758; x_wconf 88' lang='lat' dir='ltr'>quae</span> <span class='ocrx_word' id='word_1_196' title='bbox 183 2697 219 2736; x_wconf 86' lang='lat' dir='ltr'>ex</span> <span class='ocrx_word' id='word_1_197' title='bbox 244 2677 307 2758; x_wconf 87' lang='lat' dir='ltr'>ipso</span> <span class='ocrx_word' id='word_1_198' title='bbox 335 2676 461 2738; x_wconf 86' lang='lat' dir='ltr'>bominis</span> <span class='ocrx_word' id='word_1_199' title='bbox 489 2678 585 2738; x_wconf 89' lang='lat' dir='ltr'>animo</span> <span class='ocrx_word' id='word_1_200' title='bbox 605 2676 706 2752; x_wconf 90' lang='lat' dir='ltr'>ducta,</span> <span class='ocrx_word' id='word_1_201' title='bbox 723 2674 800 2736; x_wconf 86' lang='lat' dir='ltr'>illuc</span> <span class='ocrx_word' id='word_1_202' title='bbox 811 2698 881 2752; x_wconf 91' lang='lat' dir='ltr'>nos,</span> <span class='ocrx_word' id='word_1_203' title='bbox 902 2678 934 2736; x_wconf 91' lang='lat' dir='ltr'>ni</span> <span class='ocrx_word' id='word_1_204' title='bbox 954 2674 1103 2753; x_wconf 85' lang='lat' dir='ltr'>fallimur,</span> <span class='ocrx_word' id='word_1_205' title='bbox 1123 2675 1257 2738; x_wconf 87' lang='lat' dir='ltr'>adducet</span> <span class='ocrx_word' id='word_1_206' title='bbox 1269 2676 1313 2736; x_wconf 87' lang='lat' dir='ltr'>ab</span> 
     </span>
     <span class='ocr_line' id='line_1_24' title="bbox 52 2774 1312 2858; baseline 0.002 -24"><span class='ocrx_word' id='word_1_207' title='bbox 52 2849 54 2852; x_wconf 22' lang='grc' dir='ltr'>Ι</span> <span class='ocrx_word' id='word_1_208' title='bbox 80 2774 215 2856; x_wconf 81' lang='lat' dir='ltr'>quando,</span> <span class='ocrx_word' id='word_1_209' title='bbox 243 2796 309 2855; x_wconf 88' lang='lat' dir='ltr'>quo</span> <span class='ocrx_word' id='word_1_210' title='bbox 325 2796 378 2857; x_wconf 89' lang='lat' dir='ltr'>per</span> <span class='ocrx_word' id='word_1_211' title='bbox 405 2798 504 2838; x_wconf 89' lang='lat' dir='ltr'>omnes</span> <span class='ocrx_word' id='word_1_212' title='bbox 530 2776 582 2836; x_wconf 90' lang='lat' dir='ltr'>bas</span> <span class='ocrx_word' id='word_1_213' title='bbox 607 2775 645 2837; x_wconf 89' lang='lat' dir='ltr'>dc</span> <span class='ocrx_word' id='word_1_214' title='bbox 670 2775 794 2858; x_wconf 83' lang='lat' dir='ltr'>pulcro,</span> <span class='ocrx_word' id='word_1_215' title='bbox 810 2775 847 2836; x_wconf 84' lang='lat' dir='ltr'>da</span> <span class='ocrx_word' id='word_1_216' title='bbox 866 2796 935 2835; x_wconf 87' lang='lat' dir='ltr'>vero</span> <span class='ocrx_word' id='word_1_217' title='bbox 942 2774 1160 2854; x_wconf 78' lang='lat' dir='ltr'>,‘deque1usto</span> <span class='ocrx_word' id='word_1_218' title='bbox 1179 2775 1312 2856; x_wconf 82' lang='lat' dir='ltr'>disquisi-</span> 
     </span>
     <span class='ocr_line' id='line_1_25' title="bbox 80 2872 1311 2958; baseline -0.004 -23"><span class='ocrx_word' id='word_1_219' title='bbox 80 2876 173 2935; x_wconf 83' lang='lat' dir='ltr'>tiones</span> <span class='ocrx_word' id='word_1_220' title='bbox 192 2887 358 2958; x_wconf 78' lang='lat' dir='ltr'>constanter</span> <span class='ocrx_word' id='word_1_221' title='bbox 375 2874 568 2950; x_wconf 82' lang='lat' dir='ltr'>tetendimus,</span> <span class='ocrx_word' id='word_1_222' title='bbox 587 2873 620 2934; x_wconf 88' lang='lat' dir='ltr'>id</span> <span class='ocrx_word' id='word_1_223' title='bbox 638 2889 692 2950; x_wconf 88' lang='lat' dir='ltr'>est,</span> <span class='ocrx_word' id='word_1_224' title='bbox 713 2873 751 2934; x_wconf 91' lang='lat' dir='ltr'>ad</span> <span class='ocrx_word' id='word_1_225' title='bbox 764 2895 866 2933; x_wconf 86' lang='lat' dir='ltr'>sanum</span> <span class='ocrx_word' id='word_1_226' title='bbox 883 2872 1028 2954; x_wconf 87' lang='lat' dir='ltr'>quoddam</span> <span class='ocrx_word' id='word_1_227' title='bbox 1045 2873 1083 2934; x_wconf 85' lang='lat' dir='ltr'>de</span> <span class='ocrx_word' id='word_1_228' title='bbox 1100 2874 1192 2934; x_wconf 88' lang='lat' dir='ltr'>rebus</span> <span class='ocrx_word' id='word_1_229' title='bbox 1210 2874 1311 2936; x_wconf 83' lang='lat' dir='ltr'>divinis</span> 
     </span>
     <span class='ocr_line' id='line_1_26' title="bbox 77 2971 1306 3069; baseline -0.002 -37"><span class='ocrx_word' id='word_1_230' title='bbox 77 2972 248 3069; x_wconf 78' lang='lat' dir='ltr'>judicium.</span> <span class='ocrx_word' id='word_1_231' title='bbox 274 2971 352 3033; x_wconf 83' lang='lat' dir='ltr'>Hinc</span> <span class='ocrx_word' id='word_1_232' title='bbox 373 2975 473 3034; x_wconf 87' lang='lat' dir='ltr'>Cicero</span> <span class='ocrx_word' id='word_1_233' title='bbox 491 2987 524 3034; x_wconf 91' lang='lat' dir='ltr'>ut</span> <span class='ocrx_word' id='word_1_234' title='bbox 540 2975 703 3057; x_wconf 82' lang='lat' dir='ltr'>profecerat</span> <span class='ocrx_word' id='word_1_235' title='bbox 725 2993 811 3053; x_wconf 89' lang='lat' dir='ltr'>quam</span> <span class='ocrx_word' id='word_1_236' title='bbox 830 2972 1004 3054; x_wconf 88' lang='lat' dir='ltr'>plurimum,</span> <span class='ocrx_word' id='word_1_237' title='bbox 1033 2974 1072 3033; x_wconf 90' lang='lat' dir='ltr'>ita</span> <span class='ocrx_word' id='word_1_238' title='bbox 1092 2974 1222 3055; x_wconf 82' lang='lat' dir='ltr'>optimas</span> <span class='ocrx_word' id='word_1_239' title='bbox 1231 2992 1306 3053; x_wconf 76' lang='lat' dir='ltr'>qaae</span> 
     </span>
     <span class='ocr_line' id='line_1_27' title="bbox 79 3042 1307 3154; baseline -0.001 -23"><span class='ocrx_word' id='word_1_240' title='bbox 79 3092 135 3151; x_wconf 90' lang='lat' dir='ltr'>que</span> <span class='ocrx_word' id='word_1_241' title='bbox 154 3042 248 3131; x_wconf 74' lang='lat' dir='ltr'>dunis</span> <span class='ocrx_word' id='word_1_242' title='bbox 257 3070 293 3131; x_wconf 91' lang='lat' dir='ltr'>de</span> <span class='ocrx_word' id='word_1_243' title='bbox 309 3073 425 3153; x_wconf 85' lang='lat' dir='ltr'>puriore</span> <span class='ocrx_word' id='word_1_244' title='bbox 445 3072 584 3154; x_wconf 78' lang='lat' dir='ltr'>religione</span> <span class='ocrx_word' id='word_1_245' title='bbox 602 3074 759 3133; x_wconf 88' lang='lat' dir='ltr'>sententias</span> <span class='ocrx_word' id='word_1_246' title='bbox 767 3093 865 3152; x_wconf 84' lang='lat' dir='ltr'>,quas</span> <span class='ocrx_word' id='word_1_247' title='bbox 882 3072 916 3132; x_wconf 89' lang='lat' dir='ltr'>in</span> <span class='ocrx_word' id='word_1_248' title='bbox 940 3071 1026 3132; x_wconf 89' lang='lat' dir='ltr'>libris</span> <span class='ocrx_word' id='word_1_249' title='bbox 1044 3074 1079 3132; x_wconf 90' lang='lat' dir='ltr'>de</span> <span class='ocrx_word' id='word_1_250' title='bbox 1098 3083 1223 3133; x_wconf 66' lang='lat' dir='ltr'>namra</span> <span class='ocrx_word' id='word_1_251' title='bbox 1240 3069 1307 3131; x_wconf 80' lang='lat' dir='ltr'>llse·</span> 
     </span>
     <span class='ocr_line' id='line_1_28' title="bbox 79 3170 1310 3253; baseline 0.002 -25"><span class='ocrx_word' id='word_1_252' title='bbox 79 3192 150 3228; x_wconf 82' lang='lat' dir='ltr'>rum</span> <span class='ocrx_word' id='word_1_253' title='bbox 175 3191 207 3230; x_wconf 89' lang='lat' dir='ltr'>aa</span> <span class='ocrx_word' id='word_1_254' title='bbox 230 3171 269 3229; x_wconf 84' lang='lat' dir='ltr'>de</span> <span class='ocrx_word' id='word_1_255' title='bbox 292 3171 478 3231; x_wconf 79' lang='lat' dir='ltr'>divinatione</span> <span class='ocrx_word' id='word_1_256' title='bbox 495 3170 644 3252; x_wconf 87' lang='lat' dir='ltr'>prodidit,</span> <span class='ocrx_word' id='word_1_257' title='bbox 664 3185 710 3247; x_wconf 93' lang='lat' dir='ltr'>ut,</span> <span class='ocrx_word' id='word_1_258' title='bbox 731 3171 778 3232; x_wconf 91' lang='lat' dir='ltr'>bis</span> <span class='ocrx_word' id='word_1_259' title='bbox 794 3170 833 3231; x_wconf 89' lang='lat' dir='ltr'>ad</span> <span class='ocrx_word' id='word_1_260' title='bbox 844 3170 940 3230; x_wconf 85' lang='lat' dir='ltr'>finem</span> <span class='ocrx_word' id='word_1_261' title='bbox 959 3171 1124 3253; x_wconf 80' lang='lat' dir='ltr'>perductis,</span> <span class='ocrx_word' id='word_1_262' title='bbox 1144 3173 1189 3233; x_wconf 86' lang='lat' dir='ltr'>sic</span> <span class='ocrx_word' id='word_1_263' title='bbox 1209 3170 1310 3233; x_wconf 78' lang='lat' dir='ltr'>scribe·</span> 
     </span>
     <span class='ocr_line' id='line_1_29' title="bbox 70 3269 1309 3349; baseline 0 -21"><span class='ocrx_word' id='word_1_264' title='bbox 70 3282 133 3329; x_wconf 80' lang='lat' dir='ltr'>ret.</span> <span class='ocrx_word' id='word_1_265' title='bbox 174 3269 367 3347; x_wconf 80' lang='lat' dir='ltr'>Euplodatur</span> <span class='ocrx_word' id='word_1_266' title='bbox 383 3271 456 3329; x_wconf 76' lang='lat' dir='ltr'>baec</span> <span class='ocrx_word' id='word_1_267' title='bbox 476 3291 589 3349; x_wconf 82' lang='lat' dir='ltr'>quoque</span> <span class='ocrx_word' id='word_1_268' title='bbox 606 3279 789 3331; x_wconf 81' lang='lat' dir='ltr'>somniorum</span> <span class='ocrx_word' id='word_1_269' title='bbox 808 3272 956 3329; x_wconf 85' lang='lat' dir='ltr'>diuinatio</span> <span class='ocrx_word' id='word_1_270' title='bbox 969 3274 1092 3349; x_wconf 81' lang='lat' dir='ltr'>pariter</span> <span class='ocrx_word' id='word_1_271' title='bbox 1110 3294 1182 3330; x_wconf 86' lang='lat' dir='ltr'>cum</span> <span class='ocrx_word' id='word_1_272' title='bbox 1197 3277 1309 3331; x_wconf 67' lang='lat' dir='ltr'>ceteris.</span> 
     </span>
     <span class='ocr_line' id='line_1_30' title="bbox 56 3356 1311 3450; baseline 0 -23"><span class='ocrx_word' id='word_1_273' title='bbox 56 3366 177 3445; x_wconf 14' lang='lat' dir='ltr'>tuom,</span> <span class='ocrx_word' id='word_1_274' title='bbox 208 3376 244 3439; x_wconf 86' lang='lat' dir='ltr'>ut</span> <span class='ocrx_word' id='word_1_275' title='bbox 273 3388 341 3426; x_wconf 82' lang='lat' dir='ltr'>uere</span> <span class='ocrx_word' id='word_1_276' title='bbox 370 3361 543 3449; x_wconf 67' lang='lat' dir='ltr'>loquamui,</span> <span class='ocrx_word' id='word_1_277' title='bbox 564 3361 757 3446; x_wconf 74' lang='lat' dir='ltr'>superstitio,</span> <span class='ocrx_word' id='word_1_278' title='bbox 767 3372 849 3446; x_wconf 84' lang='lat' dir='ltr'>fuso</span> <span class='ocrx_word' id='word_1_279' title='bbox 874 3379 1068 3450; x_wconf 74' lang='lat' dir='ltr'>pergentes,</span> <span class='ocrx_word' id='word_1_280' title='bbox 1088 3356 1241 3449; x_wconf 75' lang='lat' dir='ltr'>oppressit</span> <span class='ocrx_word' id='word_1_281' title='bbox 1258 3390 1311 3427; x_wconf 87' lang='lat' dir='ltr'>om·</span> 
     </span>
     <span class='ocr_line' id='line_1_31' title="bbox 42 3458 1312 3548; baseline -0.002 -22"><span class='ocrx_word' id='word_1_282' title='bbox 42 3458 51 3472; x_wconf 78' lang='grc'><em>’</em></span> <span class='ocrx_word' id='word_1_283' title='bbox 80 3470 167 3526; x_wconf 84' lang='lat' dir='ltr'>nium</span> <span class='ocrx_word' id='word_1_284' title='bbox 182 3469 265 3543; x_wconf 74' lang='lat' dir='ltr'>fere.</span> <span class='ocrx_word' id='word_1_285' title='bbox 284 3475 417 3544; x_wconf 79' lang='lat' dir='ltr'>animos,</span> <span class='ocrx_word' id='word_1_286' title='bbox 446 3478 548 3547; x_wconf 40' lang='lat' dir='ltr'>atque.</span> <span class='ocrx_word' id='word_1_287' title='bbox 565 3468 720 3526; x_wconf 79' lang='lat' dir='ltr'>leontinum</span> <span class='ocrx_word' id='word_1_288' title='bbox 738 3470 975 3527; x_wconf 82' lang='lat' dir='ltr'>imbecillitatem</span> <span class='ocrx_word' id='word_1_289' title='bbox 993 3477 1170 3546; x_wconf 80' lang='lat' dir='ltr'>occupauit.-</span> <span class='ocrx_word' id='word_1_290' title='bbox 1192 3469 1271 3548; x_wconf 75' lang='lat' dir='ltr'>quod</span> <span class='ocrx_word' id='word_1_291' title='bbox 1286 3473 1312 3525; x_wconf 92' lang='lat' dir='ltr'>st</span> 
     </span>
     <span class='ocr_line' id='line_1_32' title="bbox 79 3557 1311 3647; baseline 0.001 -23"><span class='ocrx_word' id='word_1_292' title='bbox 79 3573 113 3624; x_wconf 89' lang='lat' dir='ltr'>in</span> <span class='ocrx_word' id='word_1_293' title='bbox 141 3573 183 3625; x_wconf 89' lang='lat' dir='ltr'>iis</span> <span class='ocrx_word' id='word_1_294' title='bbox 209 3567 297 3626; x_wconf 80' lang='lat' dir='ltr'>libris</span> <span class='ocrx_word' id='word_1_295' title='bbox 322 3565 438 3626; x_wconf 86' lang='lat' dir='ltr'>dictans</span> <span class='ocrx_word' id='word_1_296' title='bbox 464 3577 536 3641; x_wconf 70' lang='lat' dir='ltr'>est,</span> <span class='ocrx_word' id='word_1_297' title='bbox 554 3574 607 3645; x_wconf 85' lang='lat' dir='ltr'>qui</span> <span class='ocrx_word' id='word_1_298' title='bbox 630 3557 704 3627; x_wconf 79' lang='lat' dir='ltr'>sunl</span> <span class='ocrx_word' id='word_1_299' title='bbox 716 3569 758 3626; x_wconf 85' lang='lat' dir='ltr'>de</span> <span class='ocrx_word' id='word_1_300' title='bbox 777 3577 894 3626; x_wconf 78' lang='lat' dir='ltr'>natura</span> <span class='ocrx_word' id='word_1_301' title='bbox 909 3566 1061 3644; x_wconf 82' lang='lat' dir='ltr'>Deorum,</span> <span class='ocrx_word' id='word_1_302' title='bbox 1082 3578 1114 3646; x_wconf 83' lang='lat' dir='ltr'>et</span> <span class='ocrx_word' id='word_1_303' title='bbox 1131 3569 1190 3626; x_wconf 83' lang='lat' dir='ltr'>leue</span> <span class='ocrx_word' id='word_1_304' title='bbox 1211 3569 1311 3647; x_wconf 84' lang='lat' dir='ltr'>dispu-</span> 
     </span>
     <span class='ocr_line' id='line_1_33' title="bbox 80 3654 1312 3748; baseline 0.002 -25"><span class='ocrx_word' id='word_1_305' title='bbox 80 3671 194 3724; x_wconf 83' lang='lat' dir='ltr'>tatione</span> <span class='ocrx_word' id='word_1_306' title='bbox 217 3666 251 3723; x_wconf 84' lang='lat' dir='ltr'>id</span> <span class='ocrx_word' id='word_1_307' title='bbox 276 3673 406 3725; x_wconf 73' lang='lat' dir='ltr'>mamma</span> <span class='ocrx_word' id='word_1_308' title='bbox 434 3654 560 3748; x_wconf 72' lang='lat' dir='ltr'>egimus.</span> <span class='ocrx_word' id='word_1_309' title='bbox 602 3666 735 3740; x_wconf 77' lang='lat' dir='ltr'>Multum</span> <span class='ocrx_word' id='word_1_310' title='bbox 752 3673 833 3725; x_wconf 88' lang='lat' dir='ltr'>onim</span> <span class='ocrx_word' id='word_1_311' title='bbox 852 3677 882 3724; x_wconf 91' lang='lat' dir='ltr'>et</span> <span class='ocrx_word' id='word_1_312' title='bbox 899 3667 1136 3746; x_wconf 80' lang='lat' dir='ltr'>nobismetipsis</span> <span class='ocrx_word' id='word_1_313' title='bbox 1154 3676 1186 3726; x_wconf 90' lang='lat' dir='ltr'>et</span> <span class='ocrx_word' id='word_1_314' title='bbox 1204 3674 1312 3728; x_wconf 86' lang='lat' dir='ltr'>nostris</span> 
     </span>
     <span class='ocr_line' id='line_1_34' title="bbox 79 3745 1311 3846; baseline 0.002 -24"><span class='ocrx_word' id='word_1_315' title='bbox 79 3764 242 3842; x_wconf 53' lang='lat' dir='ltr'>profuturi</span> <span class='ocrx_word' id='word_1_316' title='bbox 269 3766 459 3840; x_wconf 79' lang='lat' dir='ltr'>uidebamur,</span> <span class='ocrx_word' id='word_1_317' title='bbox 489 3772 518 3824; x_wconf 88' lang='lat' dir='ltr'>st</span> <span class='ocrx_word' id='word_1_318' title='bbox 548 3787 613 3824; x_wconf 88' lang='lat' dir='ltr'>eam</span> <span class='ocrx_word' id='word_1_319' title='bbox 630 3766 783 3842; x_wconf 82' lang='lat' dir='ltr'>funditus</span> <span class='ocrx_word' id='word_1_320' title='bbox 810 3766 1044 3826; x_wconf 84' lang='lat' dir='ltr'>sustulissemus.</span> <span class='ocrx_word' id='word_1_321' title='bbox 1072 3762 1104 3846; x_wconf 89' lang='grc'>3)</span> <span class='ocrx_word' id='word_1_322' title='bbox 1155 3745 1252 3828; x_wconf 75' lang='lat' dir='ltr'>addis</span> <span class='ocrx_word' id='word_1_323' title='bbox 1270 3766 1311 3826; x_wconf 86' lang='lat' dir='ltr'>bis</span> 
     </span>
     <span class='ocr_line' id='line_1_35' title="bbox 83 3810 1310 3946; baseline 0.002 -25"><span class='ocrx_word' id='word_1_324' title='bbox 83 3875 195 3937; x_wconf 77' lang='lat' dir='ltr'>autern,</span> <span class='ocrx_word' id='word_1_325' title='bbox 216 3862 294 3942; x_wconf 88' lang='lat' dir='ltr'>quod</span> <span class='ocrx_word' id='word_1_326' title='bbox 313 3810 473 3924; x_wconf 55' lang='grc' dir='ltr'>δοιιιύιιίι</span> <span class='ocrx_word' id='word_1_327' title='bbox 492 3863 580 3946; x_wconf 86' lang='lat' dir='ltr'>plane</span> <span class='ocrx_word' id='word_1_328' title='bbox 599 3877 628 3924; x_wconf 87' lang='lat' dir='ltr'>et</span> <span class='ocrx_word' id='word_1_329' title='bbox 647 3864 812 3925; x_wconf 87' lang='lat' dir='ltr'>Platonicae</span> <span class='ocrx_word' id='word_1_330' title='bbox 833 3862 1032 3946; x_wconf 84' lang='lat' dir='ltr'>philosophiae</span> <span class='ocrx_word' id='word_1_331' title='bbox 1052 3865 1204 3928; x_wconf 77' lang='lat' dir='ltr'>convenit.</span> <span class='ocrx_word' id='word_1_332' title='bbox 1237 3864 1268 3926; x_wconf 81' lang='lat' dir='ltr'><em>N</em></span> <span class='ocrx_word' id='word_1_333' title='bbox 1275 3887 1310 3925; x_wconf 89' lang='grc' dir='ltr'>ιι</span> 
     </span>
     <span class='ocr_line' id='line_1_36' title="bbox 84 3957 1311 4045; baseline 0.002 -25"><span class='ocrx_word' id='word_1_334' title='bbox 84 3983 178 4020; x_wconf 85' lang='lat' dir='ltr'>uero</span> <span class='ocrx_word' id='word_1_335' title='bbox 195 3957 241 4042; x_wconf 83' lang='lat' dir='ltr'>(iel</span> <span class='ocrx_word' id='word_1_336' title='bbox 256 3965 519 4045; x_wconf 75' lang='lat' dir='ltr'>enimdiligs&#39;nter</span> <span class='ocrx_word' id='word_1_337' title='bbox 536 3965 671 4044; x_wconf 76' lang='lat' dir='ltr'>intelligi</span> <span class='ocrx_word' id='word_1_338' title='bbox 685 3965 760 4042; x_wconf 85' lang='lat' dir='ltr'>uolo)</span> <span class='ocrx_word' id='word_1_339' title='bbox 779 3969 1097 4045; x_wconf 63' lang='lat' dir='ltr'>superstitione</span> <span class='ocrx_word' id='word_1_340' title='bbox 1117 3964 1311 4026; x_wconf 74' lang='lat' dir='ltr'>tollendi</span> 
     </span>
    </p>
   </div>
   <div class='ocr_carea' id='block_1_5' title="bbox 1064 4142 1110 4217">
    <p class='ocr_par' dir='ltr' id='par_1_6' title="bbox 1064 4142 1110 4217">
     <span class='ocr_line' id='line_1_37' title="bbox 1064 4142 1110 4217; baseline 0 0"><span class='ocrx_word' id='word_1_341' title='bbox 1064 4160 1066 4164; x_wconf 69' lang='grc'><strong>“</strong></span> <span class='ocrx_word' id='word_1_342' title='bbox 1080 4142 1110 4217; x_wconf 72' lang='lat' dir='ltr'>ti</span> 
     </span>
    </p>
   </div>
   <div class='ocr_carea' id='block_1_6' title="bbox 27 4249 620 4530">
    <p class='ocr_par' dir='ltr' id='par_1_7' title="bbox 27 4249 620 4530">
     <span class='ocr_line' id='line_1_38' title="bbox 27 4249 620 4364; baseline -0.002 -19"><span class='ocrx_word' id='word_1_343' title='bbox 27 4249 35 4268; x_wconf 90' lang='lat'><strong>·</strong></span> <span class='ocrx_word' id='word_1_344' title='bbox 120 4254 272 4364; x_wconf 78' lang='lat' dir='ltr'>illleliep</span> <span class='ocrx_word' id='word_1_345' title='bbox 292 4293 497 4347; x_wconf 59' lang='grc' dir='ltr'>16365Ηῦ-</span> <span class='ocrx_word' id='word_1_346' title='bbox 513 4292 620 4347; x_wconf 80' lang='grc'>3663.</span> 
     </span>
     <span class='ocr_line' id='line_1_39' title="bbox 118 4377 465 4447; baseline -0.003 -16"><span class='ocrx_word' id='word_1_347' title='bbox 118 4377 145 4447; x_wconf 78' lang='grc'>2)</span> <span class='ocrx_word' id='word_1_348' title='bbox 165 4379 218 4432; x_wconf 81' lang='lat' dir='ltr'>cio.</span> <span class='ocrx_word' id='word_1_349' title='bbox 236 4383 266 4432; x_wconf 86' lang='lat' dir='ltr'>de</span> <span class='ocrx_word' id='word_1_350' title='bbox 276 4382 355 4432; x_wconf 83' lang='lat' dir='ltr'>disin.</span> <span class='ocrx_word' id='word_1_351' title='bbox 372 4382 408 4433; x_wconf 87' lang='lat' dir='ltr'>ll.</span> <span class='ocrx_word' id='word_1_352' title='bbox 418 4379 465 4430; x_wconf 77' lang='grc'>72.-</span> 
     </span>
     <span class='ocr_line' id='line_1_40' title="bbox 118 4463 270 4530; baseline 0.021 -15"><span class='ocrx_word' id='word_1_353' title='bbox 118 4463 198 4530; x_wconf 72' lang='lat' dir='ltr'>atto.</span> <span class='ocrx_word' id='word_1_354' title='bbox 219 4467 270 4518; x_wconf 86' lang='lat' dir='ltr'>eod.</span> 
     </span>
    </p>
   </div>
   <div class='ocr_carea' id='block_1_7' title="bbox 0 0 1402 5048">
    <p class='ocr_par' dir='ltr' id='par_1_8' title="bbox 0 0 1402 5048">
     <span class='ocr_line' id='line_1_41' title="bbox 0 0 1402 5048; baseline 0 5"><span class='ocrx_word' id='word_1_355' title='bbox 0 0 1402 5048; x_wconf 95' lang='lat' dir='ltr'> </span> 
     </span>
    </p>
   </div>
  </div>
 </body>
</html>
