2774 5048
637 222 693 282 199

119 380 149 441 llt
166 380 240 483 hege
263 382 358 443 omnm
383 374 583 485 philosophiae
611 382 698 443 finem
722 402 932 462 assequeremur
960 383 1136 462 aliquando,
1167 385 1270 445 versati

87 477 170 541 disin
188 479 348 577 principiis⁸
366 501 480 555 sumus,
510 487 567 559 quo
592 488 657 541 reri
676 502 825 555 umorem,
853 482 1063 562 principiorum
1087 484 1215 542 omniurn
1234 480 1273 542 sd

86 578 204 639 reriutem
231 576 428 658 indagandam
455 576 539 659 lenge
564 580 700 660 princeps
727 593 756 639 et
783 577 1027 654 efficacissimum,
1057 580 1272 660 exploraremus

80 674 234 757 diligentius.
256 677 426 745 ,Consecuti
447 688 542 736 autem
560 677 650 753 inde,
677 678 801 758 opinor,
821 679 906 739 cuam
922 675 976 737 hoc
995 699 1109 753 sumus,
1130 692 1179 753 ut,
1200 699 1272 758 quae

79 773 142 835 athis
164 796 245 835 nnnc
271 774 411 835 continuo
434 773 606 855 exponenda
631 790 698 835 sunt
722 777 782 836 sive
809 774 905 835 officia
928 779 989 836 sire
1013 775 1190 835 adminicula
1212 777 1273 837 sive

55 860 167 969 ,μὴ
185 895 259 952 quse
279 873 367 953 vulgo
384 871 446 933 dici
464 872 575 946 solent,
596 872 634 932 ad
652 874 741 933 finem
758 873 845 933 illum
862 873 1081 954 attingendum,
1102 876 1121 935 i.
1142 897 1167 934 e.
1186 874 1271 935 disci·

75 968 151 1051 pliure
166 974 305 1052 majores,
333 972 365 1030 in
386 971 486 1051 primis
506 969 575 1044 illa,
605 992 690 1050 quam
712 970 909 1045 laudavimus,
930 971 1097 1046 dialectica,
1116 970 1270 1033 haesimus

76 1066 140 1151 brige
165 1069 283 1129 lucilius
306 1068 493 1150 exploraturi.
534 1067 621 1127 Haud
644 1069 729 1129 facile
752 1071 849 1143 enim,
878 1069 1019 1150 quomedo
1044 1069 1097 1128 hae
1122 1068 1218 1131 ualere
1235 1069 1273 1131 ad

76 1186 156 1227 imm
174 1167 404 1247 cognoscendum
422 1166 565 1241 debeant,
595 1150 823 1249 assequiremur,
850 1169 906 1227 nisi
927 1168 964 1227 de
982 1168 1098 1248 propria
1118 1167 1202 1227 nobis
1222 1190 1273 1229 co-

76 1264 212 1343 gnesdendi
230 1265 368 1327 lacirltate
383 1277 541 1325 constaret:
572 1285 624 1324 nos
643 1279 739 1327 autem
753 1279 785 1325 et
803 1267 990 1346 nosmetipsos
1009 1279 1038 1325 et
1055 1266 1116 1325 veri
1134 1287 1273 1340 amorem,

75 1382 118 1441 que
137 1363 241 1425 naturh
266 1362 419 1438 ducimur,
448 1362 650 1443 explorantes,
679 1384 794 1425 sensum
822 1365 988 1438 internum,
1017 1364 1108 1424 animi
1136 1364 1271 1441 oculum,

73 1478 140 1539 prm
164 1460 247 1521 Plato
272 1452 405 1536 secavit,
434 1460 528 1545 qualis
552 1462 609 1534 sit,
638 1460 710 1540 quid
733 1459 846 1525 efficere
865 1461 904 1521 ad
924 1482 1024 1571 verqff
1043 1462 1271 1542 cognoscendum

73 1554 176 1635 fleat,
196 1559 407 1638 quodammodo
420 1561 481 1638 jam
499 1558 722 1639 exploravimus.
772 1561 847 1619 Tum
865 1579 934 1619 uero
953 1558 1060 1619 frustra
1079 1559 1217 1643 deinceps
1237 1561 1273 1621 de

75 1650 175 1718 &endi
193 1657 397 1738 scribendique
414 1671 494 1732 arte,
513 1677 588 1739 quae
605 1657 672 1717 sine'
688 1656 841 1717 dialectica
860 1656 942 1717 nulla
963 1671 1021 1733 est,
1042 1679 1123 1739 agere
1143 1660 1274 1719 institue·

75 1771 167 1830 rmus,
195 1756 255 1816 nisi
277 1768 335 1835 que
352 1754 467 1830 studio,
497 1777 554 1834 quo
572 1757 735 1837 proposito,
763 1776 848 1834 quern
868 1755 900 1815 in
919 1753 1009 1815 tinen
1026 1756 1080 1815 hae
1097 1757 1183 1818 nobis
1201 1772 1275 1821 artes

76 1853 232 1915 excolendae
258 1854 338 1929 sint,
366 1854 624 1933 investigassemus.
666 1853 770 1928 Quid?
798 1854 877 1933 quod
899 1847 1068 1934 puncturis
1083 1853 1274 1930 Socraticam,
1307 1908 1318 1939 z·-

73 1968 130 2027 (μυ
152 1954 215 2014 sine
235 1950 388 2012 dialectica
411 1949 546 2011 adhiberi
571 1951 721 2013 hominum
745 1952 870 2031 ingeniis
893 1955 1053 2034 animisque
1079 1976 1140 2015 non
1163 1967 1273 2035 potest,

74 2045 199 2131 ipsiusque
216 2063 259 2111 est
278 2050 447 2111 dialecticae
462 2070 529 2130 pars
546 2049 707 2127 quaedam,
721 2050 784 2127 jam
802 2050 869 2123 deth
888 2053 974 2134 operi
991 2052 1137 2133 explicare
1157 2065 1186 2121 et
1200 2050 1272 2121 hinc

75 2143 159 2210 ducere
183 2170 281 2211 rerem
304 2149 497 2229 eloquentium
520 2169 688 2227 omnemque
712 2148 837 2209 docendi
859 2152 999 2211 rationem
1023 2171 1096 2231 quae
1117 2152 1195 2228 justa
1217 2151 1274 2224 sit,

73 2250 151 2309 nuru
167 2268 274 2313 sumus.
313 2247 402 2313 Haud
419 2247 508 2327 igitur
528 2249 569 2306 ita
586 2245 708 2307 difficile
727 2246 811 2307 nobis
829 2249 884 2308 iter
904 2249 977 2325 erit,
998 2247 1075 2328 quod
1095 2268 1174 2308 nunc
1192 2245 1273 2307 dein·

75 2360 125 2424 ttps
143 2346 343 2422 instituemus,
370 2366 424 2405 nec
448 2367 518 2406 vero
536 2359 598 2405 tum
618 2345 722 2421 etiam,
753 2345 804 2405 ubi
823 2346 861 2407 ad
880 2349 975 2429 ipsum
990 2350 1051 2425 jam
1069 2345 1157 2406 finem
1177 2366 1273 2404 sumus

74 2430 243 2523 fiaenturi,
269 2459 328 2505 tam
354 2445 410 2504 erit
434 2443 512 2503 illud
538 2463 668 2524 asperum
693 2456 745 2502 aut
769 2443 891 2505 arduum
898 2490 908 2519 ,
933 2467 1019 2524 quam
1038 2445 1126 2525 vulgo
1145 2457 1272 2525 putatur.

73 2536 129 2603 lltu
144 2543 302 2624 aequabilis
322 2557 382 2618 eet,
413 2557 446 2603 ut
463 2535 501 2601 ih
520 2541 606 2601 initio
625 2539 753 2599 diximus
771 2554 799 2600 ct
816 2543 884 2602 satis
897 2524 959 2620 jani
976 2542 1061 2603 nobis
1080 2555 1158 2623 patet
1168 2586 1177 2616 ,
1203 2541 1274 2622 plri-

59 2632 201 2722 ‚loeephiee
221 2641 390 2701 Platonicae
413 2639 581 2722 progressio.
622 2639 687 2698 Non
705 2639 849 2724 extemplo
868 2662 921 2700 nos
939 2640 1039 2716 Plato,
1059 2659 1131 2720 quac
1151 2639 1273 2701 eliorum

73 2748 119 2812 est,
137 2741 325 2801 recentiorum
342 2740 375 2799 in
393 2738 494 2819 primis
512 2735 766 2818 philosophorum,
787 2737 980 2813 consuetudo,
1002 2740 1035 2797 in
1053 2739 1273 2816 memphyticae

73 2839 152 2899 nnio
178 2858 265 2918 quem
291 2837 491 2918 labyrinthum
516 2834 617 2908 ducit,
648 2833 727 2895 unde
750 2856 808 2913 qua
832 2856 885 2897 nos
901 2836 1041 2917 possimus
1060 2836 1170 2897 ratione
1189 2855 1272 2916 expe·

55 2926 138 3011 Ἕκ,
156 2958 216 2997 non
233 2937 424 3017 reperiamus:
451 2957 510 2995 non
529 2932 580 2993 ille
600 2953 652 2992 nos
670 2933 809 2992 continuo
826 2955 878 3015 per
896 2934 971 2995 lianc
992 2935 1102 2995 scilicet
1120 2922 1271 3014 methphy-

69 3025 144 3095 ⁸lteri
160 3037 194 3097 in
212 3034 286 3097 ultus
298 3033 427 3095 nubium
441 3046 547 3123 tractus
566 3030 681 3105 evehit,
702 3030 754 3090 nbi
771 3051 823 3093 noe
840 3034 971 3114 suspensi
986 3047 1016 3094 et
1034 3033 1115 3113 quasi
1130 3025 1274 3149 μετὲψοι
1329 3039 1331 3043 ’

68 3119 139 3193 firme
153 3132 346 3215 cognoscendi
361 3132 507 3214 principie
523 3129 678 3190 habeamus
694 3127 792 3209 nulla,
810 3127 861 3189 sed
879 3152 1014 3212 vagemur
1028 3146 1142 3194 temere.
1184 3134 1273 3193 Lente

65 3216 112 3317 ills
133 3232 268 3312 quidem,
295 3229 348 3292 sed
375 3207 458 3290 tirno
481 3227 573 3309 gradu
591 3239 810 3306 constanterque
829 3228 979 3310 procedit,
1008 3244 1036 3291 et
1055 3253 1108 3292 nos
1126 3232 1272 3314 profecto,

60 3332 203 3409 P⁰⁸tqua1u
229 3329 316 3390 semel
342 3349 393 3410 per
420 3327 639 3408 disciplinarum
667 3324 918 3404 disquisitionem,
949 3349 1014 3389 cum
1041 3328 1181 3405 aliarum,
1211 3343 1273 3389 tum

56 3428 221 3489 tummim
236 3427 419 3501 diulecticac,
439 3427 472 3487 in
487 3423 630 3485 mundum
648 3416 769 3504 reqrtir,
792 3423 829 3482 ad
849 3427 924 3507 ipsas
941 3425 1021 3487 ideas
1039 3429 1272 3512 pervenerimus,

55 3517 115 3583 ‘lit
136 3526 221 3587 uobis
238 3525 315 3589 'haec
343 3526 404 3586 sive
422 3522 574 3585 dialectice
591 3525 652 3586 sive
669 3525 863 3606 metaphysica
883 3526 945 3585 sive
964 3545 1135 3605 quocunque
1154 3525 1272 3587 undem

55 3623 177 3707 Quin&
188 3615 258 3684 haec
279 3620 436 3704 disciplina
457 3621 587 3683 vocanda
605 3622 661 3697 sit,
691 3645 759 3682 non·
769 3621 973 3701 labyrinthus,
999 3622 1032 3681 in
1050 3644 1108 3702 qno
1125 3644 1272 3685 coecorum

55 3721 147 3783 heles
170 3722 351 3796 oberremus,
380 3719 431 3781 sed
449 3721 530 3800 qussi
547 3719 663 3800 specula
681 3721 737 3780 erit
755 3719 910 3798 quaedam,
945 3719 1024 3779 unde
1043 3720 1223 3802 prospiciens
1239 3723 1272 3781 in

55 3814 154 3879 'unes
169 3833 264 3901 partes
283 3818 471 3900 philosophus

211 3918 292 3977 Hinc
314 3919 466 3978 hominum
485 3939 603 3977 errores
623 3918 707 3996 longe
728 3916 851 3994 lotoque·
862 3936 918 3992 per
938 3917 1035 3975 orbem

213 4015 374 4091 Despicrre
384 4061 393 4090 ,
415 4026 503 4094 utque
524 4016 652 4074 humiles
670 4021 765 4090 possit
784 4024 968 4073 contemnere
989 4035 1088 4073 eurus.

98 4113 153 4174 Sed
176 4136 252 4175 vane
277 4127 319 4173 est
336 4115 435 4181 ¹omnis
456 4111 493 4175 de
518 4113 684 4195 disciplinis
703 4112 886 4193 disquisitio,
907 4113 965 4178 nisi
985 4111 1051 4175 illos
1071 4109 1273 4175 considerave-

55 4198 149 4271 'imus
169 4212 257 4288 item,
286 4211 392 4291 quibus
409 4232 455 4271 eas
473 4210 609 4274 cadite-i
627 4232 742 4287 sumus,
773 4231 924 4291 eorumque
941 4209 1069 4276 indolem
1085 4223 1170 4288 atque
1190 4209 1273 4291 inge-

55 4305 140 4368 ssium
164 4311 402 4392 perspexerimus.
444 4310 505 4368 Hac
530 4309 599 4367 item
621 4309 652 4366 in
678 4300 806 4375 rfflato
825 4328 904 4382 non,
933 4307 1010 4387 quod
1027 4319 1124 4388 postea
1147 4307 1254 4366 facturn
1266 4353 1274 4381 ,

55 4406 225 4484 sthrtructm
251 4422 283 4469 ut
307 4422 444 4482 vocatur,
465 4407 681 4489 philosophatus
704 4421 763 4481 est,
791 4406 840 4466 sed
859 4406 983 4479 hominis
1002 4405 1155 4487 praecipue
1176 4405 1273 4463 hnma-
