2796 5048
671 282 730 342 378

79 453 204 507 stimmt.
247 443 355 502 Diem
371 442 461 501 Laud
474 445 546 502 oder
564 451 608 501 ist
626 451 692 500 eins
712 443 811 519 Intol,
833 444 897 502 und
916 445 1016 503 durch
1033 444 1086 503 dte
1110 439 1217 502 Nalm·
1234 447 1298 506 tollet

78 553 113 603 in
131 543 402 602 unveriinderliehs
424 540 560 600 &aaron
578 543 822 622 eingesohloseen.
845 542 889 602 Es
908 540 1126 601 iuduebam!
1135 542 1192 601 der·
1205 543 1298 603 Wolt-

80 645 144 701 lseit
166 640 229 722 (ein
257 641 414 699 reironder
443 637 571 728 Nemo),
600 643 742 721 umgeben
772 664 827 700 oon
857 649 954 700 sinens
985 648 1100 700 aoeiten
1121 640 1188 699 und
1204 648 1302 701 stem·

80 742 168 801 seleon
190 739 324 814 Oceano,
341 741 407 797 dem
426 741 625 819 eigentle'eleen
661 739 745 798 Sitze
765 741 816 798 des
838 740 986 815 Schema,
1012 761 1057 798 wo
1074 740 1206 798 nsunclss
1225 739 1302 799 Notat·
1352 787 1354 804 ,

80 842 178 914 bools,
201 840 265 896 und
292 840 432 896 monebor
460 840 529 896 bold
549 838 813 917 roegsolrmelrsnde
833 838 892 897 Eis
911 860 986 897 neus
1004 837 1139 897 blinder
1158 839 1244 920 lr‘igt,
1260 839 1305 896 sal

81 941 228 997 indentes
246 938 300 994 don
312 940 377 1011 aus
385 938 627 1017 Entdeclsungen
647 938 1002 996 beruensohwo'irmenden
1023 936 1203 1012 Seefolrror
1211 938 1306 1012 suess·

83 1037 201 1093 ho'rliob
221 1043 279 1092 mit
297 1037 396 1093 leeren
414 1035 613 1116 Hoffuungen
629 1038 769 1112 tdusobt,
789 1038 844 1095 ibn
864 1044 898 1093 in
920 1035 1126 1095 Abentbeuer
1147 1036 1308 1111 uorfiocltol,

81 1136 308 1193 condemner
333 1134 463 1192 niemols
491 1135 648 1208 obloesen,
678 1136 742 1192 und
761 1142 804 1193 sie
832 1136 904 1193 decb
921 1135 1001 1192 euch
1029 1135 1170 1193 niemuls
1188 1154 1228 1193 ιιι
1246 1132 1309 1191 Bnlr

83 1236 211 1314 bringen
233 1234 327 1292 kann.
348 1231 377 1311 l)

123 1332 278 1405 Dicamus,
300 1351 466 1411 expressum
495 1330 615 1410 plauea
643 1328 753 1390 Kantio
772 1327 921 1389 Platonem
939 1349 1019 1403 esse,
1040 1330 1097 1411 qui
1120 1327 1258 1389 similiter
1273 1348 1310 1389 nor

83 1429 198 1510 opinari
220 1443 247 1488 et
266 1449 360 1487 errare
382 1428 478 1501 dixit,
500 1427 644 1506 siquidem
663 1426 795 1487 sensibus
810 1428 976 1508 percipere,
996 1448 1073 1505 quae
1093 1426 1135 1487 iis
1152 1426 1313 1508 percipiunt

85 1526 360 1607 possuut‚velimus.
403 1524 484 1583 Idem
504 1524 664 1600 dicendum
684 1525 721 1584 de
750 1525 967 1585 Hemsterbusio
986 1522 1142 1586 videatur.
1185 1526 1314 1585 Domato-

85 1625 130 1682 ria
150 1625 174 1681 is
192 1625 292 1683 statuit
319 1644 372 1681 nos
403 1644 494 1703 pauca
524 1626 659 1699 novisse,
688 1644 742 1683 nec
762 1624 821 1683 nisi
842 1636 953 1704 partem
973 1622 1079 1697 illam,
1109 1643 1189 1703 quae
1207 1620 1314 1699 sensibus

86 1720 192 1780 nostris
211 1721 366 1781 convenit:
385 1735 530 1779 caeterum
547 1736 662 1802 praeter
681 1722 849 1796 materiam,
880 1721 941 1783 sive
964 1719 1129 1801 physicum
1151 1720 1233 1781 bunc
1249 1741 1315 1781 mus·

86 1819 174 1895 dum,
185 1818 274 1877 alium
294 1840 363 1894 esse,
381 1821 523 1877 moralem
536 1819 694 1895 videlicet,
713 1840 830 1901 prorsus
850 1841 866 1877 a
885 1818 1003 1877 materia
1015 1817 1177 1878 diversum
1194 1814 1316 1879 alienari·

86 1938 162 1996 que,
183 1938 267 1997 quem
286 1919 327 1976 ita
345 1915 429 1976 nobis
447 1919 597 1998 percipere
632 1940 745 1998 organo
760 1918 872 1975 morali
901 1916 987 1975 liceat
997 1960 1005 1991 ,
1031 1928 1063 1974 ut
1085 1916 1228 1977 sensibus
1245 1928 1317 1976 exter

87 2014 287 2074 nismundum
306 2015 461 2097 physicum
481 2016 667 2097 percipimus.
699 2018 771 2075 Rem
792 2014 843 2073 ille
863 2014 1046 2073 monumenti
1057 2014 1127 2076 sive
1148 2014 1318 2097 lapidiscon·

87 2114 237 2194 paratione
247 2113 413 2173 illustrabat
423 2160 431 2189 ,
451 2117 496 2192 cuj
503 2137 534 2173 us
552 2115 585 2172 in
595 2128 719 2194 quatuor
740 2113 880 2173 lateribus
897 2112 1081 2172 diversarum
1106 2111 1274 2193 linguarum
1284 2112 1320 2171 iu·

89 2213 261 2293 scriptiones
280 2225 434 2271 exstarent.
477 2212 513 2270 Iu
533 2211 632 2271 eodem
652 2224 858 2286 monumento,
879 2210 940 2284 ait,
960 2209 1012 2268 alii
1032 2208 1124 2269 aliud
1142 2206 1319 2291 longequedi·

92 2331 207 2370 versum
217 2355 226 2385 ,
245 2331 298 2390 pro
317 2311 481 2389 linguarum
500 2331 571 2388 quas
598 2323 700 2370 tenent
721 2309 891 2370 diversitate
901 2352 910 2382 ‚
931 2305 1187 2379 animadvertent.
1231 2304 1319 2367 Eadem

92 2407 223 2466 universi
244 2407 318 2466 ratio
337 2421 395 2465 est:
416 2407 548 2466 infinitas
568 2430 689 2468 numero
710 2423 738 2467 et
758 2408 897 2468 varietate
915 2419 1011 2487 partes
1025 2404 1125 2486 ipsius
1147 2404 1321 2467 essentialia·

91 2504 159 2579 bet,
177 2524 300 2583 quarum
320 2504 391 2564 alias
410 2504 483 2563 aliae
503 2518 621 2564 naturae
641 2527 693 2587 pro
712 2505 883 2565 facultatum
904 2502 1074 2569 diversitate
1094 2503 1316 2566 animadvertere

94 2617 122 2661 et
141 2623 311 2682 cognoscere
331 2617 460 2683 possunt.
482 2603 590 2679 Nobis,
610 2605 660 2683 qui
679 2604 726 2664 his
744 2604 873 2683 quinque
894 2600 1026 2681 sensibus
1047 2602 1189 2661 externis
1209 2615 1238 2662 et
1252 2602 1320 2661 inter·

94 2722 132 2760 no
151 2715 300 2783 praeterea
310 2747 319 2777 ,
339 2702 400 2764 sive
420 2700 522 2761 morali
541 2723 643 2777 sensu,
662 2701 787 2784 praediti
807 2716 924 2775 sumus,
937 2713 1033 2779 partes
1051 2699 1121 2776 ejus
1142 2698 1192 2759 his
1209 2696 1321 2767 sensibus

92 2798 340 2880 facultatibusque
360 2800 465 2859 nostris
475 2814 606 2880 patentes
627 2801 779 2879 exquirere
797 2813 825 2858 et
843 2817 1012 2877 cognoscere
1033 2796 1106 2854 licet
1116 2841 1128 2871 ,
1148 2810 1321 2857 caeterum
1352 2846 1354 2859 .

93 2917 146 2955 nes
166 2919 227 2957 non
243 2897 322 2958 licet.
344 2899 454 2957 Verum
472 2912 500 2957 et
519 2898 608 2976 hujus
625 2896 792 2980 philosophi
813 2897 876 2978 ipsa
894 2893 1095 2955 adscribamus
1116 2894 1222 2956 verbe.
1262 2890 1321 2967 3η·

89 3015 214 3070 pesona,
234 2996 274 3054 sic
292 2996 489 3077 Euthyphron
507 2995 586 3076 apud
606 3017 671 3054 eum
692 2996 724 3055 in
742 2994 918 3076 pulcerrimo
935 2992 1052 3072 dialogo
1073 2989 1112 3051 de
1134 2990 1321 3074 philosophia,

93 3113 252 3170 suppetens
271 3116 312 3152 un
334 3096 394 3152 blec
414 3096 448 3152 de
467 3097 587 3153 marbre
598 3140 606 3168 ,
637 3117 693 3153 sur
712 3095 809 3171 lequel
825 3095 852 3150 il
872 3115 891 3171 y
911 3097 1016 3148 auros't
1041 3099 1158 3168 quatre
1176 3093 1322 3168 inampli-

94 3212 146 3247 one
167 3191 368 3267 diffluens,
391 3214 427 3249 en
445 3214 518 3271 grec
531 3237 539 3267 ,
558 3215 592 3250 en
613 3196 722 3266 orabo,
753 3214 790 3249 en
809 3193 909 3265 latin,
930 3212 967 3248 en
978 3192 1140 3265 franceis.
1186 3187 1264 3262 Hei,
1280 3189 1320 3265 qli

94 3310 130 3345 ne
153 3296 216 3347 sois
234 3311 290 3368 que
306 3311 356 3346 ma
374 3291 506 3369 langue,
528 3297 565 3366 je
583 3313 653 3349 eous
671 3280 757 3349 dirui
777 3291 804 3346 le
813 3292 886 3365 fait
906 3310 961 3366 que
980 3310 1012 3345 ce
1031 3296 1216 3367 monument
1234 3307 1276 3345 ne
1289 3282 1322 3340 ὦ

93 3388 165 3446 vele.
187 3387 268 3448 Mais
287 3389 404 3446 beoutez
425 3389 451 3445 le
485 3387 559 3446 Grec
569 3410 582 3458 ,'
603 3390 630 3445 il
645 3411 715 3447 vous
734 3391 825 3447 dira:
854 3396 930 3444 cette
946 3389 1032 3462 pileo
1062 3407 1109 3442 me
1131 3387 1183 3444 dit
1204 3387 1269 3444 bien
1284 3382 1323 3439 det

92 3487 191 3545 choses
211 3509 267 3547 tur
283 3489 310 3547 le
328 3488 407 3569 tibgo
427 3489 462 3545 de
485 3488 583 3547 Trete.
605 3486 747 3546 L'Arobe
767 3489 859 3545 dira:
879 3507 910 3543 oe
931 3487 1051 3542 murdro
1073 3485 1175 3542 donne
1195 3486 1232 3543 ds
1245 3502 1322 3565 gm-

93 3585 144 3642 des
164 3587 307 3646 lumilres
328 3609 383 3646 sur
412 3588 561 3646 l’he'stoire
581 3588 615 3644 do
634 3588 664 3644 la
694 3587 862 3644 chevalerie
881 3585 916 3642 de
938 3582 1079 3642 Sotaden.
1123 3580 1322 3641 Le'ltmiuf

86 3687 124 3755 je
144 3704 180 3739 ne
200 3694 296 3744 saeuis
311 3708 369 3763 pas
389 3708 444 3764 que
476 3686 594 3746 Cestius
615 3686 688 3744 broit
715 3682 897 3761 l’offronelii
916 3683 951 3740 de
971 3680 1109 3757 Pompds.
1147 3680 1231 3740 Versa
1248 3698 1328 3755 noyez.

95 3800 151 3856 que
171 3802 218 3839 ooo
234 3805 309 3862 geno
330 3807 364 3842 ire
383 3792 541 3844 sauroient
552 3791 651 3865 juger
670 3806 726 3861 que
745 3804 801 3841 sur
819 3804 850 3839 oe
870 3788 922 3859 qui
942 3790 987 3839 est
1005 3780 1116 3838 tournb
1136 3780 1175 3839 de
1188 3774 1320 3841 lauram,

95 3900 153 3937 rur
170 3902 201 3937 oo
219 3889 273 3959 qui
292 3893 336 3941 eat
354 3885 603 3960 comprehensible
619 3903 699 3959 pour
724 3903 801 3939 eur:
823 3868 852 3937 et
871 3881 898 3937 tt
918 3902 953 3937 en
975 3888 1019 3938 est
1038 3880 1074 3937 de
1102 3882 1201 3936 mente
1219 3876 1268 3934 des
1284 3892 1319 3929 tt·

96 3999 205 4038 senece.
228 3977 261 4057 2)
288 4038 290 4040 ,

134 4289 158 4353 l)
176 4291 242 4344 Kant
256 4294 317 4345 Crit.
334 4295 379 4344 der
393 4311 416 4342 r.
442 4294 515 4347 Vero.
535 4313 560 4363 p.
579 4294 637 4347 294.
657 4292 705 4346 Ed.
726 4293 808 4363 lligae
821 4291 897 4344 178⁷.

131 4373 157 4439 ἲ)
176 4378 272 4430 Hemst.
288 4381 361 4431 usse.
376 4381 464 4448 philos.
488 4382 547 4433 Vol.
572 4381 590 4432 l.
605 4380 653 4432 281
674 4389 700 4432 ct
722 4378 782 4431 282.
800 4378 848 4430 Ed.
874 4377 956 4429 Paris.
978 4373 1053 4427 1792.
1074 4375 1112 4426 Cl.
1131 4373 1155 4426 l.
1185 4370 1214 4425 G.
1237 4369 1313 4421 {louet

95 4464 167 4530 Sper.
186 4466 214 4514 ἐκ
229 4466 306 4516 doetr-
324 4466 415 4517 Hemst.
427 4469 458 4518 de
473 4476 526 4518 not.
538 4469 588 4518 dio.
608 4466 674 4531 Traj.
695 4462 768 4518 1839.
789 4482 815 4531 p.
833 4462 866 4515 13
886 4478 941 4530 sqq.
