2796 5048
718 221 757 279 60

113 382 273 461 mysteriis,
295 403 367 463 quae
386 382 559 442 Graecorum
577 395 646 440 erat·
662 395 772 442 vetusto
797 403 866 441 aevo
891 382 1075 443 consuetudo.
1101 382 1130 464 l)
1159 385 1233 443 Nam
1253 404 1342 443 sacer-

113 478 193 539 dotes
212 483 290 563 apud
309 479 395 540 rudes
414 494 510 559 gentes
528 501 588 538 non
608 494 675 539 sunt
693 481 852 560 sapientes,
872 480 970 560 quales
999 480 1083 540 nobis
1109 482 1271 557 dicuntur,
1299 481 1344 541 sed

114 577 213 655 paullo
231 581 327 639 minus
345 579 462 638 caeteris
480 599 495 636 a
510 578 651 658 sapientia
669 577 932 658 absunt‚quamvis
952 578 1038 638 rudes
1057 581 1226 640 etiamnunc
1247 581 1303 662 ipsi
1320 592 1345 639 et

114 677 239 738 motih'us
267 678 389 758 agitati,
415 698 500 757 quos..
513 698 565 737 nos
594 677 774 736 detestamur.
817 678 926 736 Mutari
945 677 1014 736 haec
1039 678 1255 757 quodammodo
1273 678 1347 760 apud

115 770 241 835 Graecos*
256 789 411 858 coeperunt
433 775 554 835 cultiore
582 788 690 833 aetate:
722 797 771 834 sua
794 777 946 837 coluerunt
966 797 1044 836 saera
1069 790 1097 836 et
1121 777 1194 836 alibi
1220 791 1252 837 et
1273 775 1349 858 apud
1392 826 1394 841 .

116 871 279 934 Corinthios
297 874 430 933 mulieres
449 875 600 954 ingenuae.

360 965 525 1054 Ἀφροδίσι’
544 963 596 1054 ἦγε
617 973 682 1045 τοῖς
703 965 830 1053 ἑταίροις
850 966 870 1054 η’
891 965 987 1046 πόλις,

363 1070 448 1157 ἓτιριι
469 1070 505 1134 δὲ
525 1071 620 1156 χωρίς
641 1071 702 1136 ἐστι
723 1077 787 1149 ταῖς
808 1069 988 1158 ἐλευθέρως·
1011 1074 1043 1156 2)

116 1195 187 1253 qnae
215 1177 247 1234 in
277 1177 396 1237 vetustis
413 1176 521 1235 fabulis
540 1176 669 1237 latebant
695 1177 822 1260 duplicis
842 1179 964 1238 Veneris
991 1178 1141 1251 notiones,
1155 1171 1195 1258 Ι3)
1210 1177 1353 1258 'explica-

76 1322 83 1331 ,
118 1286 162 1331 tae
182 1295 197 1330 a
217 1277 308 1355 poetis
328 1289 413 1349 sunt,
434 1276 467 1334 in
487 1276 588 1356 primis
606 1299 622 1335 a
641 1278 773 1357 tragicis:
936 1333 938 1339 .

365 1367 426 1433 ἀλλ’
447 1367 507 1434 ἔστι
529 1369 569 1454 δή
590 1396 634 1448 τις
654 1367 740 1450 ἄλλος
761 1373 793 1436 ἐν
813 1378 930 1457 βροτοῖς
943 1368 1039 1456 Ἕριος

198 1480 225 1542 ,’
324 1518 327 1529 «
365 1473 469 1557 ψυχῆς
490 1473 615 1551 δικαίας,
638 1470 795 1559 σώφρονός
815 1500 845 1538 τε
867 1471 1011 1562 κᾴγιιθῆς.
1035 1476 1066 1556 ts)

120 1575 246 1634 Purioris
269 1579 371 1637 amoris
391 1593 419 1638 et
437 1593 544 1638 statuae
562 1580 670 1660 positae
689 1581 805 1640 suntin
825 1581 980 1665 gymnasiis
1000 1576 1031 1660 5)
1048 1593 1076 1638 et
1100 1580 1171 1638 festa
1191 1577 1353 1652 celebrata,
1392 1568 1394 1573 ¹

121 1666 247 1752 ε’ριιιτικιὶ
273 1674 369 1752 dieta,
398 1676 429 1757 6)
454 1699 582 1756 quaeque
600 1662 633 1738 in
653 1679 766 1761 templis
793 1679 914 1739 aderant
942 1700 994 1737 nec
1018 1677 1147 1737 tollenda
1175 1676 1355 1738 videbantur
1392 1680 1394 1715 ³

120 1775 313 1857 turpitudinis
330 1775 440 1836 indicia
460 1791 488 1836 et
506 1777 675 1851 simulacra,
696 1777 794 1837 hahita
813 1791 881 1836 sunt
907 1777 960 1835 illa
978 1790 1006 1835 et
1026 1776 1103 1835 culta
1125 1789 1268 1854 tanquam
1287 1776 1354 1835 ima·

120 1875 201 1955 gines
226 1889 343 1934 naturae
362 1889 390 1933 et
409 1875 631 1951 foecunditatis5
654 1874 686 1957 7)
706 1876 756 1936 sed
782 1877 843 1957 ipsa
866 1874 1016 1956 turpitudo
1039 1875 1071 1933 in·
1095 1872 1225 1932 moribus
1249 1856 1354 1933 mansii

79 2043 86 2063 ι
119 1985 148 2031 et
167 1974 244 2031 vitae
262 1972 488 2048 consuetudine,
509 1975 565 2033 imo
585 1973 671 2033 latius
689 1973 812 2034 subinde
830 1973 931 2053 serpsit
950 1994 1002 2054 per
1021 1972 1104 2031 nulla
1123 1992 1183 2030 non
1201 1971 1354 2032 hominum

120 2092 232 2151 genera.
275 2073 346 2130 Nam
373 2071 613 2131 commendabant
636 2071 687 2131 has
714 2072 856 2150 nequitias
883 2076 1030 2151 poetarum
1057 2071 1201 2144 carmina,
1232 2091 1353 2150 quorum

121 2169 244 2228 lectione
264 2168 447 2228 imbuebatur
469 2173 626 2248 juventus,
648 2183 676 2228 et
694 2169 785 2228 oeulis
809 2168 1002 2248 subjiciebant
1021 2170 1194 2227 comicorum
1218 2167 1354 2240 fabulae,

120 2289 190 2345 quas
209 2267 360 2326 universus
378 2267 523 2348 spectabat
541 2267 673 2348 populus.
716 2268 779 2341 Quo
804 2266 908 2343 fiebat,
928 2281 959 2326 ut
977 2266 1178 2326 adsuescerent
1196 2265 1354 2347 plane-ho-

120 2365 212 2423 mines
229 2365 350 2444 impuris
368 2364 430 2423 istis
449 2365 552 2439 rebus,
576 2365 782 2446 cultissimiqne
806 2366 877 2427 adeo
901 2365 979 2448 apud
1008 2365 1130 2425 Graecos
1153 2365 1353 2444 Romanosque

121 2463 178 2523 viri
196 2462 376 2522 sermonibus
396 2484 442 2522 eas
462 2464 632 2546 scriptisque
654 2479 832 2546 usurparent.

456 2661 502 2720 Da
521 2674 620 2722 amore
640 2663 757 2722 coelesti
767 2708 775 2736 ,
796 2669 857 2720 sina
876 2670 995 2720 uranio.

160 2857 245 2932 Quod
259 2879 327 2918 vero
340 2859 447 2918 malum
462 2873 562 2939 sponte
576 2860 616 2918 ita
630 2859 782 2940 irrepserat
797 2860 829 2917 in
844 2858 994 2916 hominum
1009 2857 1185 2931 societatem,
1204 2856 1352 2934 fueratque

119 2954 318 3015 confirmatum
331 2956 479 3038 popularis
493 2957 641 3036 religionis
654 2958 821 3016 auctoritate
836 2969 864 3014 et
877 2961 991 3036 poeseos
1006 2953 1274 3028 commendatione,
1295 2966 1352 3012 tau·

120 3067 182 3110 tum
195 3053 304 3128 abfuit,
328 3068 389 3113 uta
414 3055 596 3137 philosophia
621 3056 728 3136 pariter
752 3068 955 3136 propagaretur
976 3055 1036 3113 sive
1055 3053 1140 3111 etiam
1159 3053 1305 3126 ferretur,
1325 3060 1352 3107 nt

120 3150 190 3209 haec
206 3151 283 3210 illud
298 3153 420 3210 maxime
434 3152 640 3233 expellendum
654 3152 865 3231 delendumque
880 3153 1044 3234 susciperet.
1067 3151 1199 3231 Suscepit
1213 3164 1352 3229 autemst

122 3248 206 3308 modo
216 3295 225 3324 ‚
246 3251 295 3328 qui
315 3263 342 3308 et
362 3251 452 3330 ipsam
471 3250 585 3310 deceret
602 3266 630 3310 et
647 3251 959 3310 hominis’conveniret
976 3265 1105 3309 naturae.
1146 3249 1220 3307 Nam
1250 3248 1352 3307 exstit*-

121 3369 189 3429 pare
207 3371 267 3408 non
287 3347 398 3408 studuit
416 3349 566 3409 hominum
584 3350 688 3408 animis
706 3370 845 3408 amorem:
869 3348 947 3428 quod
967 3350 1072 3408 frustra
1091 3360 1228 3406 tentasset
1248 3361 1278 3406 et
1295 3365 1351 3427 pa·

121 3447 192 3504 simo
209 3460 335 3527 eventu3
358 3447 408 3506 sed
429 3448 573 3508 convertit
596 3469 660 3506 eum
683 3470 698 3506 a
719 3447 804 3506 rebus
824 3448 957 3528 turpibus
980 3462 1008 3506 et
1028 3446 1147 3524 abjectis
1175 3444 1213 3504 ad
1234 3445 1349 3526 pulcra„

156 3753 182 3819 1)
199 3755 257 3806 Vid.
279 3754 358 3808 Clam.
378 3757 452 3809 Alex.
467 3759 578 3827 Prota-ep.
597 3776 623 3825 p.
643 3757 677 3810 13
691 3767 717 3810 et
731 3757 772 3810 20.
809 3757 906 3809 hrnob.
924 3760 978 3809 odo.
996 3767 1085 3824 pentes.
1103 3757 1131 3807 V.
1148 3754 1188 3807 73.
1215 3754 1288 3816 Quas
1301 3752 1344 3804 ΡΙ·

109 3867 188 3924 ,ιιιιιη
208 3861 355 3912 testimonia
375 3868 427 3912 tum
448 3852 561 3928 μυθοῖς
582 3863 777 3923 confirmantur,
805 3876 870 3927 quos
884 3869 1041 3923 memorant,
1059 3868 1111 3911 tum
1126 3859 1226 3910 rudium
1240 3857 1339 3927 gentium

124 3944 246 3997 moribus.

156 4027 183 4093 2)
201 4031 289 4082 Alanis
309 4031 376 4096 apud
392 4031 484 4083 Athen.
499 4032 563 4083 xtfl.
580 4033 638 4084 stt.

157 4113 183 4179 3)
201 4116 258 4167 Vid.
274 4118 352 4168 Bacis.
368 4117 400 4168 ad
415 4117 532 4185 Xenoph.
546 4120 628 4187 Symp.
644 4118 712 4167 v111.
730 4117 754 4167 9.
1251 4144 1258 4154 ·

157 4199 183 4264 t)
201 4203 290 4270 Eurip.
309 4203 376 4269 apud
393 4202 458 4254 Plut.
476 4205 505 4258 de
522 4207 590 4255 educ.
608 4222 678 4272 ριιιν.
698 4221 722 4269 p.
743 4202 781 4254 11.
802 4203 829 4254 Ε.
850 4204 888 4256 ct.
909 4204 996 4256 Valch.
1016 4205 1098 4255 Diutr.
1117 4221 1141 4270 p.
1160 4202 1218 4255 241.
1244 4261 1251 4271 ἱ

121 4312 133 4357 ss
159 4285 402 4348 attrutinat.
422 4290 438 4339 l.
458 4306 482 4356 p.
503 4290 558 4340 157.

158 4371 184 4436 6)
202 4373 266 4425 Plut.
286 4375 368 4426 Amat.
387 4377 441 4426 init.
460 4384 486 4426 et
503 4377 607 4441 passim.
627 4374 665 4425 ct.
687 4374 808 4426 Creuzer.
827 4378 905 4442 ὅροι).
925 4376 974 4426 ΙΙΙ.Ἰ
988 4374 1046 4426 552.

159 4456 184 4519 t)
202 4460 231 4509 V.
250 4477 271 4510 c.
291 4461 356 4513 Plut.
375 4463 405 4511 ‹te
419 4461 483 4512 Iside
500 4471 522 4511 et
539 4463 604 4512 Oria.
623 4458 681 4512 365.
700 4461 728 4511 Β.
749 4460 788 4512 ct.
807 4461 1020 4593 tteinersaqtesct.
1040 4464 1083 4513 der
1101 4461 1179 4528 aeta.

921 4556 930 4599 ¹.
939 4566 945 4581 '
1037 4562 1061 4601 at
