<?xml version="1.0" encoding="UTF-8"?>
<!DOCTYPE html PUBLIC "-//W3C//DTD XHTML 1.0 Transitional//EN"
    "http://www.w3.org/TR/xhtml1/DTD/xhtml1-transitional.dtd">
<html xmlns="http://www.w3.org/1999/xhtml" xml:lang="en" lang="en">
 <head>
  <title>
</title>
<meta http-equiv="Content-Type" content="text/html;charset=utf-8" />
  <meta name='ocr-system' content='tesseract 3.04.00' />
  <meta name='ocr-capabilities' content='ocr_page ocr_carea ocr_par ocr_line ocrx_word'/>
</head>
<body>
  <div class='ocr_page' id='page_1' title='image "./initiaphilosoph00heusgoog_0456.png"; bbox 0 0 2796 5048; ppageno 0'>
   <div class='ocr_carea' id='block_1_1' title="bbox 666 205 725 264">
    <p class='ocr_par' dir='ltr' id='par_1_1' title="bbox 666 205 725 264">
     <span class='ocr_line' id='line_1_1' title="bbox 666 205 725 264; baseline 0 0"><span class='ocrx_word' id='word_1_1' title='bbox 666 205 725 264; x_wconf 75' lang='lat'><strong>415</strong></span> 
     </span>
    </p>
   </div>
   <div class='ocr_carea' id='block_1_2' title="bbox 58 364 1314 4085">
    <p class='ocr_par' dir='ltr' id='par_1_2' title="bbox 58 364 1313 1819">
     <span class='ocr_line' id='line_1_2' title="bbox 58 364 1307 447; baseline 0.002 -18"><span class='ocrx_word' id='word_1_2' title='bbox 58 367 209 447; x_wconf 86' lang='lat' dir='ltr'><strong>quidem,</strong></span> <span class='ocrx_word' id='word_1_3' title='bbox 240 379 271 428; x_wconf 89' lang='lat' dir='ltr'><strong>ut</strong></span> <span class='ocrx_word' id='word_1_4' title='bbox 298 366 339 427; x_wconf 85' lang='lat' dir='ltr'><strong>ait</strong></span> <span class='ocrx_word' id='word_1_5' title='bbox 366 366 434 441; x_wconf 89' lang='lat' dir='ltr'><strong>ille,</strong></span> <span class='ocrx_word' id='word_1_6' title='bbox 458 364 487 446; x_wconf 80' lang='lat'><strong>1)</strong></span> <span class='ocrx_word' id='word_1_7' title='bbox 512 367 639 427; x_wconf 89' lang='lat' dir='ltr'><strong>hominis</strong></span> <span class='ocrx_word' id='word_1_8' title='bbox 668 367 787 445; x_wconf 86' lang='lat' dir='ltr'><strong>ingenio</strong></span> <span class='ocrx_word' id='word_1_9' title='bbox 816 368 956 442; x_wconf 89' lang='lat' dir='ltr'><strong>insitum,</strong></span> <span class='ocrx_word' id='word_1_10' title='bbox 977 382 1010 426; x_wconf 86' lang='lat' dir='ltr'><strong>ut</strong></span> <span class='ocrx_word' id='word_1_11' title='bbox 1029 369 1062 427; x_wconf 86' lang='lat' dir='ltr'><strong>in</strong></span> <span class='ocrx_word' id='word_1_12' title='bbox 1080 389 1193 442; x_wconf 83' lang='lat' dir='ltr'><strong>caussas</strong></span> <span class='ocrx_word' id='word_1_13' title='bbox 1211 388 1307 431; x_wconf 85' lang='lat' dir='ltr'><strong>rerum</strong></span> 
     </span>
     <span class='ocr_line' id='line_1_3' title="bbox 58 463 1308 547; baseline 0.001 -20"><span class='ocrx_word' id='word_1_14' title='bbox 58 465 211 544; x_wconf 85' lang='lat' dir='ltr'><strong>inquirat.</strong></span> <span class='ocrx_word' id='word_1_15' title='bbox 254 463 378 523; x_wconf 85' lang='lat' dir='ltr'><strong>Faciunt</strong></span> <span class='ocrx_word' id='word_1_16' title='bbox 405 464 541 544; x_wconf 88' lang='lat' dir='ltr'><strong>parvuli,</strong></span> <span class='ocrx_word' id='word_1_17' title='bbox 559 464 623 523; x_wconf 81' lang='lat' dir='ltr'><strong>ubi</strong></span> <span class='ocrx_word' id='word_1_18' title='bbox 640 464 764 544; x_wconf 86' lang='lat' dir='ltr'><strong>cogitare</strong></span> <span class='ocrx_word' id='word_1_19' title='bbox 783 478 812 523; x_wconf 90' lang='lat' dir='ltr'><strong>et</strong></span> <span class='ocrx_word' id='word_1_20' title='bbox 830 465 999 524; x_wconf 89' lang='lat' dir='ltr'><strong>ratiocinari</strong></span> <span class='ocrx_word' id='word_1_21' title='bbox 1020 481 1195 547; x_wconf 88' lang='lat' dir='ltr'><strong>coeperunt:</strong></span> <span class='ocrx_word' id='word_1_22' title='bbox 1218 471 1308 528; x_wconf 91' lang='lat' dir='ltr'><strong>omni·</strong></span> 
     </span>
     <span class='ocr_line' id='line_1_4' title="bbox 58 561 1309 646; baseline 0.001 -21"><span class='ocrx_word' id='word_1_23' title='bbox 58 583 123 643; x_wconf 79' lang='lat' dir='ltr'><strong>que</strong></span> <span class='ocrx_word' id='word_1_24' title='bbox 143 576 237 623; x_wconf 85' lang='lat' dir='ltr'><strong>aetate</strong></span> <span class='ocrx_word' id='word_1_25' title='bbox 256 561 360 638; x_wconf 91' lang='lat' dir='ltr'><strong>homo,</strong></span> <span class='ocrx_word' id='word_1_26' title='bbox 382 577 411 622; x_wconf 89' lang='lat' dir='ltr'><strong>et</strong></span> <span class='ocrx_word' id='word_1_27' title='bbox 429 563 642 623; x_wconf 87' lang='lat' dir='ltr'><strong>sollertissimus</strong></span> <span class='ocrx_word' id='word_1_28' title='bbox 654 563 776 641; x_wconf 90' lang='lat' dir='ltr'><strong>quisque</strong></span> <span class='ocrx_word' id='word_1_29' title='bbox 791 563 931 638; x_wconf 84' lang='lat' dir='ltr'><strong>maxime,</strong></span> <span class='ocrx_word' id='word_1_30' title='bbox 953 563 986 624; x_wconf 92' lang='lat' dir='ltr'><strong>id</strong></span> <span class='ocrx_word' id='word_1_31' title='bbox 1005 585 1114 624; x_wconf 87' lang='lat' dir='ltr'><strong>summa</strong></span> <span class='ocrx_word' id='word_1_32' title='bbox 1132 587 1185 646; x_wconf 89' lang='lat' dir='ltr'><strong>ope</strong></span> <span class='ocrx_word' id='word_1_33' title='bbox 1205 567 1309 626; x_wconf 88' lang='lat' dir='ltr'><strong>nititur</strong></span> 
     </span>
     <span class='ocr_line' id='line_1_5' title="bbox 58 660 1310 745; baseline 0.003 -25"><span class='ocrx_word' id='word_1_34' title='bbox 58 674 255 725; x_wconf 71' lang='lat' dir='ltr'><strong>constanter:</strong></span> <span class='ocrx_word' id='word_1_35' title='bbox 278 661 417 721; x_wconf 90' lang='lat' dir='ltr'><strong>debemus</strong></span> <span class='ocrx_word' id='word_1_36' title='bbox 436 661 509 722; x_wconf 90' lang='lat' dir='ltr'><strong>adeo</strong></span> <span class='ocrx_word' id='word_1_37' title='bbox 527 660 624 720; x_wconf 89' lang='lat' dir='ltr'><strong>studio</strong></span> <span class='ocrx_word' id='word_1_38' title='bbox 637 660 707 719; x_wconf 92' lang='lat' dir='ltr'><strong>huic</strong></span> <span class='ocrx_word' id='word_1_39' title='bbox 728 673 825 721; x_wconf 90' lang='lat' dir='ltr'><strong>nostro</strong></span> <span class='ocrx_word' id='word_1_40' title='bbox 843 682 930 739; x_wconf 91' lang='lat' dir='ltr'><strong>quam</strong></span> <span class='ocrx_word' id='word_1_41' title='bbox 949 661 1076 741; x_wconf 90' lang='lat' dir='ltr'><strong>plurima</strong></span> <span class='ocrx_word' id='word_1_42' title='bbox 1087 664 1310 745; x_wconf 84' lang='lat' dir='ltr'><strong>gravissimaque</strong></span> 
     </span>
     <span class='ocr_line' id='line_1_6' title="bbox 58 757 1311 843; baseline 0 -22"><span class='ocrx_word' id='word_1_43' title='bbox 58 758 95 821; x_wconf 81' lang='lat' dir='ltr'><strong>iu</strong></span> <span class='ocrx_word' id='word_1_44' title='bbox 117 757 212 819; x_wconf 88' lang='lat' dir='ltr'><strong>rebus</strong></span> <span class='ocrx_word' id='word_1_45' title='bbox 229 759 407 819; x_wconf 86' lang='lat' dir='ltr'><strong>mechanicis</strong></span> <span class='ocrx_word' id='word_1_46' title='bbox 427 772 456 817; x_wconf 91' lang='lat' dir='ltr'><strong>et</strong></span> <span class='ocrx_word' id='word_1_47' title='bbox 473 758 670 818; x_wconf 85' lang='lat' dir='ltr'><strong>astronomicis</strong></span> <span class='ocrx_word' id='word_1_48' title='bbox 689 759 820 820; x_wconf 84' lang='lat' dir='ltr'><strong>inventa.</strong></span> <span class='ocrx_word' id='word_1_49' title='bbox 862 760 920 818; x_wconf 90' lang='lat' dir='ltr'><strong>Nec</strong></span> <span class='ocrx_word' id='word_1_50' title='bbox 938 758 1140 839; x_wconf 89' lang='lat' dir='ltr'><strong>repudiandus</strong></span> <span class='ocrx_word' id='word_1_51' title='bbox 1159 783 1311 843; x_wconf 83' lang='lat' dir='ltr'><strong>magnope-</strong></span> 
     </span>
     <span class='ocr_line' id='line_1_7' title="bbox 58 855 1311 943; baseline 0.002 -28"><span class='ocrx_word' id='word_1_52' title='bbox 58 876 93 914; x_wconf 82' lang='lat' dir='ltr'><strong>re</strong></span> <span class='ocrx_word' id='word_1_53' title='bbox 114 870 186 932; x_wconf 87' lang='lat' dir='ltr'><strong>est,</strong></span> <span class='ocrx_word' id='word_1_54' title='bbox 216 858 240 915; x_wconf 89' lang='lat' dir='ltr'><strong>si</strong></span> <span class='ocrx_word' id='word_1_55' title='bbox 259 858 325 936; x_wconf 93' lang='lat' dir='ltr'><strong>quis</strong></span> <span class='ocrx_word' id='word_1_56' title='bbox 345 857 482 917; x_wconf 89' lang='lat' dir='ltr'><strong>emundi</strong></span> <span class='ocrx_word' id='word_1_57' title='bbox 511 856 681 916; x_wconf 89' lang='lat' dir='ltr'><strong>conditione</strong></span> <span class='ocrx_word' id='word_1_58' title='bbox 709 869 737 916; x_wconf 89' lang='lat' dir='ltr'><strong>et</strong></span> <span class='ocrx_word' id='word_1_59' title='bbox 762 855 964 937; x_wconf 85' lang='lat' dir='ltr'>pulcritudine</span> <span class='ocrx_word' id='word_1_60' title='bbox 993 859 1189 934; x_wconf 87' lang='lat' dir='ltr'><strong>conjecturam</strong></span> <span class='ocrx_word' id='word_1_61' title='bbox 1209 880 1311 943; x_wconf 80' lang='lat' dir='ltr'><strong>capere</strong></span> 
     </span>
     <span class='ocr_line' id='line_1_8' title="bbox 58 953 1310 1037; baseline -0.002 -20"><span class='ocrx_word' id='word_1_62' title='bbox 58 953 102 1017; x_wconf 70' lang='lat' dir='ltr'><strong>od</strong></span> <span class='ocrx_word' id='word_1_63' title='bbox 122 954 336 1033; x_wconf 81' lang='lat' dir='ltr'><strong>assequendam</strong></span> <span class='ocrx_word' id='word_1_64' title='bbox 347 954 450 1014; x_wconf 80' lang='lat' dir='ltr'><strong>harum</strong></span> <span class='ocrx_word' id='word_1_65' title='bbox 461 975 556 1015; x_wconf 87' lang='lat' dir='ltr'><strong>rerum</strong></span> <span class='ocrx_word' id='word_1_66' title='bbox 573 975 700 1014; x_wconf 85' lang='lat' dir='ltr'><strong>caussam</strong></span> <span class='ocrx_word' id='word_1_67' title='bbox 718 955 740 1015; x_wconf 88' lang='lat' dir='ltr'><strong>i.</strong></span> <span class='ocrx_word' id='word_1_68' title='bbox 759 977 785 1016; x_wconf 84' lang='lat' dir='ltr'><strong>e.</strong></span> <span class='ocrx_word' id='word_1_69' title='bbox 804 954 938 1016; x_wconf 84' lang='lat' dir='ltr'><strong>divinam</strong></span> <span class='ocrx_word' id='word_1_70' title='bbox 957 968 1121 1016; x_wconf 77' lang='lat' dir='ltr'><strong>mentemst</strong></span> <span class='ocrx_word' id='word_1_71' title='bbox 1139 958 1310 1037; x_wconf 82' lang='lat' dir='ltr'><strong>sapientiam</strong></span> 
     </span>
     <span class='ocr_line' id='line_1_9' title="bbox 58 1049 1312 1136; baseline 0 -21"><span class='ocrx_word' id='word_1_72' title='bbox 58 1051 155 1115; x_wconf 76' lang='lat' dir='ltr'><strong>velit.</strong></span> <span class='ocrx_word' id='word_1_73' title='bbox 198 1052 280 1113; x_wconf 86' lang='lat' dir='ltr'><strong>Fecit</strong></span> <span class='ocrx_word' id='word_1_74' title='bbox 296 1051 425 1113; x_wconf 79' lang='lat' dir='ltr'><strong>Socrates</strong></span> <span class='ocrx_word' id='word_1_75' title='bbox 444 1049 495 1132; x_wconf 87' lang='lat'><strong>2),</strong></span> <span class='ocrx_word' id='word_1_76' title='bbox 522 1074 555 1112; x_wconf 88' lang='lat' dir='ltr'><strong>ac</strong></span> <span class='ocrx_word' id='word_1_77' title='bbox 576 1052 738 1132; x_wconf 84' lang='lat' dir='ltr'><strong>probarunt</strong></span> <span class='ocrx_word' id='word_1_78' title='bbox 757 1055 818 1131; x_wconf 90' lang='lat' dir='ltr'><strong>ejus</strong></span> <span class='ocrx_word' id='word_1_79' title='bbox 841 1053 970 1113; x_wconf 88' lang='lat' dir='ltr'><strong>studium</strong></span> <span class='ocrx_word' id='word_1_80' title='bbox 995 1053 1097 1132; x_wconf 90' lang='lat' dir='ltr'><strong>optimi</strong></span> <span class='ocrx_word' id='word_1_81' title='bbox 1115 1055 1222 1134; x_wconf 90' lang='lat' dir='ltr'><strong>quique</strong></span> <span class='ocrx_word' id='word_1_82' title='bbox 1241 1056 1312 1136; x_wconf 92' lang='lat' dir='ltr'><strong>phi-</strong></span> 
     </span>
     <span class='ocr_line' id='line_1_10' title="bbox 58 1149 1311 1231; baseline 0.001 -21"><span class='ocrx_word' id='word_1_83' title='bbox 58 1149 198 1231; x_wconf 86' lang='lat' dir='ltr'><strong>losophi.</strong></span> <span class='ocrx_word' id='word_1_84' title='bbox 240 1149 298 1210; x_wconf 85' lang='lat' dir='ltr'><strong>Sed</strong></span> <span class='ocrx_word' id='word_1_85' title='bbox 325 1151 404 1211; x_wconf 90' lang='lat' dir='ltr'><strong>hunc</strong></span> <span class='ocrx_word' id='word_1_86' title='bbox 435 1152 467 1208; x_wconf 92' lang='lat' dir='ltr'><strong>in</strong></span> <span class='ocrx_word' id='word_1_87' title='bbox 497 1151 614 1210; x_wconf 90' lang='lat' dir='ltr'><strong>modum</strong></span> <span class='ocrx_word' id='word_1_88' title='bbox 644 1151 681 1211; x_wconf 91' lang='lat' dir='ltr'><strong>de</strong></span> <span class='ocrx_word' id='word_1_89' title='bbox 708 1149 893 1231; x_wconf 86' lang='lat' dir='ltr'><strong>philosophia</strong></span> <span class='ocrx_word' id='word_1_90' title='bbox 923 1151 1135 1231; x_wconf 84' lang='lat' dir='ltr'><strong>pronunciare,</strong></span> <span class='ocrx_word' id='word_1_91' title='bbox 1167 1173 1227 1211; x_wconf 90' lang='lat' dir='ltr'><strong>esse</strong></span> <span class='ocrx_word' id='word_1_92' title='bbox 1250 1173 1311 1212; x_wconf 89' lang='lat' dir='ltr'><strong>eam</strong></span> 
     </span>
     <span class='ocr_line' id='line_1_11' title="bbox 58 1248 1311 1327; baseline -0.003 -14"><span class='ocrx_word' id='word_1_93' title='bbox 58 1267 235 1313; x_wconf 62' lang='lat' dir='ltr'><strong>tamarum</strong></span> <span class='ocrx_word' id='word_1_94' title='bbox 245 1248 397 1309; x_wconf 89' lang='lat' dir='ltr'><strong>scientiam</strong></span> <span class='ocrx_word' id='word_1_95' title='bbox 406 1293 415 1323; x_wconf 89' lang='lat'><strong>,</strong></span> <span class='ocrx_word' id='word_1_96' title='bbox 425 1248 533 1326; x_wconf 90' lang='lat' dir='ltr'><strong>quibus</strong></span> <span class='ocrx_word' id='word_1_97' title='bbox 544 1249 641 1309; x_wconf 88' lang='lat' dir='ltr'><strong>omnia</strong></span> <span class='ocrx_word' id='word_1_98' title='bbox 650 1293 659 1324; x_wconf 87' lang='lat'><strong>,</strong></span> <span class='ocrx_word' id='word_1_99' title='bbox 680 1269 754 1327; x_wconf 88' lang='lat' dir='ltr'><strong>quae</strong></span> <span class='ocrx_word' id='word_1_100' title='bbox 772 1262 840 1309; x_wconf 89' lang='lat' dir='ltr'><strong>sunt</strong></span> <span class='ocrx_word' id='word_1_101' title='bbox 855 1268 887 1308; x_wconf 89' lang='lat' dir='ltr'><strong>ac</strong></span> <span class='ocrx_word' id='word_1_102' title='bbox 908 1249 1047 1322; x_wconf 88' lang='lat' dir='ltr'><strong>fuerunt,</strong></span> <span class='ocrx_word' id='word_1_103' title='bbox 1068 1249 1261 1324; x_wconf 82' lang='lat' dir='ltr'><strong>exstiterunt,</strong></span> <span class='ocrx_word' id='word_1_104' title='bbox 1278 1250 1311 1309; x_wconf 90' lang='lat' dir='ltr'><strong>id</strong></span> 
     </span>
     <span class='ocr_line' id='line_1_12' title="bbox 58 1340 1312 1426; baseline -0.004 -15"><span class='ocrx_word' id='word_1_105' title='bbox 58 1365 142 1411; x_wconf 73' lang='lat' dir='ltr'><strong>vero</strong></span> <span class='ocrx_word' id='word_1_106' title='bbox 169 1344 445 1426; x_wconf 84' lang='lat' dir='ltr'><strong>reprehendendum</strong></span> <span class='ocrx_word' id='word_1_107' title='bbox 474 1359 524 1406; x_wconf 89' lang='lat' dir='ltr'><strong>est.</strong></span> <span class='ocrx_word' id='word_1_108' title='bbox 567 1347 632 1407; x_wconf 88' lang='lat' dir='ltr'><strong>Non</strong></span> <span class='ocrx_word' id='word_1_109' title='bbox 660 1348 733 1424; x_wconf 84' lang='lat' dir='ltr'><strong>quin</strong></span> <span class='ocrx_word' id='word_1_110' title='bbox 760 1340 898 1425; x_wconf 79' lang='lat' dir='ltr'><strong>pulcrum</strong></span> <span class='ocrx_word' id='word_1_111' title='bbox 915 1344 1067 1406; x_wconf 87' lang='lat' dir='ltr'><strong>videatur:</strong></span> <span class='ocrx_word' id='word_1_112' title='bbox 1098 1346 1157 1405; x_wconf 90' lang='lat' dir='ltr'><strong>imo</strong></span> <span class='ocrx_word' id='word_1_113' title='bbox 1175 1346 1312 1407; x_wconf 83' lang='lat' dir='ltr'><strong>divinum</strong></span> 
     </span>
     <span class='ocr_line' id='line_1_13' title="bbox 58 1442 1312 1525; baseline -0.001 -21"><span class='ocrx_word' id='word_1_114' title='bbox 58 1457 109 1507; x_wconf 80' lang='lat' dir='ltr'><strong>est</strong></span> <span class='ocrx_word' id='word_1_115' title='bbox 132 1443 282 1522; x_wconf 83' lang='lat' dir='ltr'><strong>negotium</strong></span> <span class='ocrx_word' id='word_1_116' title='bbox 299 1443 421 1503; x_wconf 88' lang='lat' dir='ltr'><strong>scientia</strong></span> <span class='ocrx_word' id='word_1_117' title='bbox 441 1443 495 1503; x_wconf 91' lang='lat' dir='ltr'><strong>illa</strong></span> <span class='ocrx_word' id='word_1_118' title='bbox 514 1457 543 1503; x_wconf 89' lang='lat' dir='ltr'><strong>et</strong></span> <span class='ocrx_word' id='word_1_119' title='bbox 561 1443 680 1507; x_wconf 83' lang='lat' dir='ltr'><strong>divinae</strong></span> <span class='ocrx_word' id='word_1_120' title='bbox 701 1443 859 1524; x_wconf 85' lang='lat' dir='ltr'><strong>sapientiae</strong></span> <span class='ocrx_word' id='word_1_121' title='bbox 879 1443 1031 1524; x_wconf 89' lang='lat' dir='ltr'><strong>proprium</strong></span> <span class='ocrx_word' id='word_1_122' title='bbox 1041 1466 1050 1519; x_wconf 89' lang='lat'>;</span> <span class='ocrx_word' id='word_1_123' title='bbox 1073 1442 1124 1503; x_wconf 86' lang='lat' dir='ltr'><strong>sed</strong></span> <span class='ocrx_word' id='word_1_124' title='bbox 1141 1458 1312 1525; x_wconf 86' lang='lat' dir='ltr'><strong>propterea,</strong></span> 
     </span>
     <span class='ocr_line' id='line_1_14' title="bbox 58 1540 1311 1628; baseline -0.003 -23"><span class='ocrx_word' id='word_1_125' title='bbox 58 1555 99 1607; x_wconf 84' lang='lat' dir='ltr'><strong>ut</strong></span> <span class='ocrx_word' id='word_1_126' title='bbox 119 1540 273 1628; x_wconf 80' lang='lat' dir='ltr'><strong>diximus,</strong></span> <span class='ocrx_word' id='word_1_127' title='bbox 293 1561 378 1621; x_wconf 91' lang='lat' dir='ltr'><strong>supra</strong></span> <span class='ocrx_word' id='word_1_128' title='bbox 398 1541 565 1603; x_wconf 84' lang='lat' dir='ltr'><strong>facultatem</strong></span> <span class='ocrx_word' id='word_1_129' title='bbox 582 1541 725 1603; x_wconf 89' lang='lat' dir='ltr'><strong>humanae</strong></span> <span class='ocrx_word' id='word_1_130' title='bbox 744 1555 865 1601; x_wconf 85' lang='lat' dir='ltr'><strong>naturae</strong></span> <span class='ocrx_word' id='word_1_131' title='bbox 887 1554 939 1604; x_wconf 86' lang='lat' dir='ltr'><strong>est.</strong></span> <span class='ocrx_word' id='word_1_132' title='bbox 960 1540 1155 1616; x_wconf 87' lang='lat' dir='ltr'><strong>Quamobrem</strong></span> <span class='ocrx_word' id='word_1_133' title='bbox 1164 1543 1311 1623; x_wconf 85' lang='lat' dir='ltr'><strong>aptissime</strong></span> 
     </span>
     <span class='ocr_line' id='line_1_15' title="bbox 58 1638 1313 1720; baseline -0.002 -19"><span class='ocrx_word' id='word_1_134' title='bbox 58 1638 148 1703; x_wconf 84' lang='lat' dir='ltr'><strong>hanc</strong></span> <span class='ocrx_word' id='word_1_135' title='bbox 177 1638 328 1702; x_wconf 88' lang='lat' dir='ltr'><strong>seientiam</strong></span> <span class='ocrx_word' id='word_1_136' title='bbox 357 1638 419 1719; x_wconf 87' lang='lat' dir='ltr'><strong>ipse</strong></span> <span class='ocrx_word' id='word_1_137' title='bbox 447 1638 617 1702; x_wconf 78' lang='lat' dir='ltr'><strong>Aristoteles</strong></span> <span class='ocrx_word' id='word_1_138' title='bbox 646 1652 672 1700; x_wconf 83' lang='lat' dir='ltr'><strong>et</strong></span> <span class='ocrx_word' id='word_1_139' title='bbox 705 1646 890 1716; x_wconf 72' lang='lat' dir='ltr'><strong>sapientiem</strong></span> <span class='ocrx_word' id='word_1_140' title='bbox 917 1639 1078 1720; x_wconf 85' lang='lat' dir='ltr'><strong>appellavit</strong></span> <span class='ocrx_word' id='word_1_141' title='bbox 1105 1652 1136 1698; x_wconf 87' lang='lat' dir='ltr'><strong>et</strong></span> <span class='ocrx_word' id='word_1_142' title='bbox 1154 1638 1313 1701; x_wconf 83' lang='lat' dir='ltr'><strong>destinavit</strong></span> 
     </span>
     <span class='ocr_line' id='line_1_16' title="bbox 59 1738 270 1819; baseline 0.005 -22"><span class='ocrx_word' id='word_1_143' title='bbox 59 1738 270 1819; x_wconf 74' lang='lat' dir='ltr'><strong>sapientibus.</strong></span> 
     </span>
    </p>

    <p class='ocr_par' dir='ltr' id='par_1_3' title="bbox 58 1827 1314 4085">
     <span class='ocr_line' id='line_1_17' title="bbox 104 1827 1312 1922; baseline -0.005 -23"><span class='ocrx_word' id='word_1_144' title='bbox 104 1835 171 1899; x_wconf 85' lang='lat' dir='ltr'><strong>Nec</strong></span> <span class='ocrx_word' id='word_1_145' title='bbox 200 1854 268 1896; x_wconf 84' lang='lat' dir='ltr'><strong>vero</strong></span> <span class='ocrx_word' id='word_1_146' title='bbox 288 1834 383 1922; x_wconf 36' lang='lat' dir='ltr'><strong>‘aliter</strong></span> <span class='ocrx_word' id='word_1_147' title='bbox 412 1827 588 1894; x_wconf 80' lang='lat' dir='ltr'><strong>existimasse</strong></span> <span class='ocrx_word' id='word_1_148' title='bbox 617 1833 699 1894; x_wconf 89' lang='lat' dir='ltr'><strong>Plato</strong></span> <span class='ocrx_word' id='word_1_149' title='bbox 726 1833 763 1896; x_wconf 90' lang='lat' dir='ltr'><strong>de</strong></span> <span class='ocrx_word' id='word_1_150' title='bbox 792 1832 847 1894; x_wconf 90' lang='lat' dir='ltr'><strong>hac</strong></span> <span class='ocrx_word' id='word_1_151' title='bbox 875 1835 937 1895; x_wconf 84' lang='lat' dir='ltr'><strong>sive</strong></span> <span class='ocrx_word' id='word_1_152' title='bbox 965 1832 1100 1895; x_wconf 87' lang='lat' dir='ltr'><strong>doctrina</strong></span> <span class='ocrx_word' id='word_1_153' title='bbox 1125 1833 1187 1894; x_wconf 83' lang='lat' dir='ltr'><strong>sive</strong></span> <span class='ocrx_word' id='word_1_154' title='bbox 1214 1834 1312 1895; x_wconf 90' lang='lat' dir='ltr'><strong>scien-</strong></span> 
     </span>
     <span class='ocr_line' id='line_1_18' title="bbox 58 1929 1312 2013; baseline -0.002 -19"><span class='ocrx_word' id='word_1_155' title='bbox 58 1933 108 1997; x_wconf 87' lang='lat' dir='ltr'><strong>tia</strong></span> <span class='ocrx_word' id='word_1_156' title='bbox 141 1933 204 1993; x_wconf 86' lang='lat' dir='ltr'><strong>sive</strong></span> <span class='ocrx_word' id='word_1_157' title='bbox 235 1933 377 2013; x_wconf 83' lang='lat' dir='ltr'><strong>sapientia</strong></span> <span class='ocrx_word' id='word_1_158' title='bbox 405 1930 533 1994; x_wconf 80' lang='lat' dir='ltr'><strong>ridetur.</strong></span> <span class='ocrx_word' id='word_1_159' title='bbox 575 1931 611 1991; x_wconf 93' lang='lat' dir='ltr'><strong>In</strong></span> <span class='ocrx_word' id='word_1_160' title='bbox 640 1929 812 2005; x_wconf 85' lang='lat' dir='ltr'><strong>Phaedone,</strong></span> <span class='ocrx_word' id='word_1_161' title='bbox 846 1944 878 1991; x_wconf 90' lang='lat' dir='ltr'><strong>ut</strong></span> <span class='ocrx_word' id='word_1_162' title='bbox 908 1931 1056 2006; x_wconf 72' lang='lat' dir='ltr'><strong>vidimus,</strong></span> <span class='ocrx_word' id='word_1_163' title='bbox 1087 1932 1232 1993; x_wconf 86' lang='lat' dir='ltr'><strong>Socratem</strong></span> <span class='ocrx_word' id='word_1_164' title='bbox 1261 1933 1312 1991; x_wconf 91' lang='lat' dir='ltr'><strong>in-</strong></span> 
     </span>
     <span class='ocr_line' id='line_1_19' title="bbox 60 2028 1312 2111; baseline -0.002 -19"><span class='ocrx_word' id='word_1_165' title='bbox 60 2031 161 2095; x_wconf 76' lang='lat' dir='ltr'><strong>duxit</strong></span> <span class='ocrx_word' id='word_1_166' title='bbox 187 2029 335 2093; x_wconf 83' lang='lat' dir='ltr'><strong>simillime</strong></span> <span class='ocrx_word' id='word_1_167' title='bbox 362 2045 391 2089; x_wconf 90' lang='lat' dir='ltr'><strong>et</strong></span> <span class='ocrx_word' id='word_1_168' title='bbox 418 2030 625 2111; x_wconf 78' lang='lat' dir='ltr'><strong>exquirentem·</strong></span> <span class='ocrx_word' id='word_1_169' title='bbox 647 2049 759 2091; x_wconf 83' lang='lat' dir='ltr'><strong>caussas</strong></span> <span class='ocrx_word' id='word_1_170' title='bbox 779 2050 876 2091; x_wconf 87' lang='lat' dir='ltr'><strong>rerum</strong></span> <span class='ocrx_word' id='word_1_171' title='bbox 906 2042 935 2089; x_wconf 91' lang='lat' dir='ltr'><strong>et</strong></span> <span class='ocrx_word' id='word_1_172' title='bbox 963 2030 1150 2108; x_wconf 79' lang='lat' dir='ltr'><strong>Anaxagorae</strong></span> <span class='ocrx_word' id='word_1_173' title='bbox 1182 2028 1312 2090; x_wconf 87' lang='lat' dir='ltr'><strong>studium</strong></span> 
     </span>
     <span class='ocr_line' id='line_1_20' title="bbox 60 2125 1312 2209; baseline -0.004 -18"><span class='ocrx_word' id='word_1_174' title='bbox 60 2128 295 2209; x_wconf 70' lang='lat' dir='ltr'><strong>dijudicantem.</strong></span> <span class='ocrx_word' id='word_1_175' title='bbox 336 2129 505 2204; x_wconf 79' lang='lat' dir='ltr'><strong>«Juvenis,</strong></span> <span class='ocrx_word' id='word_1_176' title='bbox 534 2127 649 2207; x_wconf 90' lang='lat' dir='ltr'><strong>inquit,</strong></span> <span class='ocrx_word' id='word_1_177' title='bbox 679 2126 740 2189; x_wconf 91' lang='lat' dir='ltr'><strong>dici</strong></span> <span class='ocrx_word' id='word_1_178' title='bbox 766 2147 826 2188; x_wconf 89' lang='lat' dir='ltr'><strong>nou</strong></span> <span class='ocrx_word' id='word_1_179' title='bbox 856 2141 966 2207; x_wconf 86' lang='lat' dir='ltr'><strong>potest,</strong></span> <span class='ocrx_word' id='word_1_180' title='bbox 994 2140 1102 2205; x_wconf 85' lang='lat' dir='ltr'><strong>quanto</strong></span> <span class='ocrx_word' id='word_1_181' title='bbox 1130 2129 1228 2189; x_wconf 75' lang='lat' dir='ltr'><strong>merdic</strong></span> <span class='ocrx_word' id='word_1_182' title='bbox 1256 2125 1312 2207; x_wconf 76' lang='grc' dir='ltr'><strong>τῆς</strong></span> 
     </span>
     <span class='ocr_line' id='line_1_21' title="bbox 61 2216 1312 2311; baseline -0.001 -22"><span class='ocrx_word' id='word_1_183' title='bbox 61 2221 193 2311; x_wconf 77' lang='grc' dir='ltr'><em>φύσεως</em></span> <span class='ocrx_word' id='word_1_184' title='bbox 213 2223 518 2309; x_wconf 73' lang='lat' dir='ltr'><strong>ioeoqlurpersecutus</strong></span> <span class='ocrx_word' id='word_1_185' title='bbox 539 2229 609 2289; x_wconf 90' lang='lat' dir='ltr'><strong>sim:</strong></span> <span class='ocrx_word' id='word_1_186' title='bbox 632 2216 824 2307; x_wconf 63' lang='lat' dir='ltr'><strong>«interimerer</strong></span> <span class='ocrx_word' id='word_1_187' title='bbox 846 2217 905 2306; x_wconf 75' lang='grc' dir='ltr'><strong>γάρ</strong></span> <span class='ocrx_word' id='word_1_188' title='bbox 926 2246 979 2303; x_wconf 83' lang='grc' dir='ltr'><strong>μοι</strong></span> <span class='ocrx_word' id='word_1_189' title='bbox 1000 2217 1097 2285; x_wconf 75' lang='grc' dir='ltr'><strong>ἐδόκει</strong></span> <span class='ocrx_word' id='word_1_190' title='bbox 1118 2218 1191 2286; x_wconf 79' lang='grc' dir='ltr'>εἶναι</span> <span class='ocrx_word' id='word_1_191' title='bbox 1205 2221 1312 2288; x_wconf 75' lang='grc' dir='ltr'><strong>εἰδέναι</strong></span> 
     </span>
     <span class='ocr_line' id='line_1_22' title="bbox 61 2317 1314 2407; baseline -0.002 -14"><span class='ocrx_word' id='word_1_192' title='bbox 61 2322 126 2405; x_wconf 64' lang='grc' dir='ltr'><strong>τὰς</strong></span> <span class='ocrx_word' id='word_1_193' title='bbox 149 2323 245 2403; x_wconf 80' lang='grc' dir='ltr'><strong><em>αἰτίας</em></strong></span> <span class='ocrx_word' id='word_1_194' title='bbox 267 2323 392 2393; x_wconf 71' lang='grc' dir='ltr'><em>ἑκάστου</em></span> <span class='ocrx_word' id='word_1_195' title='bbox 398 2374 408 2404; x_wconf 89' lang='lat'><strong>,</strong></span> <span class='ocrx_word' id='word_1_196' title='bbox 431 2321 482 2390; x_wconf 75' lang='lat' dir='ltr'><strong>ded</strong></span> <span class='ocrx_word' id='word_1_197' title='bbox 492 2324 524 2388; x_wconf 82' lang='grc' dir='ltr'><strong>τί</strong></span> <span class='ocrx_word' id='word_1_198' title='bbox 542 2324 667 2407; x_wconf 73' lang='grc' dir='ltr'><strong>γίγνεται</strong></span> <span class='ocrx_word' id='word_1_199' title='bbox 677 2324 798 2389; x_wconf 70' lang='grc' dir='ltr'><strong><em>ἕκαστον</em></strong></span> <span class='ocrx_word' id='word_1_200' title='bbox 813 2317 863 2389; x_wconf 76' lang='lat' dir='ltr'><strong>nul</strong></span> <span class='ocrx_word' id='word_1_201' title='bbox 884 2321 975 2389; x_wconf 70' lang='lat' dir='ltr'><strong>dreini</strong></span> <span class='ocrx_word' id='word_1_202' title='bbox 994 2320 1157 2390; x_wconf 56' lang='grc' dir='ltr'><strong>ἀπόλλυται</strong></span> <span class='ocrx_word' id='word_1_203' title='bbox 1164 2329 1214 2390; x_wconf 79' lang='grc' dir='ltr'><strong>καὶ</strong></span> <span class='ocrx_word' id='word_1_204' title='bbox 1223 2324 1273 2391; x_wconf 76' lang='lat' dir='ltr'><strong>dael</strong></span> <span class='ocrx_word' id='word_1_205' title='bbox 1282 2327 1314 2391; x_wconf 82' lang='grc' dir='ltr'><strong>τί</strong></span> 
     </span>
     <span class='ocr_line' id='line_1_23' title="bbox 62 2428 1312 2514; baseline -0.001 -21"><span class='ocrx_word' id='word_1_206' title='bbox 62 2428 166 2493; x_wconf 68' lang='grc' dir='ltr'><strong>ἔστιν·</strong></span> <span class='ocrx_word' id='word_1_207' title='bbox 188 2433 386 2514; x_wconf 80' lang='lat' dir='ltr'><strong>megneficum</strong></span> <span class='ocrx_word' id='word_1_208' title='bbox 404 2440 485 2491; x_wconf 83' lang='lat' dir='ltr'><strong>enim</strong></span> <span class='ocrx_word' id='word_1_209' title='bbox 501 2431 647 2488; x_wconf 77' lang='lat' dir='ltr'><strong>mihiease</strong></span> <span class='ocrx_word' id='word_1_210' title='bbox 667 2432 844 2504; x_wconf 82' lang='lat' dir='ltr'><strong>videbatur,</strong></span> <span class='ocrx_word' id='word_1_211' title='bbox 863 2450 989 2490; x_wconf 73' lang='lat' dir='ltr'><strong>caussae</strong></span> <span class='ocrx_word' id='word_1_212' title='bbox 1007 2438 1312 2510; x_wconf 69' lang='lat' dir='ltr'><strong>uniuscujusqueur-</strong></span> 
     </span>
     <span class='ocr_line' id='line_1_24' title="bbox 58 2529 1312 2621; baseline -0.004 -28"><span class='ocrx_word' id='word_1_213' title='bbox 58 2539 149 2616; x_wconf 70' lang='lat' dir='ltr'><strong>getii</strong></span> <span class='ocrx_word' id='word_1_214' title='bbox 176 2539 274 2621; x_wconf 69' lang='lat' dir='ltr'><strong>scire,</strong></span> <span class='ocrx_word' id='word_1_215' title='bbox 305 2552 361 2608; x_wconf 86' lang='lat' dir='ltr'><strong>que</strong></span> <span class='ocrx_word' id='word_1_216' title='bbox 381 2530 461 2604; x_wconf 81' lang='lat' dir='ltr'><strong>quid</strong></span> <span class='ocrx_word' id='word_1_217' title='bbox 484 2529 595 2603; x_wconf 79' lang='lat' dir='ltr'><strong>fieret,</strong></span> <span class='ocrx_word' id='word_1_218' title='bbox 625 2545 680 2602; x_wconf 86' lang='lat' dir='ltr'><strong>quo</strong></span> <span class='ocrx_word' id='word_1_219' title='bbox 704 2534 842 2604; x_wconf 80' lang='lat' dir='ltr'><strong>periret,</strong></span> <span class='ocrx_word' id='word_1_220' title='bbox 872 2545 928 2601; x_wconf 81' lang='lat' dir='ltr'><strong>que</strong></span> <span class='ocrx_word' id='word_1_221' title='bbox 946 2537 1038 2585; x_wconf 72' lang='lat' dir='ltr'><strong>esset:</strong></span> <span class='ocrx_word' id='word_1_222' title='bbox 1060 2542 1088 2586; x_wconf 93' lang='lat' dir='ltr'><strong>et</strong></span> <span class='ocrx_word' id='word_1_223' title='bbox 1105 2550 1312 2610; x_wconf 84' lang='lat' dir='ltr'><strong>saepenumero</strong></span> 
     </span>
     <span class='ocr_line' id='line_1_25' title="bbox 62 2625 1311 2706; baseline -0.008 -13"><span class='ocrx_word' id='word_1_224' title='bbox 62 2653 115 2693; x_wconf 87' lang='lat' dir='ltr'><strong>me</strong></span> <span class='ocrx_word' id='word_1_225' title='bbox 145 2651 261 2691; x_wconf 84' lang='lat' dir='ltr'><strong>sursum</strong></span> <span class='ocrx_word' id='word_1_226' title='bbox 287 2630 476 2706; x_wconf 87' lang='lat' dir='ltr'><strong>deorsumque</strong></span> <span class='ocrx_word' id='word_1_227' title='bbox 500 2626 630 2704; x_wconf 84' lang='lat' dir='ltr'><strong>jactavi,</strong></span> <span class='ocrx_word' id='word_1_228' title='bbox 661 2625 850 2686; x_wconf 88' lang='lat' dir='ltr'><strong>considerans</strong></span> <span class='ocrx_word' id='word_1_229' title='bbox 875 2625 1021 2705; x_wconf 86' lang='lat' dir='ltr'><strong>primum,</strong></span> <span class='ocrx_word' id='word_1_230' title='bbox 1053 2646 1140 2699; x_wconf 93' lang='lat' dir='ltr'><strong>num,</strong></span> <span class='ocrx_word' id='word_1_231' title='bbox 1161 2640 1311 2706; x_wconf 88' lang='lat' dir='ltr'><strong>postquam</strong></span> 
     </span>
     <span class='ocr_line' id='line_1_26' title="bbox 63 2722 1311 2809; baseline -0.007 -18"><span class='ocrx_word' id='word_1_232' title='bbox 63 2729 172 2792; x_wconf 72' lang='lat' dir='ltr'><strong>calida</strong></span> <span class='ocrx_word' id='word_1_233' title='bbox 192 2740 220 2787; x_wconf 89' lang='lat' dir='ltr'><strong>et</strong></span> <span class='ocrx_word' id='word_1_234' title='bbox 231 2726 337 2809; x_wconf 82' lang='lat' dir='ltr'><strong>frigida</strong></span> <span class='ocrx_word' id='word_1_235' title='bbox 356 2724 543 2806; x_wconf 90' lang='lat' dir='ltr'><strong>putredinem</strong></span> <span class='ocrx_word' id='word_1_236' title='bbox 561 2737 765 2804; x_wconf 89' lang='lat' dir='ltr'><strong>susceperunt,</strong></span> <span class='ocrx_word' id='word_1_237' title='bbox 777 2737 809 2782; x_wconf 89' lang='lat' dir='ltr'><strong>ut</strong></span> <span class='ocrx_word' id='word_1_238' title='bbox 818 2722 959 2782; x_wconf 86' lang='lat' dir='ltr'><strong>dixerunt</strong></span> <span class='ocrx_word' id='word_1_239' title='bbox 977 2722 1311 2797; x_wconf 85' lang='lat' dir='ltr'><strong>nonnulli,tuncalan-</strong></span> 
     </span>
     <span class='ocr_line' id='line_1_27' title="bbox 64 2821 1312 2903; baseline -0.006 -17"><span class='ocrx_word' id='word_1_240' title='bbox 64 2842 120 2893; x_wconf 75' lang='lat' dir='ltr'><strong>tru-</strong></span> <span class='ocrx_word' id='word_1_241' title='bbox 142 2825 299 2886; x_wconf 85' lang='lat' dir='ltr'><strong>animalia:</strong></span> <span class='ocrx_word' id='word_1_242' title='bbox 316 2823 424 2885; x_wconf 90' lang='lat' dir='ltr'><strong>deinde</strong></span> <span class='ocrx_word' id='word_1_243' title='bbox 435 2868 443 2897; x_wconf 93' lang='lat'><strong>,</strong></span> <span class='ocrx_word' id='word_1_244' title='bbox 454 2822 609 2901; x_wconf 84' lang='lat' dir='ltr'><strong>sauguisne</strong></span> <span class='ocrx_word' id='word_1_245' title='bbox 619 2822 723 2900; x_wconf 87' lang='lat' dir='ltr'><strong>sitque</strong></span> <span class='ocrx_word' id='word_1_246' title='bbox 733 2823 877 2903; x_wconf 87' lang='lat' dir='ltr'><strong>sapiamus</strong></span> <span class='ocrx_word' id='word_1_247' title='bbox 887 2866 896 2895; x_wconf 95' lang='lat'><strong>,</strong></span> <span class='ocrx_word' id='word_1_248' title='bbox 907 2842 946 2879; x_wconf 87' lang='lat' dir='ltr'><strong>an</strong></span> <span class='ocrx_word' id='word_1_249' title='bbox 963 2825 1013 2879; x_wconf 81' lang='lat' dir='ltr'><strong>ae&#39;r</strong></span> <span class='ocrx_word' id='word_1_250' title='bbox 1023 2864 1032 2895; x_wconf 94' lang='lat'><strong>,</strong></span> <span class='ocrx_word' id='word_1_251' title='bbox 1043 2843 1081 2879; x_wconf 91' lang='lat' dir='ltr'><strong>an</strong></span> <span class='ocrx_word' id='word_1_252' title='bbox 1091 2821 1168 2900; x_wconf 82' lang='lat' dir='ltr'><strong>ignis</strong></span> <span class='ocrx_word' id='word_1_253' title='bbox 1177 2865 1186 2896; x_wconf 94' lang='lat'><strong>,</strong></span> <span class='ocrx_word' id='word_1_254' title='bbox 1195 2826 1233 2880; x_wconf 84' lang='lat' dir='ltr'><strong>a‘n</strong></span> <span class='ocrx_word' id='word_1_255' title='bbox 1243 2841 1312 2880; x_wconf 85' lang='lat' dir='ltr'><strong>vero</strong></span> 
     </span>
     <span class='ocr_line' id='line_1_28' title="bbox 64 2916 1311 3001; baseline -0.008 -15"><span class='ocrx_word' id='word_1_256' title='bbox 64 2927 178 2986; x_wconf 89' lang='lat' dir='ltr'><strong>horum</strong></span> <span class='ocrx_word' id='word_1_257' title='bbox 197 2923 293 2998; x_wconf 87' lang='lat' dir='ltr'><strong>nihil,</strong></span> <span class='ocrx_word' id='word_1_258' title='bbox 314 2922 365 2985; x_wconf 88' lang='lat' dir='ltr'><strong>sed</strong></span> <span class='ocrx_word' id='word_1_259' title='bbox 384 2921 534 2982; x_wconf 87' lang='lat' dir='ltr'><strong>cerebrum</strong></span> <span class='ocrx_word' id='word_1_260' title='bbox 554 2920 609 2993; x_wconf 90' lang='lat' dir='ltr'><strong>sit,</strong></span> <span class='ocrx_word' id='word_1_261' title='bbox 629 2919 708 2997; x_wconf 90' lang='lat' dir='ltr'><strong>quod</strong></span> <span class='ocrx_word' id='word_1_262' title='bbox 726 2941 827 2980; x_wconf 87' lang='lat' dir='ltr'><strong>sensus</strong></span> <span class='ocrx_word' id='word_1_263' title='bbox 845 2919 981 3001; x_wconf 88' lang='lat' dir='ltr'><strong>praebeat</strong></span> <span class='ocrx_word' id='word_1_264' title='bbox 998 2916 1157 2994; x_wconf 89' lang='lat' dir='ltr'><strong>audiendi,</strong></span> <span class='ocrx_word' id='word_1_265' title='bbox 1177 2918 1311 2992; x_wconf 80' lang='lat' dir='ltr'><strong>videndi,</strong></span> 
     </span>
     <span class='ocr_line' id='line_1_29' title="bbox 64 3011 1312 3098; baseline -0.009 -13"><span class='ocrx_word' id='word_1_266' title='bbox 64 3022 249 3085; x_wconf 77' lang='lat' dir='ltr'><strong>olfaciendi:</strong></span> <span class='ocrx_word' id='word_1_267' title='bbox 270 3037 307 3082; x_wconf 78' lang='lat' dir='ltr'><strong>ex</strong></span> <span class='ocrx_word' id='word_1_268' title='bbox 318 3021 364 3089; x_wconf 87' lang='lat' dir='ltr'><strong>his</strong></span> <span class='ocrx_word' id='word_1_269' title='bbox 375 3033 470 3081; x_wconf 86' lang='lat' dir='ltr'><strong>autem</strong></span> <span class='ocrx_word' id='word_1_270' title='bbox 480 3017 615 3078; x_wconf 88' lang='lat' dir='ltr'><strong>memoria</strong></span> <span class='ocrx_word' id='word_1_271' title='bbox 626 3016 676 3076; x_wconf 90' lang='lat' dir='ltr'><strong>fiat</strong></span> <span class='ocrx_word' id='word_1_272' title='bbox 686 3031 716 3076; x_wconf 86' lang='lat' dir='ltr'><strong>et</strong></span> <span class='ocrx_word' id='word_1_273' title='bbox 724 3019 840 3098; x_wconf 87' lang='lat' dir='ltr'><strong>opinio:</strong></span> <span class='ocrx_word' id='word_1_274' title='bbox 862 3039 898 3076; x_wconf 87' lang='lat' dir='ltr'><strong>ex</strong></span> <span class='ocrx_word' id='word_1_275' title='bbox 908 3011 1045 3075; x_wconf 80' lang='lat' dir='ltr'><strong>memoria</strong></span> <span class='ocrx_word' id='word_1_276' title='bbox 1056 3036 1124 3075; x_wconf 84' lang='lat' dir='ltr'><strong>vero</strong></span> <span class='ocrx_word' id='word_1_277' title='bbox 1135 3029 1164 3075; x_wconf 88' lang='lat' dir='ltr'><strong>et</strong></span> <span class='ocrx_word' id='word_1_278' title='bbox 1173 3017 1312 3096; x_wconf 89' lang='lat' dir='ltr'><strong>opinione</strong></span> 
     </span>
     <span class='ocr_line' id='line_1_30' title="bbox 65 3102 1312 3200; baseline -0.007 -20"><span class='ocrx_word' id='word_1_279' title='bbox 65 3134 151 3185; x_wconf 87' lang='lat' dir='ltr'><strong>recte</strong></span> <span class='ocrx_word' id='word_1_280' title='bbox 161 3102 335 3200; x_wconf 78' lang='lat' dir='ltr'><strong>temperata,</strong></span> <span class='ocrx_word' id='word_1_281' title='bbox 346 3117 443 3177; x_wconf 91' lang='lat' dir='ltr'><strong>eadem</strong></span> <span class='ocrx_word' id='word_1_282' title='bbox 464 3115 576 3177; x_wconf 88' lang='lat' dir='ltr'><strong>ratione</strong></span> <span class='ocrx_word' id='word_1_283' title='bbox 587 3115 708 3175; x_wconf 86' lang='lat' dir='ltr'><strong>scientia</strong></span> <span class='ocrx_word' id='word_1_284' title='bbox 719 3115 780 3176; x_wconf 88' lang='lat' dir='ltr'><strong>fiat.</strong></span> <span class='ocrx_word' id='word_1_285' title='bbox 794 3115 852 3176; x_wconf 87' lang='lat' dir='ltr'><strong>Sed</strong></span> <span class='ocrx_word' id='word_1_286' title='bbox 868 3115 963 3174; x_wconf 79' lang='lat' dir='ltr'><strong>exitus</strong></span> <span class='ocrx_word' id='word_1_287' title='bbox 973 3113 1077 3184; x_wconf 84' lang='lat' dir='ltr'><strong>horum</strong></span> <span class='ocrx_word' id='word_1_288' title='bbox 1087 3113 1250 3174; x_wconf 88' lang='lat' dir='ltr'><strong>studiorum</strong></span> <span class='ocrx_word' id='word_1_289' title='bbox 1258 3113 1312 3172; x_wconf 90' lang='lat' dir='ltr'><strong>hu·</strong></span> 
     </span>
     <span class='ocr_line' id='line_1_31' title="bbox 60 3209 1308 3297; baseline -0.006 -18"><span class='ocrx_word' id='word_1_290' title='bbox 60 3216 200 3297; x_wconf 84' lang='lat' dir='ltr'><strong>jusmodi</strong></span> <span class='ocrx_word' id='word_1_291' title='bbox 210 3218 276 3292; x_wconf 88' lang='lat' dir='ltr'><strong>fuit,</strong></span> <span class='ocrx_word' id='word_1_292' title='bbox 288 3230 319 3277; x_wconf 91' lang='lat' dir='ltr'><strong>ut</strong></span> <span class='ocrx_word' id='word_1_293' title='bbox 328 3216 447 3277; x_wconf 87' lang='lat' dir='ltr'><strong>tandem</strong></span> <span class='ocrx_word' id='word_1_294' title='bbox 457 3214 590 3275; x_wconf 87' lang='lat' dir='ltr'><strong>mihimet</strong></span> <span class='ocrx_word' id='word_1_295' title='bbox 600 3212 656 3293; x_wconf 90' lang='lat' dir='ltr'><strong>ipsi</strong></span> <span class='ocrx_word' id='word_1_296' title='bbox 666 3212 704 3272; x_wconf 89' lang='lat' dir='ltr'><strong>ad</strong></span> <span class='ocrx_word' id='word_1_297' title='bbox 714 3235 746 3273; x_wconf 89' lang='lat' dir='ltr'><strong>ea</strong></span> <span class='ocrx_word' id='word_1_298' title='bbox 756 3215 796 3273; x_wconf 90' lang='lat' dir='ltr'><strong>sic</strong></span> <span class='ocrx_word' id='word_1_299' title='bbox 808 3214 898 3273; x_wconf 85' lang='lat' dir='ltr'><strong>hebes</strong></span> <span class='ocrx_word' id='word_1_300' title='bbox 906 3212 1032 3287; x_wconf 87' lang='lat' dir='ltr'><strong>viderer,</strong></span> <span class='ocrx_word' id='word_1_301' title='bbox 1043 3212 1162 3273; x_wconf 92' lang='lat' dir='ltr'><strong>utnihil</strong></span> <span class='ocrx_word' id='word_1_302' title='bbox 1170 3214 1258 3294; x_wconf 85' lang='lat' dir='ltr'><strong>magis</strong></span> <span class='ocrx_word' id='word_1_303' title='bbox 1267 3209 1308 3290; x_wconf 88' lang='lat'><strong>3).</strong></span> 
     </span>
     <span class='ocr_line' id='line_1_32' title="bbox 65 3300 1312 3396; baseline -0.008 -17"><span class='ocrx_word' id='word_1_304' title='bbox 65 3315 190 3379; x_wconf 80' lang='lat' dir='ltr'><strong>Deinde</strong></span> <span class='ocrx_word' id='word_1_305' title='bbox 205 3335 275 3377; x_wconf 81' lang='lat' dir='ltr'><strong>uero</strong></span> <span class='ocrx_word' id='word_1_306' title='bbox 288 3314 400 3396; x_wconf 89' lang='lat' dir='ltr'><strong>placuit</strong></span> <span class='ocrx_word' id='word_1_307' title='bbox 419 3312 491 3371; x_wconf 91' lang='lat' dir='ltr'><strong>mihi</strong></span> <span class='ocrx_word' id='word_1_308' title='bbox 509 3313 595 3372; x_wconf 89' lang='lat' dir='ltr'><strong>unice</strong></span> <span class='ocrx_word' id='word_1_309' title='bbox 604 3300 824 3392; x_wconf 77' lang='lat' dir='ltr'><strong>Anaxagoreum</strong></span> <span class='ocrx_word' id='word_1_310' title='bbox 834 3312 913 3373; x_wconf 89' lang='lat' dir='ltr'><strong>illud</strong></span> <span class='ocrx_word' id='word_1_311' title='bbox 922 3360 931 3391; x_wconf 84' lang='lat'><strong>,</strong></span> <span class='ocrx_word' id='word_1_312' title='bbox 953 3304 994 3384; x_wconf 73' lang='grc' dir='ltr'><strong>ὥς</strong></span> <span class='ocrx_word' id='word_1_313' title='bbox 1016 3303 1076 3393; x_wconf 71' lang='grc' dir='ltr'><strong>ἄρα</strong></span> <span class='ocrx_word' id='word_1_314' title='bbox 1095 3310 1178 3384; x_wconf 81' lang='grc' dir='ltr'><strong><em>νοῦς</em></strong></span> <span class='ocrx_word' id='word_1_315' title='bbox 1200 3302 1312 3371; x_wconf 76' lang='grc' dir='ltr'>ἐστινᾶ</span> 
     </span>
     <span class='ocr_line' id='line_1_33' title="bbox 67 3403 1312 3491; baseline -0.007 -15"><span class='ocrx_word' id='word_1_316' title='bbox 67 3411 246 3491; x_wconf 72' lang='grc' dir='ltr'>ὃιωιοσμῶιι</span> <span class='ocrx_word' id='word_1_317' title='bbox 266 3435 296 3475; x_wconf 78' lang='grc' dir='ltr'><strong>τε</strong></span> <span class='ocrx_word' id='word_1_318' title='bbox 318 3409 368 3472; x_wconf 77' lang='grc' dir='ltr'><strong>καὶ</strong></span> <span class='ocrx_word' id='word_1_319' title='bbox 387 3403 506 3471; x_wconf 76' lang='grc' dir='ltr'><em>πάντων</em></span> <span class='ocrx_word' id='word_1_320' title='bbox 527 3405 637 3482; x_wconf 76' lang='grc' dir='ltr'><strong>αἴτιος,</strong></span> <span class='ocrx_word' id='word_1_321' title='bbox 660 3422 788 3471; x_wconf 80' lang='lat' dir='ltr'><strong>mentem</strong></span> <span class='ocrx_word' id='word_1_322' title='bbox 808 3434 868 3470; x_wconf 79' lang='lat' dir='ltr'><strong>erse</strong></span> <span class='ocrx_word' id='word_1_323' title='bbox 879 3458 888 3486; x_wconf 90' lang='lat'><strong>,</strong></span> <span class='ocrx_word' id='word_1_324' title='bbox 919 3415 1185 3487; x_wconf 68' lang='lat' dir='ltr'><strong>praeordinasset</strong></span> <span class='ocrx_word' id='word_1_325' title='bbox 1212 3418 1312 3469; x_wconf 84' lang='lat' dir='ltr'><strong>omnia</strong></span> 
     </span>
     <span class='ocr_line' id='line_1_34' title="bbox 66 3507 1312 3590; baseline -0.01 -11"><span class='ocrx_word' id='word_1_326' title='bbox 66 3523 264 3590; x_wconf 72' lang='lat' dir='ltr'><strong>mniumque</strong></span> <span class='ocrx_word' id='word_1_327' title='bbox 290 3524 366 3574; x_wconf 79' lang='lat' dir='ltr'><strong>esset</strong></span> <span class='ocrx_word' id='word_1_328' title='bbox 397 3533 515 3573; x_wconf 79' lang='lat' dir='ltr'><strong>reuera.</strong></span> <span class='ocrx_word' id='word_1_329' title='bbox 558 3510 728 3569; x_wconf 85' lang='lat' dir='ltr'><strong>Arbitrabar</strong></span> <span class='ocrx_word' id='word_1_330' title='bbox 757 3510 853 3582; x_wconf 87' lang='lat' dir='ltr'><strong>enim,</strong></span> <span class='ocrx_word' id='word_1_331' title='bbox 884 3510 909 3568; x_wconf 89' lang='lat' dir='ltr'><strong>si</strong></span> <span class='ocrx_word' id='word_1_332' title='bbox 938 3512 979 3568; x_wconf 84' lang='lat' dir='ltr'><strong>ita</strong></span> <span class='ocrx_word' id='word_1_333' title='bbox 1008 3529 1036 3569; x_wconf 90' lang='lat' dir='ltr'><strong>se</strong></span> <span class='ocrx_word' id='word_1_334' title='bbox 1057 3529 1102 3567; x_wconf 89' lang='lat' dir='ltr'><strong>res</strong></span> <span class='ocrx_word' id='word_1_335' title='bbox 1122 3507 1258 3583; x_wconf 88' lang='lat' dir='ltr'><strong>haberet,</strong></span> <span class='ocrx_word' id='word_1_336' title='bbox 1281 3522 1312 3566; x_wconf 94' lang='lat' dir='ltr'><strong>ut</strong></span> 
     </span>
     <span class='ocr_line' id='line_1_35' title="bbox 66 3595 1312 3686; baseline -0.01 -9"><span class='ocrx_word' id='word_1_337' title='bbox 66 3628 157 3677; x_wconf 82' lang='lat' dir='ltr'><strong>mens</strong></span> <span class='ocrx_word' id='word_1_338' title='bbox 179 3613 318 3677; x_wconf 74' lang='lat' dir='ltr'><strong>ordinans</strong></span> <span class='ocrx_word' id='word_1_339' title='bbox 333 3611 483 3675; x_wconf 86' lang='lat' dir='ltr'><strong>ordinaret</strong></span> <span class='ocrx_word' id='word_1_340' title='bbox 502 3608 620 3680; x_wconf 91' lang='lat' dir='ltr'><strong>omnia,</strong></span> <span class='ocrx_word' id='word_1_341' title='bbox 642 3606 755 3685; x_wconf 81' lang='lat' dir='ltr'><strong>singula</strong></span> <span class='ocrx_word' id='word_1_342' title='bbox 774 3608 859 3676; x_wconf 85' lang='lat' dir='ltr'><strong>etiam</strong></span> <span class='ocrx_word' id='word_1_343' title='bbox 879 3605 1001 3665; x_wconf 91' lang='lat' dir='ltr'><strong>eandem</strong></span> <span class='ocrx_word' id='word_1_344' title='bbox 1022 3595 1062 3664; x_wconf 85' lang='lat' dir='ltr'><strong>sic</strong></span> <span class='ocrx_word' id='word_1_345' title='bbox 1087 3605 1258 3686; x_wconf 84' lang='lat' dir='ltr'><strong>disponere,</strong></span> <span class='ocrx_word' id='word_1_346' title='bbox 1280 3619 1312 3664; x_wconf 89' lang='lat' dir='ltr'><strong>ut</strong></span> 
     </span>
     <span class='ocr_line' id='line_1_36' title="bbox 67 3702 1311 3796; baseline -0.01 -23"><span class='ocrx_word' id='word_1_347' title='bbox 67 3721 185 3796; x_wconf 67' lang='grc' dir='ltr'><strong>φῆναι</strong></span> <span class='ocrx_word' id='word_1_348' title='bbox 204 3733 234 3773; x_wconf 89' lang='lat' dir='ltr'><strong>se</strong></span> <span class='ocrx_word' id='word_1_349' title='bbox 251 3711 400 3773; x_wconf 80' lang='lat' dir='ltr'><strong>haherent</strong></span> <span class='ocrx_word' id='word_1_350' title='bbox 443 3704 637 3782; x_wconf 89' lang='lat' dir='ltr'><strong>Quamobrem</strong></span> <span class='ocrx_word' id='word_1_351' title='bbox 655 3704 679 3762; x_wconf 90' lang='lat' dir='ltr'><strong>si</strong></span> <span class='ocrx_word' id='word_1_352' title='bbox 698 3702 788 3764; x_wconf 83' lang='lat' dir='ltr'><strong>vellet</strong></span> <span class='ocrx_word' id='word_1_353' title='bbox 805 3704 912 3783; x_wconf 90' lang='lat' dir='ltr'><strong>aliquis</strong></span> <span class='ocrx_word' id='word_1_354' title='bbox 930 3724 1058 3763; x_wconf 89' lang='lat' dir='ltr'><strong>caussam</strong></span> <span class='ocrx_word' id='word_1_355' title='bbox 1078 3705 1231 3780; x_wconf 86' lang='lat' dir='ltr'><strong>invenire,</strong></span> <span class='ocrx_word' id='word_1_356' title='bbox 1256 3725 1311 3783; x_wconf 92' lang='lat' dir='ltr'><strong>qua</strong></span> 
     </span>
     <span class='ocr_line' id='line_1_37' title="bbox 67 3800 1312 3890; baseline -0.006 -23"><span class='ocrx_word' id='word_1_357' title='bbox 67 3809 194 3890; x_wconf 63' lang='lat' dir='ltr'><strong>singula</strong></span> <span class='ocrx_word' id='word_1_358' title='bbox 223 3821 273 3871; x_wconf 80' lang='lat' dir='ltr'><strong>aut</strong></span> <span class='ocrx_word' id='word_1_359' title='bbox 293 3807 365 3873; x_wconf 84' lang='lat' dir='ltr'><strong>fiant</strong></span> <span class='ocrx_word' id='word_1_360' title='bbox 393 3821 444 3867; x_wconf 87' lang='lat' dir='ltr'><strong>ant</strong></span> <span class='ocrx_word' id='word_1_361' title='bbox 472 3815 593 3887; x_wconf 88' lang='lat' dir='ltr'><strong>pereant</strong></span> <span class='ocrx_word' id='word_1_362' title='bbox 618 3814 668 3861; x_wconf 90' lang='lat' dir='ltr'><strong>aut</strong></span> <span class='ocrx_word' id='word_1_363' title='bbox 695 3801 770 3876; x_wconf 90' lang='lat' dir='ltr'><strong>sint,</strong></span> <span class='ocrx_word' id='word_1_364' title='bbox 800 3800 854 3861; x_wconf 87' lang='lat' dir='ltr'><strong>hoe</strong></span> <span class='ocrx_word' id='word_1_365' title='bbox 882 3804 977 3884; x_wconf 90' lang='lat' dir='ltr'><strong>ipsum</strong></span> <span class='ocrx_word' id='word_1_366' title='bbox 997 3823 1058 3862; x_wconf 90' lang='lat' dir='ltr'><strong>esse</strong></span> <span class='ocrx_word' id='word_1_367' title='bbox 1080 3802 1312 3876; x_wconf 81' lang='lat' dir='ltr'><strong>inveniendum,</strong></span> 
     </span>
     <span class='ocr_line' id='line_1_38' title="bbox 67 3900 1311 3991; baseline -0.01 -25"><span class='ocrx_word' id='word_1_368' title='bbox 67 3929 133 3991; x_wconf 89' lang='lat' dir='ltr'><strong>qua</strong></span> <span class='ocrx_word' id='word_1_369' title='bbox 153 3908 265 3966; x_wconf 90' lang='lat' dir='ltr'><strong>ratione</strong></span> <span class='ocrx_word' id='word_1_370' title='bbox 285 3914 430 3984; x_wconf 78' lang='lat' dir='ltr'><strong>optimum</strong></span> <span class='ocrx_word' id='word_1_371' title='bbox 449 3906 486 3963; x_wconf 90' lang='lat' dir='ltr'><strong>sit</strong></span> <span class='ocrx_word' id='word_1_372' title='bbox 507 3900 665 3979; x_wconf 88' lang='lat' dir='ltr'><strong>unicuique</strong></span> <span class='ocrx_word' id='word_1_373' title='bbox 685 3911 735 3958; x_wconf 86' lang='lat' dir='ltr'><strong>aut</strong></span> <span class='ocrx_word' id='word_1_374' title='bbox 760 3919 819 3959; x_wconf 89' lang='lat' dir='ltr'><strong>esse</strong></span> <span class='ocrx_word' id='word_1_375' title='bbox 840 3915 889 3959; x_wconf 86' lang='lat' dir='ltr'><strong>aut</strong></span> <span class='ocrx_word' id='word_1_376' title='bbox 908 3902 1002 3960; x_wconf 86' lang='lat' dir='ltr'><strong>facere</strong></span> <span class='ocrx_word' id='word_1_377' title='bbox 1022 3901 1147 3981; x_wconf 80' lang='lat' dir='ltr'><strong>quodvis</strong></span> <span class='ocrx_word' id='word_1_378' title='bbox 1164 3914 1215 3959; x_wconf 90' lang='lat' dir='ltr'><strong>aut</strong></span> <span class='ocrx_word' id='word_1_379' title='bbox 1233 3900 1311 3980; x_wconf 89' lang='lat' dir='ltr'><strong>pati:</strong></span> 
     </span>
     <span class='ocr_line' id='line_1_39' title="bbox 67 3995 1313 4085; baseline -0.013 -17"><span class='ocrx_word' id='word_1_380' title='bbox 67 4008 130 4068; x_wconf 91' lang='lat' dir='ltr'><strong>hoc</strong></span> <span class='ocrx_word' id='word_1_381' title='bbox 149 4018 245 4066; x_wconf 85' lang='lat' dir='ltr'><strong>autem</strong></span> <span class='ocrx_word' id='word_1_382' title='bbox 265 4018 350 4085; x_wconf 89' lang='lat' dir='ltr'><strong>pacto</strong></span> <span class='ocrx_word' id='word_1_383' title='bbox 371 4004 415 4063; x_wconf 93' lang='lat' dir='ltr'><strong>nil</strong></span> <span class='ocrx_word' id='word_1_384' title='bbox 442 4000 525 4062; x_wconf 89' lang='lat' dir='ltr'><strong>aliud</strong></span> <span class='ocrx_word' id='word_1_385' title='bbox 543 3999 689 4059; x_wconf 89' lang='lat' dir='ltr'><strong>hominem</strong></span> <span class='ocrx_word' id='word_1_386' title='bbox 713 3997 896 4059; x_wconf 87' lang='lat' dir='ltr'><strong>considerare</strong></span> <span class='ocrx_word' id='word_1_387' title='bbox 917 4019 970 4058; x_wconf 90' lang='lat' dir='ltr'><strong>nec</strong></span> <span class='ocrx_word' id='word_1_388' title='bbox 992 3999 1028 4059; x_wconf 92' lang='lat' dir='ltr'><strong>de</strong></span> <span class='ocrx_word' id='word_1_389' title='bbox 1056 4020 1084 4058; x_wconf 93' lang='lat' dir='ltr'><strong>se</strong></span> <span class='ocrx_word' id='word_1_390' title='bbox 1104 4019 1158 4059; x_wconf 89' lang='lat' dir='ltr'><strong>nec</strong></span> <span class='ocrx_word' id='word_1_391' title='bbox 1179 3997 1216 4056; x_wconf 93' lang='lat' dir='ltr'><strong>de</strong></span> <span class='ocrx_word' id='word_1_392' title='bbox 1246 3995 1313 4055; x_wconf 90' lang='lat' dir='ltr'><strong>aliis</strong></span> 
     </span>
    </p>
   </div>
   <div class='ocr_carea' id='block_1_3' title="bbox 78 4147 349 4165">
    <p class='ocr_par' dir='ltr' id='par_1_4' title="bbox 78 4147 349 4165">
     <span class='ocr_line' id='line_1_40' title="bbox 78 4147 349 4165; baseline -0.03 0"><span class='ocrx_word' id='word_1_393' title='bbox 78 4147 349 4165; x_wconf 56' lang='lat' dir='ltr'>...--—-s....-.,—,</span> 
     </span>
    </p>
   </div>
   <div class='ocr_carea' id='block_1_4' title="bbox 107 4216 786 4461">
    <p class='ocr_par' dir='ltr' id='par_1_5' title="bbox 107 4216 786 4461">
     <span class='ocr_line' id='line_1_41' title="bbox 109 4216 738 4293; baseline -0.017 -15"><span class='ocrx_word' id='word_1_394' title='bbox 109 4223 138 4292; x_wconf 82' lang='lat' dir='ltr'><strong>l)</strong></span> <span class='ocrx_word' id='word_1_395' title='bbox 156 4225 237 4278; x_wconf 77' lang='lat' dir='ltr'><strong>Arist.</strong></span> <span class='ocrx_word' id='word_1_396' title='bbox 255 4226 361 4293; x_wconf 82' lang='lat' dir='ltr'><strong>Meteplr.</strong></span> <span class='ocrx_word' id='word_1_397' title='bbox 376 4223 459 4273; x_wconf 84' lang='lat' dir='ltr'><strong>initio.</strong></span> <span class='ocrx_word' id='word_1_398' title='bbox 475 4219 522 4272; x_wconf 81' lang='lat' dir='ltr'><strong>clf.</strong></span> <span class='ocrx_word' id='word_1_399' title='bbox 542 4218 620 4269; x_wconf 75' lang='lat' dir='ltr'><strong>Initio</strong></span> <span class='ocrx_word' id='word_1_400' title='bbox 635 4235 661 4285; x_wconf 86' lang='lat' dir='ltr'><strong>p.</strong></span> <span class='ocrx_word' id='word_1_401' title='bbox 679 4216 738 4269; x_wconf 82' lang='lat'>350.</span> 
     </span>
     <span class='ocr_line' id='line_1_42' title="bbox 107 4305 786 4376; baseline -0.021 -12"><span class='ocrx_word' id='word_1_402' title='bbox 107 4311 139 4376; x_wconf 80' lang='lat'><strong>2)</strong></span> <span class='ocrx_word' id='word_1_403' title='bbox 157 4311 223 4363; x_wconf 85' lang='lat' dir='ltr'><strong>Xen.</strong></span> <span class='ocrx_word' id='word_1_404' title='bbox 243 4313 314 4362; x_wconf 79' lang='lat' dir='ltr'><strong>Mem</strong></span> <span class='ocrx_word' id='word_1_405' title='bbox 333 4309 351 4360; x_wconf 91' lang='lat' dir='ltr'><strong>l.</strong></span> <span class='ocrx_word' id='word_1_406' title='bbox 371 4309 403 4371; x_wconf 74' lang='lat'><strong>4,</strong></span> <span class='ocrx_word' id='word_1_407' title='bbox 423 4305 447 4357; x_wconf 88' lang='grc'><strong>2.</strong></span> <span class='ocrx_word' id='word_1_408' title='bbox 783 4314 786 4319; x_wconf 71' lang='grc'>’</span> 
     </span>
     <span class='ocr_line' id='line_1_43' title="bbox 109 4390 689 4461; baseline -0.017 -11"><span class='ocrx_word' id='word_1_409' title='bbox 109 4397 138 4461; x_wconf 85' lang='grc'><strong>3)</strong></span> <span class='ocrx_word' id='word_1_410' title='bbox 158 4398 251 4449; x_wconf 75' lang='lat' dir='ltr'><strong>Planed.</strong></span> <span class='ocrx_word' id='word_1_411' title='bbox 265 4394 308 4446; x_wconf 84' lang='lat'><strong>96.</strong></span> <span class='ocrx_word' id='word_1_412' title='bbox 327 4395 358 4445; x_wconf 81' lang='grc' dir='ltr'><strong>Α.</strong></span> <span class='ocrx_word' id='word_1_413' title='bbox 378 4393 407 4445; x_wconf 90' lang='grc' dir='ltr'><strong>Β,</strong></span> <span class='ocrx_word' id='word_1_414' title='bbox 428 4392 474 4445; x_wconf 81' lang='lat' dir='ltr'><strong>clf.</strong></span> <span class='ocrx_word' id='word_1_415' title='bbox 494 4392 570 4442; x_wconf 73' lang='lat' dir='ltr'><strong>letitie</strong></span> <span class='ocrx_word' id='word_1_416' title='bbox 587 4409 603 4459; x_wconf 91' lang='lat' dir='ltr'><strong>p</strong></span> <span class='ocrx_word' id='word_1_417' title='bbox 630 4390 689 4442; x_wconf 74' lang='lat'><strong>349.</strong></span> 
     </span>
    </p>
   </div>
   <div class='ocr_carea' id='block_1_5' title="bbox 0 0 1407 5048">
    <p class='ocr_par' dir='ltr' id='par_1_6' title="bbox 0 0 1407 5048">
     <span class='ocr_line' id='line_1_44' title="bbox 0 0 1407 5048; baseline 0 0"><span class='ocrx_word' id='word_1_418' title='bbox 0 0 1407 5048; x_wconf 95' lang='lat' dir='ltr'><strong> </strong></span> 
     </span>
    </p>
   </div>
  </div>
 </body>
</html>
