2796 5048
664 220 723 279 1:56

78 391 266 473 interroganti
289 403 500 468 responsurum.
542 381 600 438 lllc
620 379 769 452 Socrates,
790 398 847 456 quc
864 375 981 436 tandem
1003 373 1113 447 modo,
1134 372 1243 450 inquit,
1260 372 1293 429 rir
1335 450 1338 461 Ι

78 491 205 571 optime,
226 483 400 568 respondere
420 481 484 560 quis
502 480 612 561 possit,
632 479 775 562 primum,
805 475 857 554 qui
887 492 980 551 neque
1012 471 1087 530 sciat
1118 489 1211 547 neque
1238 469 1295 527 scire
1335 466 1338 595 q

79 609 109 646 se
128 587 269 658 fateatur,
291 580 400 642 deiude
411 625 419 654 ,
439 579 510 656 qui,
531 579 555 635 si
575 576 620 634 vel
642 576 766 633 maxime
787 573 824 632 de
839 573 886 630 his
904 567 1020 648 aliquid
1037 569 1134 641 sciat,
1153 566 1297 647 prohibitas

80 686 117 743 sit
139 706 155 741 a
176 684 239 743 viro
255 703 314 741 nou
334 675 547 737 contemnendo
562 673 720 752 quidquam
739 672 836 731 dicere
856 689 973 741 eorum,
1002 687 1077 746 quae
1097 663 1296 724 existimarent

80 781 138 840 Sed
157 794 185 839 te
203 781 292 858 magis
310 796 433 853 aequum
452 786 494 832 est
514 772 629 830 dicere:
651 785 683 830 tu
702 771 779 829 enim
799 769 872 827 scire
891 765 1037 848 profiteris
1055 784 1199 844 posseque
1210 762 1297 821 dicere:

81 898 145 959 gere
164 877 252 956 igitur
271 890 303 935 tu
321 873 393 932 mihi
410 891 517 930 morem
536 889 590 947 nec
610 868 713 928 docere
735 886 847 926 recuses
866 864 1046 924 Glauconem
1067 860 1187 920 huncce
1212 874 1239 919 et
1253 879 1299 917 cae

81 991 155 1035 teros
173 974 223 1051 qui
246 972 380 1031 adsunt.»
408 967 437 1048 l)
467 965 581 1042 Quibus
600 965 688 1024 dictis
707 978 735 1023 et
752 963 864 1023 Glauco
883 975 912 1021 et
928 960 1035 1020 caeteri
1059 960 1206 1034 excitati,
1234 957 1301 1035 flagi-

80 1086 143 1133 taut
162 1069 426 1151 Thrasymachum,
447 1055 592 1124 ue‘aliter
613 1077 686 1142 agat.
729 1059 962 1142 Thrasymachus
980 1073 1079 1116 autem
1101 1077 1256 1138 perquam,
1279 1067 1302 1112 ut

81 1169 216 1251 patebat,
237 1168 334 1227 dicere
353 1165 476 1236 avebat,
508 1175 540 1219 ut
558 1175 714 1221 ostentaret
731 1160 913 1231 doctrinam,
944 1170 1023 1215 ratus
1043 1155 1161 1214 scilicet
1182 1152 1302 1235 pulcerri-

79 1288 158 1325 mum
175 1286 251 1339 esse,
272 1264 350 1343 quod
371 1275 443 1322 esset
461 1280 669 1338 responsurus3
698 1259 831 1317 simulate
850 1271 980 1316 autema
1010 1252 1132 1312 Socrate
1160 1249 1303 1311 contende-

80 1365 130 1423 bat
140 1410 149 1439 ,
171 1378 202 1422 ut
221 1365 282 1443 ipse
300 1359 502 1441 responderet:
526 1355 643 1414 tandem
668 1376 736 1416 vero
756 1355 903 1414 concessit.
938 1345 1053 1413 ’Ἄκουε
1065 1345 1129 1432 δή,
1159 1355 1217 1425 ait,
1241 1336 1314 1429 quud

80 1456 137 1544 γὰρ
165 1455 225 1541 ἐγώ
246 1451 318 1519 εἶναι
346 1450 383 1518 τδ
406 1453 517 1517 δίκαιον
542 1447 594 1513 οὐκ
621 1443 694 1513 litto
715 1475 743 1513 τι
771 1446 793 1534 ἢ
819 1447 856 1513 τό
883 1453 938 1514 τοῦ
961 1451 1131 1536 κρείττονος
1151 1445 1303 1532 ξυμφέρον·

81 1565 156 1621 audi
176 1583 266 1641 ergo:
288 1569 388 1618 statuo
407 1559 558 1635 equidem,
572 1562 697 1632 justum
717 1557 800 1613 nihil
816 1557 905 1613 aliud
924 1578 985 1616 esre
1004 1564 1068 1616 nisi
1090 1559 1172 1635 quod
1191 1562 1303 1632 ruperia

81 1668 175 1718 risit
195 1660 281 1717 utile.
301 1654 333 1735 2)
374 1656 466 1729 Quam
486 1653 660 1713 sententiam
686 1667 717 1712 ut
736 1653 837 1734 paucis
865 1653 963 1713 verbis
980 1655 1098 1730 emisit,
1123 1655 1164 1714 ita
1184 1652 1305 1731 deinceps

80 1756 215 1840 pluribus
243 1754 390 1827 declarat,
420 1751 499 1810 hunc
527 1753 560 1810 in
591 1749 707 1809 modum
727 1749 872 1809 Socratem
892 1751 1068 1831 interogans.
1119 1752 1306 1839 «ignorasse,

82 1857 195 1934 iuquit,
227 1854 359 1912 civitates
387 1850 459 1909 alias
485 1871 502 1908 a
531 1849 682 1928 tyrannis,
710 1848 781 1906 alias
799 1869 814 1907 a
832 1848 960 1929 populo,
981 1849 1018 1908 ab
1038 1850 1237 1931 optimatibus
1253 1849 1306 1919 iten

81 1953 154 2012 alias
184 1951 314 2029 regil-
343 1948 419 2007 Novi
446 1945 631 2026 equidem-
661 1947 765 2004 Nonne
784 1946 816 2004 in
836 1966 949 2026 quaque
969 1948 1092 2008 civitate
1122 1947 1157 2008 id
1188 1949 1308 2029 princeps

83 2064 142 2125 est,
163 2047 242 2128 quod
261 2068 323 2106 eam
341 2046 484 2125 regitl-
503 2043 687 2119 Quidnilm
715 2043 782 2102 Fert
800 2057 895 2102 autem
926 2044 1002 2124 leges
1029 2045 1223 2127 principatus
1247 2043 1308 2122 qais·

82 2169 137 2227 que
156 2146 193 2205 ad
213 2166 292 2204 suam
312 2164 423 2224 semper
443 2143 616 2202 utilitatem:
640 2141 691 2200 ubi
709 2160 798 2222 penes
818 2141 958 2221 populum
975 2154 1036 2216 est,
1066 2144 1232 2224 populares
1248 2144 1308 2213 lert,

82 2246 132 2304 ubi
152 2263 239 2325 penes
257 2256 436 2321 tyrannum,
457 2239 644 2319 tyrannicas,
665 2238 752 2297 etsie
772 2238 959 2297 incaeteris:
991 2239 1124 2319 probant
1155 2241 1197 2299 sic
1226 2253 1306 2298 auten

84 2341 286 2423 principatus,
307 2337 341 2397 id
355 2339 466 2415 justum
486 2337 522 2395 iis
541 2356 598 2394 esse
616 2337 667 2415 qui
687 2349 843 2414 reguntur,
872 2336 950 2415 quod
970 2338 1099 2408 sibi,sit
1128 2338 1224 2397 utile:
1253 2358 1309 2416 qno·

82 2440 159 2497 circa
178 2437 228 2514 qui
248 2436 373 2515 migrant
392 2433 489 2509 illud,
510 2433 562 2493 hos
580 2433 683 2515 poenis
698 2430 850 2508 afficiunt,
876 2434 984 2515 quippe
1003 2435 1152 2512 injustum
1171 2450 1201 2495 et
1221 2448 1309 2495 contra

34 2604 41 2617 :
80 2536 157 2615 leges
175 2548 299 2613 agentes.
339 2531 376 2590 ld
397 2533 564 2611 igiturest,
586 2530 716 2605 ebone,
738 2529 816 2610 quod
836 2530 921 2591 dico:
949 2532 982 2590 in
1002 2532 1145 2593 omnibus
1166 2555 1227 2594 esse
1249 2534 1309 2592 ciri·

84 2634 194 2692 tatibus
212 2654 302 2690 unum
325 2629 458 2709 idemque
471 2635 601 2708 justum,
623 2629 676 2688 hoc
707 2629 836 2703 scilicet,
859 2629 938 2708 quod
958 2631 1142 2711 principatui
1164 2632 1308 2692 conducit:

83 2732 265 2812 principatus
292 2742 387 2788 autem
414 2729 545 2808 superior
569 2742 628 2787 est:
661 2741 711 2801 ut,
741 2741 817 2786 recte
846 2726 998 2786 subductis
1016 2729 1204 2806 rationibus,
1226 2729 1308 2789 ubivis

85 2828 162 2886 idem
178 2831 288 2906 justum
307 2828 361 2900 sit,
382 2824 462 2904 quod
480 2826 621 2905 superiori
640 2839 682 2883 est
703 2824 802 2884 utile.»
827 2823 859 2904 3)

128 2926 207 2984 Haec
228 2924 306 3005 apud
327 2923 476 2982 Platonem
497 2921 739 3001 Thrasymachus.
781 2923 839 2982 Nee
868 2942 936 2982 vero
956 2922 981 2980 is
1005 2943 1081 2982 unus
1101 2924 1135 2983 in
1166 2925 1307 2984 huncne

85 3022 154 3079 dum
173 3022 210 3080 de
224 3023 336 3100 justitia
357 3020 549 3079 existimabat.
592 3020 759 3079 Communis
777 3019 847 3078 haec
869 3021 998 3079 omnium
1025 3021 1084 3079 fuit
1111 3021 1307 3103 propemodum

84 3118 274 3198 sophistarum
293 3120 402 3198 opinio.
443 3118 479 3175 In
502 3117 614 3197 Gorgia
634 3116 762 3176 Platonis
780 3119 820 3176 sic
842 3118 994 3178 Callicles:
1020 3126 1185 3195 ereatura,
1207 3121 1306 3199 inquit,

84 3214 231 3294 quidquid
250 3217 333 3295 pejus
353 3227 413 3289 est,
433 3213 510 3273 idem
528 3215 661 3295 turpius,
688 3227 720 3272 ut
735 3216 796 3295 pati
816 3216 973 3293 iujuriam3
1007 3217 1163 3296 legavero
1183 3230 1213 3276 et
1238 3218 1306 3296 pejus

84 3327 112 3371 et
130 3315 244 3394 turpius
265 3327 307 3371 est
327 3312 465 3389 injuriam
486 3311 604 3371 inferre.
626 3313 691 3370 Non
710 3312 787 3372 cadit
808 3313 911 3372 naturh
929 3315 961 3373 in
981 3315 1077 3374 virum
1096 3315 1225 3392 injurias
1240 3313 1306 3395 pati,

82 3410 133 3469 sed
153 3411 185 3470 in
204 3431 340 3484 servum,
362 3410 410 3468 cui
427 3409 499 3467 mori
520 3430 605 3487 quam
635 3410 734 3473 virere
754 3411 844 3469 satius
874 3423 934 3484 est,
955 3412 1024 3488 quia
1055 3431 1109 3470 nec
1142 3411 1200 3470 sibi
1224 3409 1307 3469 illatas

83 3508 207 3583 injurias
226 3506 472 3585 contumeliasque
493 3506 661 3587 propulsare
680 3520 772 3587 potest
792 3527 845 3566 nec
865 3509 924 3566 suis
945 3507 1092 3588 opitulari.
1115 3510 1227 3568 Censeo
1240 3506 1306 3586 equi·

84 3601 167 3678 dem,
189 3605 257 3663 illos
278 3605 409 3663 homines
429 3605 555 3686 primum
575 3605 650 3684 leges
670 3604 790 3679 tulisse,
811 3606 860 3682 qui
880 3607 977 3664 minus
996 3605 1129 3680 viribus,
1162 3627 1246 3686 quam
1263 3624 1304 3662 nu·

82 3720 179 3772 mero,
201 3701 351 3776 valerent,
373 3723 482 3790 eosque
494 3702 547 3759 illa
568 3701 768 3775 constituisse,
799 3703 948 3780 quaesibi
969 3703 1029 3760 sore
1051 3702 1208 3762 utilissima
1232 3715 1305 3784 puta-

83 3810 158 3856 rent.
203 3798 243 3855 Hi
264 3799 353 3876 igitur
373 3799 547 3858 robustiores
566 3818 693 3875 quosque
712 3819 776 3857 cum
797 3799 951 3873 laudibus,
968 3813 1030 3858 tum
1046 3801 1305 3880 vituperiisterrue·

30 3913 36 3921 ’
84 3907 154 3952 runt
164 3940 173 3968 ,
194 3897 367 3972 quominus
386 3896 417 3954 in
436 3896 560 3955 aliorum
579 3895 710 3955 fortunas
731 3896 924 3972 invaderent,
947 3918 979 3956 ac
999 3911 1084 3977 turpe
1101 3918 1164 3958 esse
1181 3897 1304 3958 dixerunt

312 4042 338 4075 Ι·

114 4201 145 4268 1)
155 4205 202 4256 aa
220 4206 282 4271 nep.
301 4203 321 4255 1.
339 4201 398 4255 aar.
418 4202 447 4254 s.
467 4234 499 4244 -
518 4201 579 4256 aas.
598 4202 629 4255 n.

114 4286 355 4352 mmmc

115 4371 146 4436 a)
166 4375 227 4424 aaa.
247 4371 299 4424 338
316 4370 455 4431 o.-3,39
472 4371 504 4424 a.
