2796 5048
641 250 696 309 177

58 432 76 485 ς
113 405 252 479 ζῶντα
273 409 321 470 noi
343 405 489 490 ἔμψυχον·
513 402 546 470 οὗ
571 405 588 469 o‘
609 405 809 493 γεγραμμένος
829 407 951 472 εἴδωλον
971 407 1007 471 ἄν
1030 436 1054 471 τι
1077 408 1187 494 λέγοιτο
1209 416 1254 474 rir-

58 528 91 587 ις
136 524 284 575 scientie
308 536 470 573 sermonem
493 516 569 572 dicis
595 523 739 573 viventem
764 525 794 572 et
818 523 1007 589 cataractam,
1033 523 1120 591 cajus
1140 520 1255 595 acripto

58 622 100 680 tio
127 617 350 674 &mulacrum
370 614 490 690 aliquod
512 635 567 670 non
590 621 687 690 inepte
706 616 965 690 aaanaupatttarn
996 614 1094 693 Equa
1114 617 1255 674 sententia

58 733 92 798 go
101 701 233 793 dialogi
250 725 350 793 sponte
365 712 490 770 ducitur.
513 711 566 770 Sed
582 725 677 792 pergat
688 711 830 784 Socrates,
848 712 1030 790 quodauimo
1045 715 1146 787 sentit,
1164 714 1256 793 expli·

58 834 96 879 fe.
144 806 318 870 Sermonem
335 808 456 884 deinde,
478 832 562 890 quem
580 809 675 884 dixit,
697 819 843 868 viventem
863 824 891 868 et
910 818 1094 884 animatam,
1115 812 1255 890 agricolae

58 920 183 987 mparat
200 930 251 991 per
269 930 347 988 agros
364 910 471 968 semina
492 908 647 989 spargenti.
693 909 750 968 «Id
770 908 841 967 mihi
861 911 928 984 dic,
949 931 1070 990 quaeso,
1092 912 1149 968 ait:
1171 931 1254 969 men-

58 1030 77 1069 s
98 1019 214 1088 compos
241 1009 382 1087 agricola,
414 1009 437 1066 si
464 1029 520 1085 qua
551 1006 639 1065 hahet
664 1008 789 1082 semina,
820 1030 891 1086 quae
924 1011 978 1089 ipsi
1008 1030 1092 1067 curae
1117 1008 1253 1088 cordique

58 1114 125 1173 unt,
154 1125 326 1185 quorumque
355 1108 465 1165 lructus
492 1127 592 1185 capere
618 1119 700 1177 avet,
731 1107 873 1185 numquid
901 1109 931 1164 in
959 1107 1101 1166 Adonidis
1128 1106 1251 1166 hortulis

58 1198 125 1277 {ursi
140 1220 219 1264 arans
238 1205 339 1264 sedulo
370 1203 416 1284 l),
443 1204 580 1284 gaudebit
607 1205 659 1262 hos
688 1218 817 1284 spectans
845 1205 973 1264 hortulos
1002 1208 1075 1264 iutra
1104 1205 1165 1264 dies
1193 1218 1255 1263 octo

58 1298 109 1370 jam
122 1301 226 1378 pulcros
244 1305 358 1362 factos?
380 1307 424 1361 An
441 1325 509 1362 rere
530 1303 561 1361 id
579 1304 643 1360 festi
660 1301 808 1380 cujusdam
828 1302 886 1361 diei
906 1303 1025 1381 ludique
1043 1304 1133 1383 gratil
1154 1305 1254 1376 faciet,

58 1392 182 1473 timidam
208 1404 313 1461 faciat:
344 1415 389 1476 at,
412 1401 462 1458 uhi
483 1402 555 1459 serio
579 1421 681 1481 agens,
703 1401 894 1480 agriculturae
922 1402 1048 1460 studium
1070 1401 1255 1475 adhibuerit,

58 1504 136 1569 Ιθῑθῐ,
156 1501 200 1559 uhi
220 1500 359 1560 convenit
376 1513 403 1558 et
424 1498 492 1558 satis
519 1498 574 1557 sibi
598 1513 766 1558 consecutus
791 1499 956 1574 videbitur,
979 1501 1001 1557 si
1030 1513 1093 1558 octo
1113 1500 1254 1558 mensium

58 1583 192 1657 'marvello
215 1599 288 1657 satio
311 1597 401 1677 ipsius
426 1597 521 1677 fruges
549 1597 803 1677 protulerit?ch
829 1597 992 1656 Phaedrus:
1023 1582 1062 1656 ita
1082 1619 1215 1678 prorsus,
1237 1621 1254 1658 o

58 1678 183 1770 berates,
204 1698 264 1771 ait,
286 1696 336 1754 illa
359 1695 475 1775 quidem
501 1693 603 1753 ludens
625 1697 764 1772 jocoque,
795 1709 826 1753 ut
856 1695 947 1768 dicis,
969 1696 1037 1754 haec
1062 1709 1156 1755 autem
1181 1699 1255 1757 serio

58 1784 137 1854 rciet.
174 1796 226 1855 Cui
248 1794 392 1852 Socrates:
420 1793 564 1851 hominem
593 1813 679 1864 vero,
702 1793 774 1871 justi
802 1793 969 1872 honestique
989 1795 1138 1853 scientiam
1166 1797 1255 1875 possi·

58 1896 171 1968 ³litem,
191 1892 315 1972 agricola
335 1892 505 1971 ineptiorem
524 1891 561 1949 ad
580 1892 687 1949 semina
707 1912 757 1949 sua
772 1890 929 1972 spargenda
945 1891 1251 1972 putabimusl-Om·

58 1998 118 2047 Um
148 1992 275 2050 minime.
305 2017 338 2027 -
361 1990 425 2047 Non
451 1989 538 2068 igitur
564 1989 689 2049 studiose
712 1991 792 2069 quasi
813 1991 843 2048 in
862 2011 935 2068 aqua
953 1990 1075 2062 scribet,
1096 2004 1254 2050 atramento

58 2096 70 2167 t·
94 2091 247 2149 calamum
275 2109 369 2146 serens
397 2101 425 2146 et
453 2110 519 2146 usus
548 2090 694 2163 oratione,
715 2100 787 2167 quae
815 2110 867 2148 nee
894 2088 1008 2148 sibimet
1027 2091 1088 2169 ipsa
1115 2090 1252 2148 auxiliari

58 2176 159 2263 iOne,
174 2210 226 2247 nec
245 2186 316 2245 alios
335 2186 436 2244 docere
450 2208 550 2245 verum
566 2201 666 2267 potest.
680 2216 715 2224 -
734 2187 820 2246 Haud
839 2208 907 2245 sanc
922 2200 964 2245 est
976 2201 1209 2248 consentancum.
1221 2229 1253 2238 -

58 2293 141 2347 rtos
157 2286 273 2367 quidem
293 2285 458 2358 literarum,
480 2284 544 2344 ludi
564 2285 679 2358 caussa,
701 2298 732 2343 ut
759 2285 892 2357 videtur,
915 2298 987 2343 seret
1016 2298 1100 2363 atque
1128 2287 1250 2361 scribet,

58 2428 63 2438 ·
89 2386 196 2446 multo
215 2387 247 2444 in
268 2385 313 2443 his
332 2383 392 2441 mel
411 2384 552 2442 sententia
570 2383 745 2463 praeclarius
762 2397 804 2441 est
823 2383 967 2453 studium,
990 2381 1039 2442 uhi
1051 2385 1255 2462 quisartedia·

58 2476 136 2543 tica
155 2499 255 2559 utens,
273 2483 422 2562 ingenium
441 2495 541 2540 nactus
559 2481 711 2552 idoneum,
733 2503 875 2540 sermones
904 2502 968 2543 cum
997 2483 1115 2539 scientia
1142 2483 1255 2562 plantat

65 2587 222 2660 seminat,
251 2579 280 2641 οἳ
301 2577 414 2653 ἓαοτοῖς
435 2580 479 2664 τῷ
499 2602 529 2640 τι
551 2575 724 2661 (praedoceret
745 2583 870 2661 βοηθεῖν
891 2577 982 2640 ἱκανοὶ
1004 2579 1051 2639 aad
1073 2576 1142 2659 οὐχὶ
1162 2576 1253 2660 ἄκαρ-

58 2700 88 2749 t,
119 2678 184 2744 ἀλλ’
207 2677 322 2763 ἔχοντες
344 2677 469 2763 σπέρμα·
499 2693 552 2764 qai
577 2694 606 2740 et
630 2686 687 2741 ribi
707 2691 782 2760 ι’γοιίι
803 2694 832 2739 et
846 2690 948 2740 autori
969 2704 1019 2740 οιιο
1040 2681 1155 2759 afferre
1174 2707 1254 2761 opem

58 2797 176 2860 verunt,
203 2809 256 2843 nee
277 2786 600 2862 sructibaedeatitata'
618 2791 690 2838 aaut
709 2791 738 2838 et
755 2789 868 2838 samiae
888 2783 1027 2841 reddunt.
1064 2771 1154 2841 Ὅθεν
1175 2777 1256 2843 ἄλλοι

58 2904 65 2936 ι
88 2870 192 2958 ἄλλοις
217 2876 307 2964 ἤθεσι
333 2877 474 2964 φυόμενοι
501 2875 579 2942 τοῦτ’
605 2874 651 2939 ἀεὶ
672 2872 823 2940 οἷθοίνοιτον
844 2874 982 2958 ιιοοέγιιν
1003 2878 1102 2942 ἱκανοὶ·
1125 2890 1202 2946 unda
1221 2896 1254 2945 ia

58 2983 108 3040 lt‘t’e
134 2994 267 3068 ingeniis
293 2989 350 3044 aliz·
376 2995 540 3044 crescentes
563 2984 597 3040 id
621 3005 689 3040 cam
713 3004 831 3047 ramma
854 2991 1002 3043 varietate
1021 2993 1054 3042 in
1073 2997 1256 3064 perpetuum¹

58 3096 207 3160 ructant,
229 3099 313 3164 atque
333 3105 395 3142 eum
416 3085 465 3164 qui
485 3083 554 3140 haec
574 3080 679 3152 habet,
699 3079 906 3154 beatissimum,
924 3082 1018 3160 quoad
1037 3083 1148 3144 homiui
1168 3085 1254 3160 lieet,

58 3174 198 3244 afficiunt.»
223 3181 255 3263 2)

87 3272 127 3338 Sic
145 3283 286 3342 Socratem
307 3280 445 3339 inducere
464 3279 500 3337 de
519 3298 627 3336 summo
647 3275 810 3357 philosophi
830 3298 948 3337 munere
966 3279 1170 3357 disserentem,
1191 3305 1255 3365 ger-

60 3390 154 3439 manum
174 3383 233 3460 ejus
250 3378 424 3462 discipulum
445 3377 581 3449 decebat,
610 3376 660 3453 qui
685 3374 828 3453 quidquid
848 3376 1007 3437 identidem
1025 3380 1061 3438 ab
1081 3381 1145 3440 aliis
1163 3405 1254 3442 susce·

60 3466 108 3547 Pit,
128 3477 162 3537 ad
188 3478 316 3557 magistri
345 3476 514 3535 sententiam
549 3472 782 3532 accommodavit.
834 3475 959 3550 Dubito,
991 3480 1115 3558 magisne
1144 3500 1180 3540 ex
1209 3481 1255 3540 his

60 3569 136 3635 Verbis
153 3575 292 3635 Socratica
311 3573 511 3654 philosophia,
532 3593 569 3629 an
589 3570 716 3631 Platonis
735 3570 770 3628 de
791 3572 937 3632 scribendi
958 3588 1017 3634 arte
1036 3580 1177 3638 sententia
1196 3579 1253 3638 du-

59 3670 132 3733 tenda
150 3673 378 3755 explicandaque
397 3673 449 3730 sit:
472 3669 549 3729 illud
575 3690 634 3728 nou
658 3666 796 3742 dubium,
818 3671 908 3747 quin,
934 3671 979 3730 his
1000 3673 1097 3748 lectis,
1120 3676 1190 3756 quid
1218 3676 1253 3735 de

59 3768 201 3853 ruptionis
220 3770 297 3851 apud
314 3791 378 3827 eum
398 3770 560 3857 vituperio,
580 3765 651 3844 quid
672 3765 707 3824 de
735 3767 815 3826 effato
845 3768 916 3844 illo,
938 3771 1015 3849 quod
1040 3775 1065 3830 ei
1096 3774 1253 3849 tribuitur,

59 3896 289 3922 ψ

84 3977 158 4047 llSic
189 3983 333 4051 exprimere
356 3981 485 4050 vulgatam
515 3981 650 4031 lectionem
682 3976 781 4040 studui,
811 3995 883 4047 quarn
911 3989 995 4032 tuetur
1016 3985 1060 4033 ,lst
1083 3984 1114 4034 ad
1140 3983 1250 4036 Phaedr.

58 4077 77 4130 l·
90 4073 139 4130 tae.
164 4078 289 4130 Fortasse
311 4090 359 4143 pro
377 4061 458 4147 riparia
477 4073 615 4144 tegendum
633 4056 747 4145 ἄρδων,
767 4074 888 4140 impons,
909 4083 936 4124 ut
960 4077 1085 4126 sententia
1107 4072 1155 4126 sit:
1179 4081 1250 4143 apri-

58 4166 99 4221 fltlc
112 4199 145 4209 —
164 4172 283 4238 mmqeid
304 4188 333 4220 ea
349 4172 414 4220 serio
436 4173 464 4219 ιἰν
486 4169 606 4218 Adonidis
627 4167 702 4216 hortis
717 4167 840 4232 irriqaor,
867 4169 981 4234 qoaadebit
1005 4195 1039 4204 -
1064 4167 1141 4233 (Fieri
1166 4176 1250 4221 tamen

58 4268 141 4327 trust,
164 4271 191 4314 ut
212 4251 254 4328 εἷς
278 4248 435 4328 Ἀδώνιδος
460 4248 570 4335 κήπους
597 4243 742 4331 σπαρών
764 4259 900 4329 tegendum
922 4263 962 4310 sit.
993 4260 1054 4310 Nam
1074 4269 1099 4310 et
1115 4263 1252 4328 requiritur

58 4367 201 4427 trtooeritum
213 4374 314 4431 tempus
329 4374 353 4439 et
364 4337 509 4431 respondet
526 4365 667 4429 proximum
686 4350 831 4433 σπείρας
852 4351 891 4422 εἰς
912 4346 948 4410 cti
970 4348 1123 4429 προσῆκον.
1141 4387 1174 4396 -
1192 4356 1251 4423 Ed.)

75 4454 98 4522 2)
115 4458 220 4509 l'lroedr.
239 4455 289 4507 275
313 4455 340 4507 C.
376 4483 393 4492 -
410 4456 458 4505 att
481 4456 512 4505 Α.

1013 4505 1049 4595 ia
