2796 5048
664 228 723 288 866

76 424 136 461 esse
164 398 344 481 probarunt;
380 392 409 475 l)
439 391 489 452 sed
519 391 618 467 Plato,
648 390 736 451 altius
767 394 851 451 etiam
875 388 937 449 illis
956 386 1142 462 escendeus,
1166 386 1242 449 unde
1260 389 1296 453 illi

77 496 247 582 pulcritudo
276 493 439 566 exstiterit,
470 491 524 549 bac
553 490 590 550 de
618 489 693 550 ideis
721 490 856 550 doctrina
873 487 1101 547 demonstravit.
1144 486 1235 562 llam,
1251 508 1300 549 eu

77 600 170 658 Deum
189 595 274 654 nobis
295 603 466 674 proponeret
485 588 523 648 ad
542 602 692 648 aeternum
715 588 786 648 boni
806 586 956 667 exemplar
975 604 1076 643 rerum
1104 584 1301 647 universitate·

78 695 235 775 lingentem
261 691 539 766 informantemquc,
569 685 675 765 quidni
703 708 755 746 nos
781 685 852 745 inde
873 682 1108 759 concludamus,
1135 677 1246 761 eluere,
1263 686 1303 747 int

77 784 223 873 ἄγαλμα
242 790 304 848 Dei
321 786 463 847 mundum
482 785 561 844 hunc
580 788 665 844 esse?
686 782 719 865 2)
745 786 810 858 Quo
832 783 969 863 prolecto
999 782 1044 841 nil
1077 782 1142 843 dici
1172 782 1305 845 sublimius

80 891 370 975 magnificentiusque
397 897 498 965 potest.
541 882 715 963 Explicatur
743 896 838 941 autem
870 881 957 940 simul
988 879 1061 939 iude
1095 894 1126 941 et
1156 902 1250 943 sermo
1269 880 1306 941 ille

77 992 202 1053 Socratis
222 984 452 1068 elegantissimus
470 995 499 1041 et
518 980 665 1072 praeclara
683 980 754 1040 haec
775 979 942 1040 Aristotelis
957 980 1119 1041 sententia.
1141 980 1219 1040 Num
1237 1000 1306 1062 prop·

77 1105 154 1151 terea
165 1134 174 1164 ,
194 1086 273 1168 quod
293 1086 386 1143 Deum
405 1082 494 1141 refert
512 1078 640 1138 mundus
660 1078 743 1137 hicce
753 1123 762 1153 ,
785 1090 818 1136 ut
841 1098 914 1158 opus
933 1076 1093 1157 quodlibet
1115 1092 1181 1139 arte
1209 1079 1307 1139 couleu-

77 1202 185 1249 tumet
211 1198 356 1244 auctorem
383 1179 473 1254 solet,
502 1192 549 1252 et,
580 1175 659 1255 quod
677 1177 701 1235 is
732 1177 858 1235 intuitus
888 1189 947 1251 est,
982 1176 1141 1257 exemplar
1167 1178 1308 1261 perfectu!

77 1289 203 1360 referre,
225 1284 301 1342 hauc
323 1281 415 1361 ipsam
434 1277 472 1337 ob
492 1296 619 1335 caussam
651 1274 800 1350 dicemus,
828 1273 1001 1334 mortalibus
1031 1274 1148 1352 licere,
1180 1296 1198 1335 e
1225 1274 1308 1335 mundi

77 1386 191 1467 specie,
222 1381 318 1461 qualis
344 1381 422 1437 Deus
449 1377 505 1450 sit,
542 1376 603 1433 sive
631 1374 796 1432 existimare
825 1374 887 1433 sive
915 1374 1062 1453 augurari.
1110 1372 1223 1449 Quid'l
1248 1370 1308 1453 quel

76 1484 169 1565 ipsius
186 1479 316 1540 Platonis
335 1476 406 1534 hinc
427 1473 604 1553 intelligitur
623 1472 711 1554 plane
732 1472 768 1532 de
789 1493 859 1531 vero
880 1471 1059 1551 assequendo
1069 1472 1235 1535 sententia.
1253 1472 1308 1531 ltu

76 1581 147 1641 baec
168 1599 235 1636 cum
256 1577 295 1633 ita
314 1574 391 1648 sint,
413 1592 428 1628 e
448 1570 598 1652 spectabili
618 1569 728 1629 mundo
749 1569 851 1644 nobis,
867 1570 975 1651 quippe
995 1568 1058 1629 Dei
1076 1578 1240 1654 imagine,
1258 1590 1308 1631 ceu

73 1682 218 1759 jecturam
237 1692 341 1754 capere
360 1672 398 1732 ad
416 1668 640 1752 percipiendum
661 1667 880 1748 intelligibilem
899 1666 1096 1743 conceditur,
1124 1668 1307 1747 cernimusqtr

78 1777 110 1834 in
131 1774 190 1834 sole
215 1772 306 1832 hocce
334 1782 433 1830 nostro
462 1768 545 1828 illam
574 1765 691 1843 ideam,
719 1786 792 1846 quac
822 1765 887 1824 illic
916 1765 1045 1841 illustret
1073 1766 1193 1847 alitque
1211 1764 1306 1837 emnia,

59 1898 63 1903 ·
79 1876 173 1955 ipsum
191 1874 308 1930 bonum.

120 2069 181 2127 Ad
211 2063 491 2125 erudiendum
518 2061 930 2139 perficiendumque
961 2060 1171 2121 hominem
1200 2071 1280 2121 tete
1320 2068 1323 2073 '

238 2166 337 2222 haee
368 2168 600 2236 coraposito
632 2169 693 2218 eet
722 2159 926 2216 doctrine
945 2158 1168 2220 Platonis.

119 2363 184 2435 Quo
202 2357 365 2418 accuratius
385 2377 402 2414 a
423 2354 617 2434 metaphysica
637 2355 803 2414 Aristotelis
821 2353 951 2413 Platonis
973 2353 1200 2436 philosophiam
1219 2353 1309 2415 distin·

80 2460 211 2539 guimas,
242 2477 276 2516 eo
301 2454 455 2514 sublimior
486 2454 556 2512 haec
586 2452 706 2515 videtur
735 2453 840 2530 nobis,
876 2453 926 2513 sed
945 2472 979 2512 co
997 2454 1091 2535 magis
1112 2454 1246 2534 ejusdem
1262 2474 1309 2537 ptr

79 2558 217 2640 spicimus
237 2555 274 2615 ad
294 2556 371 2615 vitae
392 2573 493 2629 usum,
515 2552 553 2612 ad
573 2539 721 2611 hominem
742 2551 938 2612 erudiendum
958 2564 986 2610 et
1015 2550 1240 2632 perficiendum
1264 2554 1311 2615 tin

79 2671 107 2716 et
127 2655 385 2737 opportunitatem.
427 2651 596 2712 Aristoteles
615 2652 649 2710 in
667 2649 811 2710 tradenda
824 2658 932 2728 prima
952 2649 1024 2725 illa,
1046 2670 1139 2729 quam
1152 2650 1312 2735 appellubet,

76 2757 264 2835 philosophie
292 2751 429 2812 utilitatis
467 2748 589 2810 docebat
618 2748 732 2808 nullam
759 2768 819 2807 csse
848 2749 990 2809 rationem
1019 2747 1206 2813 habendam.
1253 2748 1312 2811 ludt
1350 2828 1353 2847 Ι

79 2853 151 2913 adeo
168 2850 369 2933 philosophiae
385 2849 474 2928 hujus
493 2848 698 2928 praestantiam
717 2845 861 2923 ducebat,
880 2846 979 2926 quod,
1010 2866 1079 2907 eum
1100 2863 1238 2911 caeterae
1255 2848 1313 2910 ‹lee-

78 2951 173 3010 trinae
193 2947 231 3009 ad
249 2950 327 3009 vitae
348 2968 431 3006 usum
451 2947 649 3020 referrentur,
682 2945 752 3004 haec
771 2966 829 3004 uua
849 2945 901 3005 sud
929 2946 1021 3026 ipsius
1050 2948 1161 3007 caused
1190 2962 1309 3009 nasute
1351 2972 1353 2977 ·

79 3061 137 3107 tur.
178 3048 279 3125 Itaque
295 3046 454 3106 theoretica
473 3056 535 3104 crat
555 3042 661 3124 plane,
684 3043 741 3103 imo
762 3043 960 3125 sapientibus,
986 3043 1037 3122 qui
1056 3045 1184 3106 culmen
1212 3046 1313 3129 sapiet-
1351 3040 1353 3055 '

79 3145 137 3205 tiae
158 3144 335 3223 attigissent,
356 3142 504 3222 indeque,
525 3143 579 3201 Dei
599 3143 709 3218 instar,
731 3143 901 3203 universum
921 3141 1066 3201 mundum
1092 3164 1203 3224 resque
1232 3162 1313 3206 omues

80 3242 199 3303 divinas
218 3254 246 3299 ct
265 3239 408 3299 humanas
425 3240 703 3320 contemplarentur,
724 3242 938 3318 conveniebat3
961 3240 1152 3322 pbilosophis
1171 3264 1257 3319 tero,
1273 3240 1312 3321 qul

80 3339 293 3400 contenderent
319 3337 357 3397 ad
385 3338 578 3418 sapientiam,
600 3359 660 3397 non
680 3340 883 3400 conveniebat.
900 3341 903 3346 '
926 3339 1007 3399 Plato
1026 3353 1133 3399 contra
1144 3386 1155 3416 ,
1183 3339 1311 3401 Socratica

80 3460 149 3499 usus
166 3459 233 3498 cum
253 3436 411 3519 prudentia
429 3450 491 3495 tum
511 3436 709 3514 verecundia,
736 3439 814 3499 vitae
833 3440 965 3499 usumin
985 3436 1231 3519 philosophando
1248 3454 1313 3520 pree·

80 3536 184 3615 cipue,
205 3537 399 3616 optimamque
418 3534 575 3594 erudiendi
597 3535 826 3616 perficiendique
843 3536 972 3596 hominis
998 3536 1146 3596 rationem
1164 3535 1310 3619 spectavit3

80 3632 150 3692 huic
168 3647 263 3692 autem
282 3635 369 3693 unice
386 3634 533 3715 proposito
553 3632 703 3714 explendo
722 3633 853 3694 idearum
873 3635 1035 3695 doctrinam
1057 3631 1214 3696 adhibuit.
1254 3634 1311 3695 Nau

82 3750 116 3790 eo
134 3729 206 3789 baec
222 3733 368 3810 pertinet,
391 3746 422 3791 ut
440 3754 552 3814 semper
569 3732 655 3792 homo
676 3734 714 3794 ad
734 3734 905 3814 sapientiam
924 3732 1147 3814 progrediatur,
1177 3748 1311 3812 nunquan

82 3827 139 3888 sibi
169 3846 277 3887 summe
305 3831 420 3909 sapiens
444 3830 589 3891 videatur
631 3829 717 3890 Ideae
739 3833 818 3891 enim
838 3829 917 3912 apud
936 3851 1002 3890 eum
1029 3832 1163 3911 perlecta
1194 3828 1310 3938 exempla

82 3940 151 3986 suut
161 3946 264 4005 ,quae
281 3927 428 3986 imitemur
447 3927 576 4007 agendo,
599 3949 660 3988 uon
679 3950 881 4009 assequamur·
902 3922 990 3990 caimos
1010 3942 1097 4005 sunt,
1129 3952 1206 4010 quos
1223 3927 1312 4009 expt'l‘

83 4045 193 4083 mamus
212 4022 323 4105 agendo
341 4025 546 4105 vivendoque,
578 4047 637 4085 non
657 4049 811 4108 aequemus
841 4031 889 4092 vel
908 4049 1093 4112 super-:emus
1126 4028 1206 4089 id
1183 4050 1208 4088 st
1226 4027 1308 4096 lieret,

84 4143 143 4182 esse
161 4122 230 4182 illae
250 4123 311 4183 sive
332 4121 413 4182 ideae
433 4114 599 4183 siverriaco
620 4123 796 4187 desinerent.
839 4128 877 4187 Et
895 4150 964 4190 vcro
981 4127 1115 4188 homines
1134 4149 1191 4188 nos
1209 4144 1307 4195 sumus,

122 4331 152 4395 1)
168 4330 243 4383 Unde
259 4330 394 4385 Ciceronis
409 4337 537 4386 sententie
553 4334 685 4387 decllt'or'n.
699 4332 730 4386 11.
747 4334 788 4386 tt.

121 4422 154 4487 2)
172 4422 524 4489 Vidpreeelurelluhnhcuii
533 4426 567 4479 de
577 4427 628 4480 hoc
640 4426 719 4479 elleto
730 4428 924 4482 animadversio
933 4430 968 4481 od
979 4428 1037 4481 llere
1049 4427 1111 4483 tes.
1119 4447 1146 4482 v.
1171 4417 1289 4504 ἄγαλμα·
1346 4418 1350 4427 ’
