2796 5048
681 206 719 262 63

78 380 125 431 rie
154 371 314 453 omatibus:
341 379 369 425 et
394 389 461 425 vcro
480 368 686 445 derelinquere
705 375 738 423 a'n
753 366 1077 442 pensauriensium,
1100 364 1145 420 nel
1165 363 1314 419 laboranti

79 492 136 529 non
161 489 363 540 succurrere,
379 467 523 543 procliue
542 474 619 524 niori
638 486 847 541 saepenumero
865 466 980 522 rectit.»

79 550 84 561 ¹
116 568 234 627 Diserte
256 565 326 623 haec
344 564 491 644 Phaedrus
505 577 533 622 et
547 584 648 643 magno
667 565 775 644 impetu
795 577 879 640 atque
894 561 1010 635 ardore,
1034 573 1066 618 ut
1076 560 1215 636 juvenem
1229 579 1313 637 agno·

77 686 191 724 mamus
202 709 212 738 ,
232 683 317 742 quem
345 662 531 740 cognovimus
552 661 651 741 paullo
671 674 737 720 ante
756 660 795 719 ad
812 661 944 719 Ilissum:
972 673 1000 718 ct
1020 656 1181 736 intelligere
1199 677 1235 714 ex
1253 657 1315 734 ejus

78 763 209 823 motione
241 761 327 833 licet,
358 761 494 818 virtutem
518 759 639 840 spectari
665 778 759 818 amore
787 758 950 831 Platonico,
980 770 1126 834 totumque
1152 755 1251 813 referri
1276 753 1313 812 ad

79 861 177 942 pulcri
198 859 370 937 honestique
388 857 524 917 studium.
544 858 728 916 Praeivcraut
746 856 858 914 Platoni
878 855 1066 937 philosophi,
1091 854 1142 932 qui
1161 873 1227 910 cum
1245 851 1314 931 phi-

78 959 211 1039 losophia
224 956 389 1037 jungebant
408 956 526 1036 poesin,
558 969 589 1012 ut
609 954 660 1012 ille
685 954 721 1012 dc
740 976 824 1013 scena
844 952 1032 1035 philosophus
1051 953 1084 1010 iu
1094 950 1187 1010 nobili
1204 950 1313 1030 hymno

77 1057 157 1139 apud
180 1056 377 1116 Athenaeum:
403 1051 431 1133 l)

310 1180 313 1187 '
398 1167 548 1246 παίδευμα
568 1162 597 1228 δ’
611 1162 705 1248 Ἔρως
728 1161 976 1247 σοφίας,ἰίρετῆς

398 1274 530 1331 πλεῖστον
550 1264 690 1350 ὑπάρχει,
712 1269 761 1330 καὶ
781 1271 967 1350 προσομιλεῖν

540 1363 625 1446 οὗτος
646 1367 664 1432 ὁ
685 1370 802 1450 δαίμων

398 1468 516 1534 πάντων
535 1469 657 1556 ἥδιστος
678 1469 736 1556 ἔφυ
758 1478 894 1555 θνητοῖς·

77 1579 157 1659 quod
177 1580 217 1637 sic
239 1577 379 1636 vertendo
399 1578 538 1656 expressit
558 1576 692 1636 Grotius:
715 1577 746 1655 2)

315 1753 323 1763 .
398 1676 438 1733 ud
459 1683 604 1732 virtutem
624 1697 727 1753 cupere
746 1683 888 1756 egregius

398 1776 451 1832 dat
471 1775 572 1831 doctor
600 1795 704 1831 umor:
723 1782 830 1853 generi
848 1773 977 1830 humano

548 1873 587 1929 ad
613 1880 780 1930 convictum

398 1991 455 2028 non
474 1979 519 2028 est
538 1968 797 2053 Dtvztmuuavior
816 1970 904 2026 ulter.

78 2067 138 2128 Sed
161 2088 219 2125 rom
243 2066 327 2125 uobis
351 2067 488 2126 subtilius
518 2069 601 2128 etium
626 2069 780 2128 Pausanias
810 2064 987 2148 explicabit,
1007 2064 1057 2142 qui
1085 2063 1245 2124 Phaedrum
1270 2065 1313 2124 di·

78 2165 174 2242 ceudo
195 2166 319 2246 excepit.

124 2283 140 2316 u
152 2264 217 2322 Nou
236 2263 369 2323 universe
378 2309 387 2338 ,
397 2264 510 2343 inquit,
522 2264 686 2324 laudandus
704 2279 745 2324 est
764 2285 860 2338 amor,
874 2261 952 2342 quod
969 2262 1053 2322 modo
1067 2261 1207 2321 commisit
1222 2261 1314 2320 Phae-

78 2361 168 2437 drus3
200 2361 250 2420 sed
268 2383 285 2420 a
303 2363 426 2442 vulgari
446 2362 667 2443 distinguendus
687 2378 728 2422 est
749 2363 901 2436 Uraniae,
932 2362 1058 2420 Uraniae
1077 2360 1200 2419 Veneris
1222 2380 1314 2418 comcs

79 2473 108 2520 et
136 2459 260 2538 adjutor.
302 2460 373 2517 Nam
405 2481 520 2536 eorum,
546 2483 618 2541 quae
642 2475 784 2541 aguntur,
806 2461 882 2520 nihil
907 2473 948 2519 est
972 2460 1065 2540 ipsum
1086 2458 1135 2518 vel
1163 2457 1313 2516 honestum

78 2559 128 2620 vel
149 2573 251 2640 turpe,
273 2556 365 2616 veluti
384 2579 456 2636 qtme
474 2580 553 2618 nunc
572 2561 699 2640 agimus,
720 2558 833 2634 bibere,
856 2578 958 2617 canere
968 2603 977 2631 ‚
1000 2557 1143 2636 colloqui3
1165 2556 1216 2615 sed
1237 2558 1313 2637 ipso,

78 2678 140 2737 quo
157 2677 190 2715 ea
210 2657 405 2730 instituimus,
426 2656 509 2716 modo
529 2657 576 2719 vel
596 2658 715 2717 honesta
735 2656 810 2716 fiunt
830 2656 877 2717 vel
896 2657 1001 2736 turpia.
1043 2655 1090 2714 Sic
1111 2675 1235 2713 amorem
1253 2676 1313 2713 uon

77 2776 194 2815 omnem
213 2767 323 2835 oportet
339 2754 502 2830 celebrare,
523 2756 574 2815 sed
592 2777 656 2814 cum
675 2756 760 2814 unice
770 2801 779 2829 ,
803 2755 853 2834 qui
873 2754 990 2813 honeste
1010 2774 1063 2812 nos
1082 2772 1176 2811 amare
1202 2752 1312 2830 jubeat.

78 2853 131 2914 Est
152 2867 245 2911 autem
264 2852 429 2930 hujusmodi
449 2854 517 2928 ille,
539 2869 571 2913 ut
594 2876 653 2914 non
673 2868 788 2935 peragat
806 2853 964 2934 promiscue
993 2851 1186 2931 quodcunque
1213 2851 1312 2909 lubuc-

79 2953 137 3012 rit:
159 2973 233 3030 quae
252 2951 379 3031 vulgaris
397 2966 438 3011 est
457 2955 559 3012 amoris
583 2955 665 3013 ratio.
707 2955 777 3012 Nam
806 2952 910 3031 vulgus
929 2950 1068 3009 foeminas
1088 2950 1156 3009 item
1184 2964 1258 3007 amat
1285 2963 1313 3008 et
1362 3008 1365 3014 ,

77 3051 194 3130 quaerit
213 3050 418 3108 amentissimas
428 3095 436 3124 ,
457 3072 513 3130 quo
531 3052 647 3111 facilius
666 3050 806 3110 libidines
830 3050 953 3131 expleat.
996 3051 1082 3109 Amor
1100 3068 1167 3107 vcro
1186 3049 1313 3106 Uranius

77 3160 207 3208 mentem
225 3147 316 3207 multo
342 3149 555 3228 magis,'quam
582 3171 684 3231 corpus
708 3149 841 3229 respicit:
862 3148 969 3227 quique
999 3168 1031 3206 eo
1059 3144 1224 3221 ducuntur,
1246 3146 1311 3205 ado·

78 3248 221 3307 lescentes
235 3259 331 3305 amant
340 3291 349 3320 ,
367 3267 427 3306 non
447 3238 603 3324 foeminas,
622 3250 728 3329 quippe
747 3249 796 3327 qui
812 3247 914 3306 uaturb
929 3260 996 3305 sunt
1010 3245 1208 3326 philosophiae
1223 3246 1311 3325 aptio·

78 3364 134 3404 res.
176 3343 303 3404 Difficile
333 3358 374 3404 est
401 3345 433 3403 iu
461 3345 515 3404 hac
546 3351 640 3407 uostrti
670 3347 788 3407 civitate
812 3347 866 3405 rite
891 3343 1031 3418 definire,
1053 3343 1125 3422 quid
1155 3343 1191 3402 de
1219 3364 1312 3402 amore

81 3456 210 3503 statuant
230 3443 313 3523 leges.
344 3445 415 3502 Nam
435 3445 548 3503 favetur
565 3446 746 3519 amantibus,
768 3446 825 3503 imo
845 3426 1017 3503 conceditur
1037 3441 1115 3515 illis,
1137 3456 1168 3501 ut
1186 3444 1313 3503 serviant

82 3540 166 3600 aliis:
188 3540 265 3619 quod
285 3542 317 3599 iu
335 3542 454 3601 caeteris
472 3543 557 3601 rebus
577 3565 716 3602 summum
746 3558 787 3602 est
810 3542 952 3602 dedecus:
974 3554 1073 3599 contra
1084 3586 1092 3613 ,
1113 3539 1183 3597 filiis
1209 3538 1311 3619 paeda·

84 3658 168 3720 gogos
195 3637 336 3697 adhibent
362 3654 513 3720 parentes,
534 3643 583 3720 qui
611 3656 731 3701 caveant
758 3663 795 3700 ne
820 3662 884 3699 cum
912 3639 977 3698 aliis
1004 3638 1213 3716 colloquantur.
1255 3636 1313 3696 Sed

86 3745 216 3825 quamvis
239 3745 399 3818 contraria,
420 3742 615 3804 conciliantur
641 3741 710 3799 hacc
739 3737 897 3812 facillime,
928 3738 950 3795 si
980 3737 1122 3795 Uranium
1152 3757 1273 3795 amorem
1296 3757 1311 3792 a

87 3843 196 3924 vulgari
226 3843 453 3903 distinxerimus.
495 3842 580 3898 Hunc
610 3838 779 3918 fugiendum
807 3857 973 3910 censemus,
996 3849 1027 3893 ut
1047 3834 1153 3892 malum
1180 3835 1310 3914 gravissi-

91 3960 163 4001 mum
172 3987 181 4017 ‚
204 3940 288 3999 illum
307 3941 552 4013 commendamus,
568 3953 600 3996 ut
615 3938 718 3997 virtuti
737 3932 969 3998 consentaneum.
997 3934 1108 3991 Amoris
1122 3933 1198 3990 enim
1215 3932 1311 3991 eadem

38 4190 43 4203 ¹
126 4183 148 4248 1)
165 4185 230 4236 xlll.
246 4183 303 4234 561.
322 4184 459 4252 Euripides
475 4183 611 4235 Plutarcho
625 4183 715 4232 dicitur
737 4167 875 4252 ἐρωτικός
892 4163 975 4250 (irtio.
996 4178 1093 4243 t'rapm.
1104 4179 1132 4226 de
1144 4191 1232 4224 umore.
1244 4172 1310 4241 opp.

93 4266 122 4316 V·
131 4266 159 4332 2,
171 4268 229 4319 854.
242 4270 320 4336 Wytt.
340 4268 409 4321 Utin
424 4271 526 4340 tragicis
540 4268 693 4335 Euripides,
706 4269 739 4317 itu
753 4268 778 4316 iu
794 4267 898 4316 comicis
914 4262 1051 4314 Menander
1077 4241 1316 4331 φιλοσοφώτερον·

93 4349 127 4400 de
137 4368 217 4406 unere
231 4355 302 4405 dixit.
314 4355 379 4407 Plut.
393 4357 408 4407 Ι.
423 4357 439 4407 Ι.
452 4375 475 4424 p.
490 4356 548 4408 848.

128 4434 148 4493 2l
165 4440 281 4507 Except.
304 4442 399 4507 l'rupt'e.
418 4459 441 4508 p.
461 4441 517 4492 421.
538 4441 778 4492 citatorium.
797 4456 821 4504 p.
836 4437 893 4488 240.
