2774 5048
659 259 717 320 523

74 431 152 482 cinis
182 430 223 483 sit
251 446 291 484 on
323 433 524 506 peregrinus:
554 434 700 508 magistet·
728 439 764 485 ut
787 429 949 505 discipulos
968 436 1087 493 metuat,
1112 436 1142 486 st
1157 435 1197 486 iis
1214 427 1302 487 blon-

71 525 199 582 diatur:
229 516 430 603 ipccnantquc
452 527 596 604 discipuli
622 534 804 607 magistros:
825 528 1021 586 adolescentes
1046 536 1082 584 ut
1108 548 1211 585 sonum
1244 530 1301 585 sili

68 623 186 701 pondus
213 634 388 697 assumant,
418 645 501 683 sones
528 634 629 683 autem
654 628 695 684 ad
718 616 822 685 luduin
852 627 1081 685 adolescentium
1101 627 1300 699 descendant,

70 742 109 778 ns
124 727 189 780 sint
205 728 247 779 tis
264 723 356 780 odiosi
374 731 537 802 etgraves.
574 722 624 781 Ec
644 746 699 802 quo
709 726 773 802 fit,
794 735 832 783 ut
849 732 939 783 ctiam
959 732 1040 783 serni
1056 748 1085 784 se
1104 726 1228 784 liberius
1244 746 1299 805 gc-

69 830 168 879 rant:
196 839 303 878 aeones
331 822 427 879 eodone
448 828 525 898 jure
552 827 633 898 sint,
665 846 720 902 quo
740 830 802 881 oiri
812 844 825 894 ,⁸
847 830 920 901 quin
941 828 1032 881 tanta
1052 825 1190 882 libertate
1210 844 1301 881 canes

70 926 166 977 stione
194 919 232 976 et¹
249 925 336 996 equi,
367 920 455 979 aselli
480 922 622 998 denique,
654 923 744 982 libert
769 930 851 998 sint,
882 930 925 981 n'c
943 928 1127 996 incurrant,
1148 933 1184 980 nt
1203 929 1244 980 iis
1262 923 1297 980 do

68 1024 121 1077 nia
142 1018 337 1076 decedendum
357 1024 408 1078 sit.
429 1017 513 1099 Ergo
533 1041 569 1077 es
588 1021 644 1078 lrac
661 1023 787 1095 infinita
809 1022 933 1080 licentia
952 1022 1023 1079 lracc
1034 1042 1148 1080 menneo
1159 1028 1299 1101 cogitur,

68 1125 107 1174 ut
138 1122 185 1174 c'ta
204 1117 388 1191 fastidiosae
409 1118 565 1195 mollesque
584 1129 697 1179 mentes
713 1122 843 1180 evadant
860 1127 990 1194 civium,
1013 1127 1091 1178 atsi
1108 1116 1235 1177 minima
1255 1127 1301 1176 cis

66 1206 251 1273 adhibemur
276 1221 414 1291 imperii,
444 1222 623 1275 irascantur
658 1229 688 1277 et
719 1223 860 1302 perferre
888 1228 1055 1297 nequeant:
1077 1241 1110 1276 ca
1139 1239 1194 1295 quo
1220 1218 1298 1297 leges

67 1334 183 1394 quoquc
207 1319 361 1389 incipiunt
387 1316 557 1396 negliget-c,
588 1320 624 1374 nt
646 1318 740 1396 plone
769 1320 922 1381 sincullo
949 1318 1064 1376 domino
1100 1324 1172 1375 sint.
1220 1315 1299 1375 Haec

66 1412 160 1493 igitur
186 1411 297 1490 egregia
327 1410 380 1469 illa
408 1425 437 1472 et
463 1412 563 1494 pulcra
593 1416 756 1495 respublica
786 1430 846 1491 est,
868 1436 904 1494 ex
930 1437 986 1494 qua
1004 1414 1138 1496 tyrannis
1161 1413 1298 1476 nascitur.

65 1508 188 1571 Scilicet
208 1501 317 1589 q‘oiyuv
330 1502 486 1594 ἐλευθερία
508 1505 597 1573 ἔοικεν
619 1508 672 1574 edu
694 1513 734 1588 cic
753 1508 823 1576 ollio
844 1537 873 1575 sc
894 1507 915 1596 ἢ
936 1512 976 1587 εἰς
996 1505 1071 1593 ἄγαν
1090 1508 1223 1572 δουλείαν
1241 1532 1297 1589 με·

64 1600 221 1689 t'ap‘ldldtcr
249 1608 298 1670 nai
330 1605 438 1699 ἰδιώτῃ
466 1611 515 1674 sul
544 1607 641 1683 utiles·
672 1624 769 1676 nimia
795 1618 919 1676 libertas
944 1616 1026 1675 lraud
1050 1622 1084 1673 in
1112 1614 1199 1672 aliud
1226 1614 1299 1693 quid

66 1713 210 1788 videtur,
240 1736 330 1792 quam
365 1723 491 1775 nimiam
522 1725 556 1776 tn
586 1726 762 1777 servitutem
791 1718 891 1792 ubire,
922 1725 985 1774 tam
1011 1721 1135 1793 privato
1164 1712 1295 1789 homini,

65 1830 159 1891 quam
178 1819 335 1873 civitati.»
363 1811 392 1894 l)
578 1798 581 1804 ⁵

109 1908 190 1983 Quid
215 1909 363 1972 efficerent
389 1913 421 1972 in
449 1912 618 1975 civitatibus
644 1911 832 1993 tyrannides,
859 1902 1087 1971 animadvertere
1106 1908 1192 1968 facile
1211 1907 1294 1967 Plato

66 2026 138 2066 cum
164 2007 301 2084 Athenis,
330 2024 391 2070 tum
421 2011 486 2070 aliis
516 2012 549 2070 in
578 2009 790 2091 rebuspublieis
807 2009 962 2083 Graeciae,
983 2020 1044 2066 tum
1063 2007 1096 2066 in
1114 2007 1216 2087 primis
1235 2004 1292 2086 Sy-

63 2105 178 2180 racusis
203 2109 308 2187 potuit.
348 2109 429 2170 Illud
458 2126 527 2170 vera
546 2110 630 2168 unice
650 2106 849 2191 philosophiae
866 2105 987 2181 debuit,
1009 2119 1040 2164 ut
1059 2105 1113 2164 hoc
1131 2103 1217 2163 modo
1236 2104 1291 2162 ori·

66 2204 165 2285 ginem
184 2225 280 2265 smum
298 2221 448 2287 ortumque
462 2229 478 2266 e
492 2229 523 2267 re
542 2207 701 2281 contraria,
722 2207 845 2265 enimia
864 2205 1016 2280 libertate,
1037 2203 1164 2285 duceret.
1205 2201 1291 2277 Quod

70 2300 182 2362 viderat
204 2288 498 2383 jam‘quodammodo
525 2306 660 2389 politicae
678 2290 732 2364 ille¹
755 2292 834 2386 a'pud
853 2304 976 2364 Graecos
992 2324 1052 2362 non
1071 2303 1186 2376 minus,
1207 2320 1292 2380 quam

68 2397 204 2471 tisorias
231 2422 353 2483 parens,
375 2404 546 2464 Herodotus.
577 2402 609 2485 2)
659 2403 739 2462 Idem
768 2417 861 2463 autem
882 2424 898 2461 a
916 2403 1034 2462 Platone
1050 2399 1165 2460 demum
1184 2406 1292 2480 etper-

65 2510 196 2578 spectum
224 2512 314 2560 totum
343 2517 384 2562 est
412 2516 440 2562 et
465 2515 542 2560 recte
562 2501 741 2582 explicitum.
783 2501 868 2576 Quod
886 2521 954 2560 sane
971 2499 1129 2581 placitum,
1150 2497 1210 2557 dici
1231 2519 1291 2557 non

63 2609 177 2677 potest,
207 2620 292 2678 quam
322 2599 378 2660 late
408 2619 597 2681 peromnem
626 2613 754 2660 veterum
781 2599 929 2680 politicam
957 2598 1091 2679 patuerit.
1140 2595 1291 2675 Expressit

64 2694 168 2755 Livius
189 2696 250 2776 ipsa
268 2697 397 2758 Platonis
417 2698 504 2760 verbs
523 2698 555 2757 in
576 2696 672 2759 hisce:
702 2720 738 2756 eo
755 2700 877 2756 diutina
896 2704 951 2756 site·
967 2704 1062 2755 nimis
1076 2696 1161 2752 aeide
1176 2715 1290 2752 mnam

64 2794 257 2853 mouentes
273 2798 452 2858 libertatem.
481 2795 512 2878 3)
552 2798 652 2858 Cicero
668 2810 762 2856 autem
783 2798 813 2857 in
833 2796 964 2876 dialogo,
984 2814 1068 2874 quem
1086 2792 1122 2852 de
1141 2791 1291 2873 republica

65 2892 201 2974 scripsit,
223 2894 263 2952 sic
283 2895 399 2956 inducit
417 2896 470 2956 hac
492 2894 529 2955 de
548 2917 578 2955 re
596 2895 760 2976 Scipionem
772 2895 936 2970 dicentem,
957 2906 996 2953 ut·
1006 2892 1108 2952 Latine
1127 2892 1152 2950 is
1170 2890 1293 2950 reddere

66 3001 155 3049 totam
168 2990 297 3052 Platonis
309 2996 626 3056 sentcntiamenitatur.
654 2994 729 3053 Tum
736 2995 782 3071 fit
790 2996 870 3054 illud
879 3040 888 3070 ,
899 2995 975 3073 quod
985 2992 1230 3070 apudPletonem
1246 2999 1293 3050 est

67 3088 219 3148 luculente
246 3093 379 3167 dictum,
401 3102 429 3152 si
447 3097 528 3153 modo
545 3096 579 3152 id
597 3101 763 3172 caprimerc
782 3092 893 3152 batim
914 3102 1056 3172 potuero:
1077 3111 1149 3148 nans
1169 3090 1293 3170 difficile

62 3188 155 3263 suctu
184 3199 246 3265 est,
278 3192 328 3250 sed
353 3194 476 3252 conabor
504 3204 614 3255 tamen.
636 3190 668 3274 lt)
708 3192 892 3273 Sequuntur,
912 3211 986 3272 quae
1005 3211 1057 3251 nas
1074 3189 1159 3250 modo
1176 3191 1209 3248 in
1229 3209 1290 3250 ver·

69 3285 157 3346 tendo
184 3288 302 3348 Platone
332 3292 551 3372 usurpavimus3
575 3291 676 3369 addit,
695 3300 864 3371 putoenion
882 3292 1027 3350 tetthen
1046 3310 1109 3349 csse
1124 3297 1204 3348 nota.
1245 3285 1292 3347 Ad

71 3382 141 3445 baec
169 3400 264 3446 autem
289 3388 422 3449 Laelius:
445 3413 512 3450 coro
536 3392 629 3466 milri,
651 3393 766 3472 inquit,
786 3398 952 3451 notissima.
993 3387 1051 3448 Sed
1071 3400 1103 3446 ut
1122 3385 1203 3445 Plato
1221 3385 1291 3444 haec

72 3481 199 3545 interiori
220 3485 418 3568 philosophiae
445 3488 539 3548 studio
564 3488 684 3562 debuit,
706 3490 746 3548 ita
769 3490 869 3550 Cicero
886 3487 939 3546 hoc
960 3507 1018 3545 sese
1037 3507 1073 3544 cx
1094 3482 1193 3542 eedem
1212 3477 1293 3541 fonte

72 3594 97 3641 et
123 3583 248 3641 maxime
274 3605 311 3645 ex
338 3585 455 3645 Platone
481 3585 606 3645 hausisse
635 3588 781 3646 confessus
809 3600 867 3665 est,
897 3576 985 3664 quum
1013 3586 1117 3643 Romae
1137 3580 1235 3641 exora
1254 3601 1290 3639 ex

71 3675 171 3740 iisdem
189 3680 295 3742 caussis
311 3684 439 3744 Caesaris
457 3684 633 3764 tyrannide,
655 3698 742 3744 semet
762 3686 823 3766 ipse
842 3683 1045 3744 consolaretur.
1086 3679 1214 3739 Dabunt
1227 3687 1292 3760 igi-

68 3784 122 3837 lur
147 3782 225 3838 milri
253 3791 371 3842 neniam
399 3790 458 3840 nesi
476 3790 574 3858 cinos,
591 3785 638 3842 ecl
649 3790 787 3864 gratiane
802 3790 903 3861 potius
921 3783 1085 3856 habebunt,
1107 3781 1201 3859 qnod,
1222 3800 1290 3836 cuno

67 3886 142 3937 met
170 3885 204 3936 in
228 3888 321 3940 unius
346 3891 491 3960 potestate
511 3884 698 3964 respublica,
721 3904 813 3960 neque
836 3904 886 3961 ego
913 3902 958 3938 me
986 3882 1103 3955 abdidi,
1131 3900 1225 3956 neque
1243 3879 1288 3935 de-

61 3984 169 4053 mi,
191 3985 291 4055 nsque
315 3979 436 4054 efficat,
458 4002 551 4057 neque
578 3987 626 4038 ita
649 3987 748 4060 gessi,
775 3987 864 4058 quasi
887 3981 1001 4038 leontini
1029 3989 1085 4038 aut
1111 3979 1290 4056 temporibus

100 4216 126 4283 l)
145 4221 183 4272 Dc
195 4223 256 4290 llcp.
271 4223 333 4274 Vlll.
352 4221 410 4274 562.
424 4223 454 4274 Α.
470 4250 504 4259 -
519 4222 577 4274 564.
594 4224 625 4275 Α.
644 4222 682 4276 Gl.
699 4222 749 4275 Cic.
768 4225 798 4274 dc
811 4225 873 4292 ch.
892 4225 910 4274 1.
932 4221 972 4274 43.

98 4302 128 4370 2)
145 4304 242 4359 llerod.
260 4309 298 4360 ΠΙ.
314 4307 356 4360 82.
379 4308 417 4360 ct.
437 4309 520 4360 Dicto.
535 4326 589 4360 meo
606 4311 634 4359 in
647 4311 713 4360 civit.
730 4311 844 4379 animnos
859 4325 884 4375 p.
900 4307 940 4358 tt.

99 4389 127 4453 8)
146 4392 202 4444 biv.
218 4393 325 4446 XXXIX.
339 4393 380 4455 26.
400 4395 457 4446 vit.
471 4395 525 4448 Ast.
545 4394 579 4446 ad
598 4394 662 4447 Plat.
677 4397 707 4447 dc
723 4396 783 4464 ltep.
797 4388 867 4447 'titt
887 4392 946 4446 562.
964 4392 992 4446 C.

91 4472 125 4540 t)
144 4476 194 4531 Gis.
212 4480 241 4530 dc
258 4482 318 4548 llcp.
336 4480 355 4532 l.
374 4479 414 4532 43.
735 4500 739 4507 ¹
909 4486 914 4491 ’
