2774 5048
718 245 813 325 ra,

126 415 158 471 in
179 408 337 471 oratoribus
351 408 480 488 legendis
498 408 604 487 pariter
624 419 774 467 versantur
793 406 844 466 alii
855 452 864 481 ,
884 426 1055 485 quamquam
1075 428 1133 466 non
1153 409 1255 467 multi:
1278 428 1369 490 pau,

126 526 229 598 cissimi
250 545 317 583 vero
337 522 598 602 reperiuntur,qui
619 522 658 579 sic
677 521 772 601 legant
786 520 971 603 philosophos
990 525 1131 601 antiquos.
1154 522 1250 602 Vulgo
1269 524 1348 582 enim

124 638 252 699 homines
273 637 439 697 recentioris
462 635 660 718 philosophiae
682 636 788 716 placita
806 635 914 695 Socrati
935 649 962 694 et
981 634 1093 696 Platoni
1113 636 1294 713 obtrudunt,
1316 652 1346 698 ut

123 753 325 834 cogant'hosce
343 751 501 831 disceptare
520 751 555 810 de
574 751 665 830 spatio
682 765 710 809 et
727 765 865 831 tempore,
883 749 920 808 de
940 749 1051 830 legibus
1071 752 1182 831 ingenii
1206 751 1327 811 humani
1337 797 1351 832 ,ἵ

124 871 159 928 de
178 868 287 926 ratione
309 866 463 925 theoretica
485 879 512 923 et
534 866 668 945 practica.
708 864 793 939 Quod
816 866 934 924 nonita
954 865 1141 944 dico,'quasi
1161 879 1346 925 contemnens

124 985 193 1044 haec
217 981 339 1062 placita:
366 980 456 1039 multa
470 980 617 1038 continere
633 977 789 1053 videntur,
810 1000 883 1058 quae
900 980 1032 1059 antiquos
1052 979 1189 1039 latuerint
1210 979 1298 1059 plane
1318 995 1345 1039 et

125 1097 182 1155 sint
200 1096 363 1155 verissima:
385 1101 412 1153 et
430 1108 500 1152 esset
515 1115 582 1172 sane
601 1114 737 1173 perquam
752 1092 929 1169 dolendum,
950 1096 973 1152 si
988 1095 1098 1173 generis
1118 1095 1207 1153 nostri
1229 1095 1262 1154 in
1278 1117 1344 1155 vero

124 1210 297 1290 inquirendo
322 1209 404 1269 nulla
428 1222 577 1289 appareret
595 1208 760 1287 progressio.
798 1206 855 1267 Sed
875 1222 906 1267 ut
928 1208 1035 1289 placita
1054 1199 1157 1266 haecce
1174 1227 1210 1265 ex
1234 1222 1343 1282 nostra,

68 1282 164 1447 ’⁴⁴¹³
182 1325 300 1404 antiqua
325 1323 376 1384 illa
404 1343 439 1382 ex
457 1324 575 1402 antiqua
594 1321 818 1402 philosophandi
845 1323 955 1382 ratione
974 1323 1058 1380 unice
1076 1321 1250 1381 illustranda
1268 1336 1344 1382 sunt.

125 1438 210 1514 Quod
223 1440 254 1498 ni
268 1439 433 1511 fecerimus,
448 1436 662 1496 obscurabimus
677 1436 786 1511 omnia,
802 1459 862 1496 non
877 1435 1104 1511 illustrabimus,
1122 1451 1150 1496 et
1164 1437 1346 1517 apparebunt

127 1552 209 1612 nobis
235 1553 351 1631 antiqua
377 1551 429 1610 illa
454 1551 577 1611 absurda
596 1571 718 1632 prorsus.
758 1552 860 1612 Proavi
880 1552 969 1639 nostri
991 1552 1155 1611 Homericos
1182 1552 1285 1612 heroas
1313 1554 1344 1611 in

125 1689 209 1726 scena
228 1666 357 1725 solebant
379 1680 524 1746 spectare,
545 1688 604 1725 non
623 1664 721 1744 quales
744 1665 822 1746 apud
842 1667 996 1725 Homerum
1016 1681 1188 1742 occurrunt,
1209 1666 1259 1727 sed
1278 1641 1346 1746 qua·

126 1782 166 1840 les
184 1782 237 1862 ipsi
257 1794 351 1856 erant,
377 1780 494 1839 indutos
512 1779 655 1839 similibus
671 1780 865 1856 vestimentis,
881 1781 968 1840 simili
986 1781 1078 1861 pileo,
1099 1781 1225 1841 ridicula
1243 1783 1346 1842 formh.

127 1896 211 1955 Haud
230 1896 327 1976 dispar
345 1896 488 1975 negotium
507 1895 694 1975 spectandum
712 1894 795 1954 nobis
814 1895 952 1976 praebent
969 1895 1053 1955 multi
1073 1896 1156 1971 libri,
1175 1898 1226 1976 qui
1246 1897 1347 1956 hodic·

125 2031 178 2088 quc
197 2011 337 2070 feruntur.
378 2011 526 2069 Cernimus
544 2010 577 2068 in
606 2010 666 2068 illis
691 2011 891 2089 antiquitatem
906 2025 1011 2084 totam,
1032 2011 1217 2090 philosophos
1235 2012 1268 2070 in
1287 2014 1349 2093 pri·

124 2126 177 2186 mis
195 2126 345 2205 antiquos,
367 2146 398 2182 ea
421 2125 531 2204 specie,
559 2137 589 2182 ut
617 2123 701 2183 nobis
724 2124 879 2184 videantur
896 2125 1011 2184 similes.
1052 2125 1250 2185 Veruntamen
1267 2126 1347 2205 quod

125 2240 231 2298 scenici
246 2220 379 2298 homines
397 2238 508 2298 dudum
529 2251 677 2297 mutarunt
699 2240 731 2298 in
752 2253 812 2297 arte
829 2261 896 2312 sua,
924 2240 977 2299 hoc
997 2262 1049 2299 nos
1067 2242 1099 2300 in
1119 2239 1223 2299 studiis
1240 2243 1348 2300 nostris

125 2355 303 2412 immutatum
320 2351 533 2431 relinquemus?
555 2351 585 2410 Si
605 2353 700 2411 minus
718 2353 817 2412 audire
835 2355 867 2413 in
886 2376 987 2430 scena,
1008 2369 1082 2413 certe
1098 2354 1245 2435 adspicere
1261 2356 1346 2414 nobis

123 2468 256 2529 ridemur
271 2470 362 2551 ipsum
378 2468 535 2543 Achillem,
554 2469 646 2548 ipsum
662 2470 828 2543 Hectorem,
848 2470 938 2549 ipsam
951 2469 1105 2544 Helenam,
1124 2470 1242 2548 antiquo
1257 2469 1344 2528 habi-

125 2598 184 2642 tur
197 2584 364 2664 interpretes
392 2604 459 2642 vero
486 2582 684 2664 philosophiae
707 2584 747 2642 sic
770 2578 918 2662 loquentes
942 2597 1060 2663 pergent
1083 2583 1222 2643 inducere
1246 2583 1340 2643 Socra·

122 2713 197 2773 tem,
218 2697 382 2772 Platonem,
403 2696 601 2771 Aristotelem,
623 2712 654 2756 ut
672 2697 772 2758 audire
792 2698 941 2759 videamur
961 2719 1020 2756 non
1038 2698 1141 2773 hosce,
1169 2698 1220 2758 sed
1248 2701 1338 2759 Carte-

122 2816 213 2887 sium,
234 2811 428 2886 Leibnitium,
447 2812 609 2870 Batonem?

134 2959 137 2965 ·
163 2929 213 2988 Est
231 2948 298 2989 vero
314 2926 368 2986 hoc
387 2947 493 2984 summa
512 2946 564 3006 ope
584 2926 735 2986 nitendum
754 2925 994 3007 efficiendumque
1013 2930 1137 3002 criticis,
1160 2943 1191 2987 ut
1209 2929 1338 3010 repudia·

122 3058 151 3104 to
174 3044 227 3102 hoc
250 3040 352 3101 habitu
378 3055 491 3114 nostro,
512 3063 561 3099 sua
582 3042 722 3122 prodeant
747 3056 774 3100 et
797 3042 978 3122 simplicitate
1001 3044 1099 3102 nativa
1118 3057 1145 3101 et
1163 3064 1233 3102 vero
1251 3043 1337 3102 subli-

122 3160 218 3217 mitate
247 3156 411 3237 philosophi
437 3157 566 3235 antiqui:
589 3158 714 3231 criticis,
736 3158 871 3235 inquam,
897 3157 951 3215 hoc
975 3158 1133 3237 agendum,
1154 3159 1263 3238 quippe
1291 3157 1337 3237 qui

123 3287 263 3355 praestare
292 3272 408 3329 cacteris
431 3270 543 3349 judicio
571 3271 726 3346 videntur,
748 3285 775 3331 et
803 3273 928 3330 omnium
955 3273 1076 3330 maxime
1096 3293 1196 3330 verum
1215 3294 1231 3330 a
1248 3272 1337 3346 falso,

123 3408 182 3474 rem
197 3408 212 3444 a
227 3386 319 3467 specie
333 3377 508 3464 distinguere
523 3385 639 3444 debent.
661 3386 722 3444 Hoc
738 3399 830 3444 autem
844 3400 876 3444 ut
893 3385 1005 3446 dudum
1021 3388 1208 3446 instituerunt
1222 3360 1337 3446 maximi

121 3504 227 3582 quique
249 3503 281 3560 in
305 3501 351 3559 his
379 3500 481 3559 studiis
504 3501 560 3561 viri
570 3545 578 3574 ,
601 3501 641 3558 ita
664 3521 696 3559 eo
718 3501 868 3560 contendit
885 3523 937 3581 per
954 3516 1041 3560 totam
1061 3503 1149 3561 vitam
1167 3500 1336 3582 Wyttenba·

122 3617 221 3675 chius:
253 3616 384 3694 idemque
406 3613 457 3673 has
477 3616 588 3673 critices
611 3628 704 3694 partes
722 3617 754 3674 in
772 3616 883 3696 primis'
896 3615 1028 3674 censebat
1045 3637 1144 3696 graves
1162 3631 1190 3676 et
1210 3637 1339 3675 necessa—

122 3733 186 3791 rias.
227 3732 359 3790 Refertur
388 3729 456 3804 illa,
477 3703 588 3803 aiebat,
614 3729 651 3788 ad
679 3731 783 3810 scripta
809 3744 953 3806 veterum,
976 3730 1026 3790 scd
1052 3732 1177 3811 pertinet
1206 3731 1274 3790 item
1302 3731 1338 3790 ad

122 3869 217 3907 eorum
236 3867 280 3904 res
300 3859 326 3903 et
345 3845 495 3924 opiniones
515 3847 534 3904 i.
555 3865 579 3904 e.
598 3866 705 3918 mores,
727 3844 819 3923 leges,
837 3845 986 3919 instituta,
1008 3859 1099 3919 artes,
1119 3844 1245 3925 placita,
1266 3845 1337 3927 poli·

119 3965 205 4023 ticam
229 3980 339 4020 omnem
365 3974 391 4018 ct
410 3959 638 4040 philosophiam,
663 3981 735 4038 quae
755 3957 881 4034 judicari
896 3957 1090 4037 explicarique
1109 3979 1144 4016 ex
1159 3960 1338 4037 antiquitatis

119 4080 228 4136 rationo
247 4097 306 4134 non
325 4075 420 4132 minus
438 4073 562 4148 debent,
588 4095 672 4152 quam
695 4076 754 4153 ipsa
774 4074 886 4152 scripta.
925 4073 959 4130 ln
990 4075 1114 4151 utrisque
1143 4089 1236 4133 autem
1268 4075 1337 4134 illu-

119 4191 243 4250 strandis
262 4189 359 4248 eidem
379 4187 426 4247 vil
446 4188 626 4268 progreditur
644 4190 752 4248 critica.
793 4190 832 4247 Ut
850 4189 954 4268 scripta
973 4190 1194 4269 interpretetur,
1221 4210 1258 4247 cx
1279 4192 1336 4271 ipsa

121 4304 284 4384 linguarum
301 4304 410 4362 ratione
426 4322 509 4362 voces
524 4316 550 4361 et
570 4301 710 4361 dictiones
727 4324 876 4381 carumque
895 4303 991 4363 varias
1005 4302 1226 4386 significationes
1247 4304 1336 4384 expli·

118 4433 175 4478 cat.
204 4420 266 4493 Qua
286 4420 319 4478 in
338 4439 368 4476 re
392 4414 530 4475 excelluit
559 4416 624 4476 Tib.
649 4418 924 4478 Hemsterhusius·et
942 4431 1079 4496 quotquot
1099 4420 1217 4479 fuerunt
1235 4419 1336 4481 <lirino

380 4542 416 4625 ’ὁ
