2796 5048
643 185 683 244 95

53 348 162 407 mutari
194 361 222 405 et
251 345 427 426 pessumdari
455 346 587 405 civitates
609 358 760 435 statueret.
795 343 823 420 l)
851 344 920 402 Nam
950 346 1087 402 musicam
1113 364 1224 403 omnem
1250 359 1277 403 et

53 446 158 525 poisin
179 444 217 503 ad
235 443 424 502 excolendum
447 464 503 501 non
524 428 779 619 sclaveniam
791 488 798 514 ,
826 442 876 501 sed
900 441 937 501 ad
960 442 1093 501 moralem
1112 443 1277 523 praesertim

54 542 196 601 adhibuit
215 541 323 601 civium
342 541 563 620 perfectionem:
603 548 606 553 '
663 534 727 599 sola
750 540 806 598 niti
825 540 954 600 civitates
979 554 1097 621 oportet.
1139 541 1278 615 Quocirca

54 659 222 722 perversam
252 640 402 717 utriusque*
423 639 562 697 rationem
581 659 640 696 non
659 638 755 696 minus
782 658 883 696 nocere
902 639 943 696 rei
962 636 1097 718 publicae
1121 639 1277 710 statuebat,
1368 657 1371 669 ·

53 760 141 817 quam
157 741 267 816 justam
283 735 425 816 prodesse.

95 835 161 894 Sed
179 835 310 914 quamvis
333 855 391 893 non
409 833 441 893 id
458 832 600 892 studuerit
619 833 717 907 Plato,
739 831 816 912 quod
839 847 957 913 egerunt
981 834 1087 893 deinde
1115 833 1279 894 Aristoteles

55 949 83 992 et
99 932 305 1013 Peripatetici,
324 932 429 1010 quique
455 951 490 989 ex
509 930 554 989 his
581 931 784 1010 profecerunt,
806 921 905 990 Cicero
932 945 960 990 et
988 932 1205 1007 Quintilianus,
1229 945 1279 1004 ut,

56 1031 136 1110 quod
168 1032 201 1089 in
229 1029 341 1088 artibus
365 1030 493 1087 cernitur
519 1027 668 1108 pulcrum,
690 1029 853 1108 singulatim
881 1029 1061 1109 exploraret,
1077 1031 1207 1110 justeque
1225 1030 1279 1089 hoc

57 1127 144 1187 modo
164 1128 201 1187 de
221 1128 298 1207 poisi
318 1141 345 1185 et
364 1126 545 1204 eloquentia,
566 1124 602 1184 de
622 1127 710 1185 variis
731 1128 877 1204 utriusque
901 1141 929 1185 et
949 1127 1100 1206 generibus
1126 1142 1153 1187 et
1181 1143 1280 1188 aucto-

58 1227 140 1293 ribus
169 1226 391 1306 pronunciaret,
420 1237 515 1282 tamen
541 1214 650 1282 iontem
676 1238 849 1305 aperuerunt
878 1203 938 1302 ‹ijus
966 1226 1089 1306 scripta,
1116 1248 1131 1284 e
1157 1248 1214 1305 quo
1243 1228 1281 1287 ad

58 1325 128 1383 haec
148 1304 246 1382 studia
264 1321 421 1394 exeplenda
440 1321 589 1380 haurirent
606 1323 720 1402 posteri.
747 1324 788 1380 Ne
806 1322 912 1402 placita
931 1325 992 1401 ejus
1009 1324 1107 1383 iterem
1125 1323 1161 1382 de
1176 1327 1281 1385 artium

39 1437 165 1506 ,natura
177 1467 185 1495 ,
207 1421 243 1479 de
264 1420 423 1479 imitatione
442 1422 557 1498 ejusque
581 1421 690 1479 ratione
713 1435 740 1479 et
761 1420 901 1494 consilio,
921 1422 1030 1501 primus
1059 1421 1110 1480 ille
1134 1423 1209 1498 fuit,
1231 1426 1281 1503 qui

59 1518 282 1601 exprimendam
314 1531 373 1576 arte
407 1532 577 1598 proponeret
608 1518 703 1577 ideam
730 1519 849 1599 pulcri,
880 1520 939 1578 sive
966 1519 1124 1599 perfectum
1150 1522 1228 1582 illud
1254 1538 1282 1582 et
1320 1520 1323 1529 ’

59 1618 210 1677 excellens
221 1662 228 1688 ,
251 1630 282 1674 ut
311 1617 351 1674 ait
365 1623 369 1634 “
381 1617 498 1689 Cicero,
519 1613 550 1696 2)
571 1618 651 1694 cuius
671 1617 708 1676 ad
728 1615 877 1696 cogitatam
904 1618 1026 1696 speciem
1052 1618 1193 1680 imitando
1211 1622 1281 1679 refe·

59 1731 167 1775 runtur
192 1713 264 1789 illa,
284 1735 356 1793 quac
375 1713 428 1772 sub
446 1714 543 1772 oculos
561 1715 678 1774 cadunt.
710 1715 795 1789 Quod
813 1714 971 1794 placitum,
993 1728 1024 1772 ut
1042 1737 1057 1773 a
1075 1717 1281 1776 recentioribus

60 1815 234 1894 diligentius
253 1827 336 1891 atque
355 1833 390 1870 ex
409 1814 469 1892 ipsa
488 1815 593 1871 mentis
612 1827 718 1890 natura⁸
733 1814 893 1894 expositum
912 1827 971 1886 est,
992 1815 1032 1872 ita
1050 1817 1209 1893 antiquitus
1222 1817 1282 1894 jam

61 1914 102 1971 sic
124 1912 388 1992 cepit-Ciceronem
398 1923 460 1983 ,ut
478 1909 516 1968 ad
533 1910 609 1968 banc
629 1932 757 1970 normam
776 1911 933 1990 perfectum
953 1910 1133 1971 describeret
1144 1927 1171 1972 et
1190 1914 1282 1974 veluti

63 2010 235 2090 depingeret
260 2023 406 2067 oratorem.
448 2009 513 2066 Non
540 2008 626 2087 hujus
654 2023 695 2068 est
723 2008 798 2082 loci,
824 2008 989 2067 methodum
1013 2030 1174 2090 exponere,
1198 2033 1283 2091 quam

59 2110 142 2186 sequi
158 2109 269 2186 jussit,
282 2121 420 2186 quotquot
443 2105 562 2183 dicendi
583 2105 785 2185 scribendique
805 2106 859 2164 arti
879 2106 1045 2182 studerent,
1065 2108 1183 2188 petitam
1203 2108 1284 2167 illam

62 2226 99 2264 ex
119 2207 257 2264 interiore
286 2205 486 2285 philosophia,
512 2205 654 2284 magisque
682 2204 719 2263 ad
741 2204 821 2277 veri,
842 2224 926 2282 quam
950 2205 1045 2285 pulcri
1070 2205 1283 2286 indagationem
1343 2245 1348 2262 .

63 2303 265 2382 pertinentem.
308 2306 380 2383 Apte
401 2302 432 2362 id
451 2317 512 2361 tum
531 2302 726 2382 intelligetur,
748 2301 892 2388 quumad
910 2301 1055 2362 doctrinas
1077 2318 1104 2363 et
1123 2306 1284 2386 principem

63 2417 183 2474 earum,
209 2400 408 2475 dialecticam,
438 2403 662 2481 pervenerimus.
704 2401 760 2459 Hic
789 2423 856 2461 vero
884 2422 984 2480 operae
1012 2403 1136 2482 pretium
1156 2418 1197 2463 cst
1218 2406 1285 2462 ani-

64 2499 264 2572 madvertere,
285 2501 345 2579 ipsa
365 2498 491 2557 Platonis
514 2498 619 2578 scripta
643 2498 812 2557 documenta
831 2520 888 2557 esse
907 2512 935 2558 et
953 2501 1033 2577 quasi
1052 2501 1182 2581 exempla
1200 2502 1284 2561 disci·

63 2599 189 2680 plinae,
208 2619 292 2676 quam
320 2597 411 2677 poitis
439 2610 466 2654 et
495 2596 654 2655 oratoribus
683 2593 813 2654 tradidit.
855 2595 942 2669 Quod
967 2597 1021 2653 rite
1049 2597 1228 2674 observasse,
1247 2599 1285 2658 ad

63 2699 175 2776 scripta
195 2696 247 2754 illa
266 2693 457 2774 intelligenda
475 2694 554 2752 baud
573 2693 645 2755 levis
665 2714 723 2752 esse
741 2693 876 2751 momenti
894 2692 1019 2751 videtur.

247 2891 294 2950 De
314 2893 443 2972 dialogis
463 2891 620 2963 Plutonia,
642 2897 694 2967 qui
714 2890 753 2946 ad
765 2890 871 2965 pulcri
884 2890 1101 2967 philosophiam

502 2996 661 3065 pertinent
677 2994 822 3062 proxime.

110 3185 247 3245 Pulcrum
266 3186 376 3264 spirant
394 3183 501 3264 dialogi
521 3184 648 3253 Platonis
666 3201 779 3259 omnes,
804 3182 854 3242 sed
872 3182 980 3241 iisdem
993 3185 1073 3261 quasi
1096 3204 1226 3264 expressa
1245 3198 1286 3243 est

68 3272 190 3344 iirtutis
208 3298 290 3362 atque
309 3283 464 3341 honestatis
481 3284 588 3362 imago·
623 3284 658 3342 ln
679 3282 791 3340 croticis
815 3295 968 3339 occurrunt
983 3283 1105 3358 juvenes
1127 3282 1235 3363 insigni
1258 3296 1286 3339 et
1349 3334 1356 3345 ‚

69 3381 162 3442 forma
182 3395 210 3440 et
225 3380 417 3453 amabilitate,
438 3381 615 3455 Phaedrus,
637 3380 775 3462 Agatho,
799 3378 991 3461 Charmides,
1013 3399 1048 3436 ex
1063 3378 1109 3438 his
1123 3394 1215 3438 autem
1230 3401 1286 3458 quo

69 3481 162 3559 magis
181 3477 382 3557 interrogando
400 3477 480 3536 elicit
501 3478 646 3552 Socrates,
667 3499 738 3558 quae
756 3478 791 3535 iis
818 3479 919 3536 insunt
938 3478 1057 3550 naturi,
1079 3499 1111 3536 eo
1130 3480 1189 3537 fere
1208 3480 1286 3537 intus

69 3590 213 3659 apparent
240 3575 415 3656 pulcriores:
431 3575 524 3653 -quod
543 3575 630 3633 rubor
659 3576 783 3635 subinde
811 3574 926 3655 prodit,
955 3574 1075 3655 pudoris
1102 3577 1286 3656 generosique

47 3675 163 3748 ‚animi
184 3674 335 3733 indicium.
376 3673 523 3732 Sermones
543 3687 610 3731 sunt
630 3673 665 3732 de
691 3673 811 3754 pulcro,
832 3671 868 3731 de
896 3694 1003 3756 amore,
1029 3673 1079 3732 sed
1107 3675 1229 3734 maxime
1250 3675 1286 3734 dc
1345 3691 1352 3705 '

70 3773 279 3853 temperantia,
293 3772 436 3848 ¹justitia,
462 3771 650 3844 fortitudine,
676 3772 833 3850 sapientia,
865 3771 918 3850 ipsi
944 3773 1072 3831 amatorii
1091 3793 1232 3843 sermones
1249 3773 1286 3832 ad

71 3871 290 3951 temperantiam
311 3869 422 3929 ducunt
441 3883 468 3935 et
486 3868 583 3927 nullas
603 3890 663 3926 non
685 3871 814 3929 virtutes.
841 3867 951 3942 Quodsi
970 3885 1122 3930 occurrunt
1143 3871 1286 3943 subinde,

69 3992 146 4052 quae
163 3969 298 4029 lascivius
318 3969 471 4029 videantur
490 3968 567 4026 dicta
585 3967 722 4046 nobisque
741 3966 931 4050 displiceant:
953 3981 1109 4047 temporum
1131 3968 1163 4027 id
1182 3970 1286 4028 rationi

68 4084 103 4129 et
119 4073 267 4150 poitarum
285 4066 441 4146 exemplis,
467 4087 527 4124 non
545 4066 691 4146 scriptoris
708 4065 851 4144 proposito
870 4062 1057 4124 tribuendum
1075 4080 1123 4125 cst.
1166 4068 1286 4126 Exstant
1373 4107 1378 4117 ·

91 4212 346 4250 ,.-.-...Ι-.-

108 4311 136 4373 1)
155 4286 192 4361 oi
206 4311 266 4373 rep.
286 4309 326 4360 rr.
349 4308 406 4360 aaa.
428 4307 455 4359 c.
471 4309 526 4358 vu.
544 4309 598 4359 aa
623 4309 671 4359 aa
697 4327 721 4375 p.
739 4305 773 4358 aa
797 4317 822 4358 er
845 4277 900 4358 aaa.

106 4393 136 4458 2)
160 4396 229 4446 Orat.
243 4393 267 4445 3.
