2774 5048
623 208 681 281 W

59 376 103 456 olor
124 374 161 443 cl·
188 378 214 443 a*
241 376 279 443 di
303 376 362 463 poi,
398 378 438 443 σὲ
470 374 711 471 dimidiarat
739 377 761 465 η’
787 376 971 473 ἀλήθεια·
994 386 1203 465 palaemonem
1227 399 1259 447 -ot
1300 460 1303 465 Ι

59 486 173 561 ἐξιέναι,
202 486 281 543 mihi
305 487 408 560 orode,
435 492 568 565 impetu
595 486 649 545 ttto
669 497 733 563 aot,
754 509 811 564 quo
831 489 871 545 ad
891 506 1039 547 inmanes
1057 486 1172 547 tondis:
1185 509 1261 566 pro-

59 585 123 643 toto
148 605 217 643 raro
246 593 276 643 to
303 593 403 665 magis
428 594 520 645 etiam
548 568 580 643 ¹at
604 605 662 664 par
688 586 766 644 dano
784 596 833 659 te,
854 606 930 663 quar
948 587 1073 644 iruulta
1092 587 1213 645 oidotar
1231 597 1259 645 et

59 683 124 763 otigo
146 690 191 741 tic
213 689 355 758 occatur,
379 685 603 764 garrulitatem
626 705 749 760 caereo,
776 685 848 743 dam
866 691 994 761 juverit
1013 707 1044 744 ar
1063 692 1239 743 etiamnunc
1252 678 1292 731 ³¹¹³*

60 782 113 863 pol
135 789 169 839 ai
188 783 328 857 seems,
349 786 506 863 fugiet
529 793 558 840 to
587 790 766 842 coritae.
791 780 820 862 1)
851 781 965 856 Quibus
993 782 1077 843 addit
1097 782 1258 864 deinceps:

60 872 170 961 ι’)ωοῦσι
192 873 252 960 γάρ
279 876 451 955 oioollol,
474 871 522 942 ὅτι
545 874 615 941 ἄνευ
643 873 754 962 ταύτης
780 879 836 962 τῆς
855 874 907 941 doci
928 872 1047 942 adorato
1070 874 1208 961 dro‘fiddoo
1228 903 1259 943 tt

60 978 93 1045 fl
108 975 218 1063 πλάνης
240 975 386 1045 ἀδύνατον
409 976 572 1064 ἐντυχόντα
600 983 645 1068 τῷ
671 977 783 1065 ἀληθεῖ
809 981 880 1044 rocio
907 985 1002 1063 σχεῖν·
1028 991 1153 1063 ignorat
1180 992 1261 1044 onim
1307 1025 1312 1037 ι

58 1084 161 1181 gigas,
186 1089 295 1164 absque
322 1087 373 1144 hoo
394 1107 454 1165 per
482 1081 584 1146 omnio
611 1087 753 1146 dioearoa
784 1096 814 1146 at
843 1107 947 1145 errore
968 1087 1047 1163 fleri
1075 1105 1134 1142 otoo
1156 1080 1261 1160 poare',

65 1190 182 1262 nais,
210 1193 372 1243 raritatem
402 1196 557 1245 assecutae
568 1231 577 1260 ‚
603 1193 714 1264 sapiat.
735 1184 767 1266 2)
800 1183 888 1244 Unde
916 1185 950 1243 in
978 1184 1077 1265 primis
1105 1179 1260 1262 repetenda

62 1292 90 1341 α
111 1280 289 1362 dialogorum
321 1283 534 1343 Platonicorum
563 1284 688 1344 ubertas.
740 1283 891 1343 Ponebant
917 1283 1090 1342 sententiam
1119 1280 1261 1359 sophistae

59 1379 242 1467 archotoros,
272 1402 357 1460 quam
388 1383 449 1441 sive
484 1380 612 1442 dicendo
644 1383 705 1444 sive
739 1380 893 1441 scribendo
926 1380 1067 1460 librisque
1099 1374 1268 1457 condendis

58 1474 197 1555 polirent.
238 1478 296 1540 Sed
324 1480 358 1538 in
386 1479 511 1560 dialogis
534 1474 664 1540 Platonis
691 1479 768 1541 nihil
794 1481 854 1538 fere
881 1481 1021 1561 ponitur,
1049 1477 1162 1557 quaerit
1191 1494 1259 1535 vero

55 1586 80 1633 tt
96 1576 246 1658 interrogat
273 1577 334 1639 sive
361 1577 509 1653 Socrates,
539 1579 600 1638 sive
627 1577 730 1661 hospes
755 1579 885 1654 Eleates,
914 1579 975 1638 sive
1000 1577 1075 1638 alius
1093 1575 1260 1653 quicunque

56 1671 179 1755 principes
204 1677 239 1735 in
263 1696 392 1737 sermone
419 1691 515 1757 palies
541 1677 830 1747 hahetainstituitur
841 1722 850 1752 ,
871 1690 903 1736 ut
920 1676 1067 1751 vidimus,
1087 1671 1261 1736 inveniendi

55 1772 132 1841 tt*
156 1777 239 1854 quasi
266 1784 385 1834 ornatio
413 1775 572 1856 quaedam:
604 1775 696 1836 veluti
726 1777 758 1837 in
786 1789 887 1855 quarto
916 1777 950 1835 de
970 1774 1137 1852 Republica
1165 1770 1260 1844 libro,

89 1869 220 1951 'justitia
248 1875 415 1952 quaeritur,
443 1896 500 1953 quo
520 1874 638 1933 tandem
669 1877 701 1934 in
730 1875 848 1936 civitate
875 1874 937 1935 loco
955 1873 1053 1932 lateat.
1086 1893 1100 1926 α
1113 1873 1173 1950 age
1184 1917 1193 1947 ,
1221 1871 1261 1929 ait

120 1984 178 2048 tes,
207 1993 225 2030 o
252 1972 384 2047 Glauco,
411 1994 491 2033 nunc
517 1994 587 2048 nos,
616 1987 753 2052 tanquam
772 1978 940 2049 venatores,
962 1971 1063 2046 decet,
1085 1969 1183 2030 ubivis
1201 1967 1261 2027 cir·

55 2070 172 2130 cmeiroa
195 2070 353 2151 cespitibus
368 2072 487 2152 positis,
508 2070 675 2148 attendere,
693 2093 730 2130 ne
748 2071 805 2150 qut
825 2072 939 2151 effugiat
960 2091 1012 2129 nos
1026 2069 1150 2148 justitia.
1175 2067 1260 2127 Illam

55 2178 127 2229 men
145 2183 177 2229 ut
195 2170 309 2247 cernit,
328 2163 388 2248 toi,
411 2160 480 2248 toi,
497 2172 657 2249 exclamat,
679 2161 705 2233 ὦ
728 2164 883 2233 statuor-
909 2161 1113 2247 κινδυνεύομέν
1134 2189 1162 2227 τι
1183 2160 1261 2247 ἔχειν

55 2252 310 2351 lxtoogoootigiam
328 2274 474 2351 quoddam
497 2280 629 2331 assecuti
649 2255 821 2333 aidemar.»
844 2271 877 2353 3)
907 2273 955 2333 stc
975 2285 1005 2334 et
1020 2272 1151 2331 referunt
1169 2289 1260 2329 vena-

55 2354 138 2475 ipen
160 2383 188 2429 et
215 2367 401 2445 inventorum
429 2370 511 2451 pleni
533 2383 601 2430 sunt
627 2371 736 2452 dialogi
766 2372 903 2433 Platonis.
945 2370 993 2431 Fit
1013 2369 1103 2445 adeo,
1123 2381 1155 2429 ut
1174 2381 1260 2450 prout

55 2481 181 2529 ttmtores
208 2466 334 2530 subinde
362 2468 489 2550 leporem
516 2469 724 2548 investigantes
747 2490 866 2530 cervum
896 2473 1036 2552 capiunt,
1062 2469 1122 2543 sic,
1148 2464 1260 2546 quiin

55 2562 238 2629 hermonis
265 2569 405 2643 miscent,
429 2567 515 2649 plura
542 2588 575 2628 ac
605 2569 712 2645 majora
729 2568 909 2644 inveniant,
938 2589 1025 2647 quam
1042 2565 1260 2645 quaesiverunt.

55 2661 98 2725 lm
112 2666 198 2734 semel
222 2664 254 2726 id
280 2667 313 2726 in
340 2666 480 2745 Sophiste
507 2665 642 2738 obtinet,
670 2663 748 2743 quod
776 2687 863 2746 supra
893 2667 1058 2745 attigimus,
1088 2664 1137 2723 hle
1164 2677 1259 2725 autem

55 2756 175 2833 ltclm‘are
194 2785 247 2825 nos
265 2777 384 2845 oportet.
426 2765 498 2824 Nam
517 2762 672 2844 sophistam
700 2762 803 2844 hospes
830 2765 882 2823 ille
910 2784 976 2823 cum
997 2761 1152 2823 Theaeteto
1176 2761 1259 2822 inda·

55 2876 119 2939 aas,
147 2867 229 2923 ecce!
258 2884 312 2944 pro
334 2854 460 2944 sophista
485 2861 708 2944 philosophum,
737 2877 783 2939 et,
804 2864 844 2922 ·in
872 2862 942 2921 alios
968 2859 1106 2941 deinceps
1132 2861 1262 2919 tramites

55 2954 199 3036 manens,
216 2960 410 3025 ‚dialecticum
438 2960 633 3040 consequitur.
675 2960 794 3021 Scilicet
822 2963 884 3043 ipse
912 2974 1028 3034 auctor,
1049 2959 1178 3038 dialogos
1193 2958 1259 3017 hu·

55 3059 153 3119 modi
179 3059 387 3141 exploratorios
416 3058 559 3135 scribens,
583 3057 652 3120 duci
679 3080 708 3118 se
728 3060 861 3134 sinebat,
886 3083 942 3140 quo
970 3058 1085 3138 avariora
1107 3053 1203 3144 φέρῃ,
1226 3056 1262 3138 4)

55 3154 100 3217 itta
114 3166 213 3237 aprum
232 3169 261 3216 at
279 3167 368 3237 quati
386 3167 493 3222 ventas
505 3162 703 3234 ferret-non
723 3158 870 3240 probandi
885 3160 1161 3242 demonstrandique
1180 3160 1260 3241 quod

55 3256 250 3333 tumeam-sed
275 3255 449 3318 inveniendi
476 3257 632 3317 consilium
659 3255 803 3317 habebat:
831 3281 889 3318 non
917 3263 1187 3337 commentationes,
1206 3259 1259 3321 sed

55 3346 254 3431 litqaieitiooaa
271 3355 424 3416 scribebat.

80 3451 211 3519 tbhonet
235 3455 305 3515 haec
334 3475 401 3513 sane
430 3454 537 3512 ratioa
557 3453 664 3512 saeculi
692 3455 783 3514 nostri
812 3455 1022 3516 consuetudine
1033 3503 1047 3537 ,¹
1064 3456 1115 3518 sed
1140 3456 1261 3536 ingenio

55 3539 155 3612 eliciet
170 3551 333 3628 foecundo,
361 3551 446 3632 quale
476 3552 605 3610 Platonis
634 3564 713 3626 erat,
742 3553 937 3613 conveniebat
959 3556 1102 3631 mirifice,
1128 3571 1160 3616 ut
1186 3555 1258 3618 hinc

55 3658 138 3747 {mma
160 3652 213 3711 illa
232 3654 264 3711 iu
283 3650 417 3711 omnibus
440 3650 569 3710 Platonis
592 3649 726 3728 scriptis,
752 3672 824 3730 quae
850 3651 904 3711 hac
934 3631 1046 3733 dialogi
1063 3654 1174 3715 ratione
1193 3676 1263 3735 prm

55 3738 150 3823 pltat,
175 3749 310 3824 ubertas,
331 3762 362 3807 ut
382 3769 477 3809 rerum
497 3746 728 3828 gravissimarum
747 3749 913 3808 inexhausti
932 3751 1056 3831 putandi
1075 3753 1169 3813 fontes
1188 3754 1255 3814 sint.

55 3828 155 3941 &laihi
174 3846 311 3928 quidem,
331 3848 438 3922 fateor,
457 3845 528 3922 illa,
555 3866 627 3925 quae
649 3845 702 3905 hoc
722 3845 825 3922 modo,
855 3829 937 3908 aliud
958 3850 1089 3930 agendo,
1118 3873 1203 3926 casu,
1225 3865 1256 3909 ut

61 4124 85 4191 a
99 4142 166 4203 ,ma
186 4143 243 4196 aaa
262 4144 293 4196 n.
312 4145 341 4195 n.

61 4208 453 4302 tmmmmao

58 4304 80 4369 l)
104 4326 165 4379 Eoi.
183 4326 225 4377 111.
245 4325 303 4378 394.
322 4326 353 4377 D.
372 4327 483 4377 Nondum
501 4326 528 4375 iot
546 4342 588 4392 epo
605 4327 669 4387 seio,
690 4328 738 4390 ait,
756 4315 817 4382 ἀλλ’
843 4316 905 4410 ὅπῃ
933 4319 968 4385 cir
996 4317 1020 4383 d
1040 4319 1128 4405 λόγος
1153 4315 1251 4400 ὥσπερ
1288 4330 1300 4353 ⁰

55 4409 139 4493 'filtra
163 4422 258 4512 φέρῃ,
281 4421 376 4512 ταύτῃ
402 4423 486 4487 ἰτέον.
511 4428 652 4505 (itt-,tetta
669 4455 699 4507 p,
714 4436 773 4515 260

509 4498 585 4639 0
