2796 5048
659 228 720 287 332

83 397 169 478 operl
198 394 235 453 ab
262 392 308 451 his
331 393 393 469 ejus
419 389 534 471 placitis
563 386 671 447 similia
697 386 821 446 aliorum
839 386 948 467 placita
967 407 1119 447 conemur.
1161 376 1221 447 llos
1238 388 1295 447 enin

82 504 251 574 argumento
269 488 379 568 ecquod
396 489 428 548 in
449 486 527 546 omni
549 486 607 546 viri
627 482 811 565 philosophia
831 486 948 564 gratius
966 485 1174 565 illustriusque
1191 488 1250 545 est?

146 686 272 745 Ideae
304 692 347 742 in
375 682 653 762 philosophia
688 678 893 738 Platonis
927 703 1002 739 non
1037 691 1143 740 steret
1178 703 1257 739 eum

207 790 498 841 recentiorum
525 786 698 837 innotis
722 778 835 835 ideis
861 781 1203 854 confundendae.

125 978 191 1036 Non
220 976 378 1036 abhorrent
406 974 525 1054 quidem
543 995 566 1033 a
601 973 791 1032 Platonis
825 970 958 1033 doctrina
983 973 1095 1054 placita
1127 972 1304 1033 Cartesii.
1358 958 1361 1005 ;

83 1073 152 1135 Dici
181 1075 258 1133 enim
284 1074 449 1133 Platonicae
481 1073 566 1130 etiam
597 1070 698 1144 ideae,
728 1069 752 1127 si
780 1070 876 1129 minus
895 1079 1043 1144 innotos,
1065 1085 1171 1132 tamen
1183 1077 1307 1149 proprios
1360 1080 1362 1107 ¹

84 1172 195 1231 homini
227 1184 358 1252 possunt.
400 1172 472 1229 Nam
502 1167 591 1227 animi
621 1166 761 1239 humani,
793 1181 824 1225 ut
852 1169 884 1227 in
913 1168 1056 1228 Phaedro
1084 1183 1152 1244 est,
1174 1170 1232 1229 nisi
1248 1167 1310 1227 ideas

85 1284 151 1329 ante
180 1268 257 1328 hanc
285 1270 375 1327 vitam
401 1268 627 1348 spectavissent,
654 1264 801 1344 cogitandi
832 1266 864 1324 in
883 1266 937 1326 hoc
958 1288 1078 1348 corpore
1100 1281 1158 1327 aut
1173 1264 1312 1346 judicandi

84 1368 252 1426 facultatem
281 1388 342 1425 non
371 1365 522 1426 haberent.
571 1360 667 1423 Πὰσα
687 1353 854 1441 ἀνθρώπου
875 1358 966 1445 ψυχὴ
991 1359 1040 1445 piei
1047 1384 1102 1425 σει
1130 1356 1313 1428 redimiri

82 1456 169 1540 ὄντα,
193 1459 215 1545 ἢ
238 1458 289 1524 οὐκ
313 1457 349 1522 ἂν
368 1457 463 1543 ἢλθεν
482 1461 523 1537 εἰς
544 1458 615 1525 ro'dr
636 1454 675 1524 sd
699 1460 786 1537 ζῶον.
800 1462 829 1544 1)
856 1467 999 1526 Referunt
1018 1467 1092 1527 adeo
1113 1465 1317 1546 quodammodo

83 1566 247 1626 Platonicus
275 1565 354 1624 ideas
384 1564 466 1623 ideae
494 1567 693 1641 Cartesianae,
725 1566 833 1645 quippe
862 1585 935 1643 quae
964 1565 1033 1624 item
1053 1579 1128 1624 sunt
1149 1579 1181 1624 et
1200 1564 1318 1626 notiones

86 1665 239 1723 universae
259 1676 287 1722 et
302 1684 400 1722 earum
419 1684 515 1722 rerum
532 1666 682 1738 notiones,
703 1684 775 1741 quae
793 1663 908 1737 animo,
927 1683 989 1721 nou
1006 1662 1149 1721 sensibus
1164 1661 1321 1743 percipiun-

85 1776 144 1823 tur.
186 1762 354 1836 Praeterea,
386 1774 418 1819 ut
447 1761 546 1837 Plato,
578 1762 722 1820 Cartesius
753 1761 786 1821 id
813 1781 924 1820 summo
940 1779 1025 1839 opere
1044 1760 1184 1835 studuit,
1206 1774 1241 1819 ut
1259 1778 1321 1839 quae

85 1873 182 1919 mente
211 1856 272 1918 soll
299 1872 327 1917 ct
355 1858 529 1938 cogitatione
558 1860 718 1933 cernimus,
750 1879 883 1917 numeros
901 1878 930 1918 v.
951 1878 976 1917 c.
996 1870 1024 1916 et
1044 1856 1160 1937 figuras
1178 1858 1323 1918 mathena·

84 1957 173 2032 tiras,
205 1968 282 2016 recte
310 1976 327 2014 a
353 1954 458 2030 rebus,
489 1978 562 2035 quae
592 1955 725 2016 sensibus
744 1969 863 2036 patent,
884 1955 1087 2034 distingueret.
1106 1953 1144 2035 2)
1188 1956 1323 2015 Verunta-

85 2075 171 2129 men,
199 2068 232 2113 ut
262 2053 309 2113 his
338 2055 371 2112 iu
398 2053 485 2112 rebus
512 2056 590 2113 inter
611 2053 678 2112 illos
694 2054 851 2128 convenit,
872 2053 912 2111 ita
930 2053 964 2111 in
983 2050 1162 2112 adhibenda
1181 2054 1222 2113 ad
1239 2052 1323 2134 phile

86 2151 217 2233 sophiam
247 2150 379 2229 idearum
407 2150 542 2210 doctrina
561 2152 656 2230 ‘atque
687 2152 719 2210 in
746 2153 807 2231 ipsa
836 2149 1064 2231 philosophandi
1082 2151 1230 2212 methodo
1249 2171 1324 2211 usur-

84 2248 183 2330 panda
212 2269 328 2329 prorsus
357 2268 374 2305 a
400 2268 429 2306 se
459 2248 586 2307 invicem
608 2247 809 2308 discesserunt.
851 2247 934 2306 ldeas
955 2247 1101 2306 Cartesius
1123 2261 1323 2328 tanquamno

81 2347 176 2406 tiones
205 2344 367 2406 verissimas
392 2346 506 2425 posuit,
536 2345 661 2424 quibus,
692 2361 724 2406 ut
752 2345 963 2420 axiomatibus,
990 2358 1022 2402 ut
1048 2344 1212 2405 doctrinae
1231 2346 1325 2406 fulcris

1 2516 3 2521 Ι
81 2464 116 2503 ac
142 2440 341 2502 fundamentis
369 2442 485 2501 decreta
514 2443 623 2502 deinde
654 2466 705 2503 sua
733 2456 960 2525 superstrueret;
993 2440 1076 2501 Plato
1094 2463 1172 2503 tero
1191 2459 1323 2523 tanquan

82 2540 188 2603 formas
216 2540 301 2601 nobis
326 2542 487 2621 perfectas,
518 2562 588 2619 quas
607 2541 640 2600 in
660 2541 771 2600 artibus
789 2538 949 2599 tractandis
969 2538 1143 2619 legibusque
1164 2540 1323 2602 condendis

83 2636 281 2713 imitaremur,
301 2638 461 2721 proposuit.
503 2639 558 2699 cui
579 2638 727 2698 doctrinae
747 2637 910 2698 diversitati
932 2636 1047 2697 diversa
1067 2657 1206 2717 congrua
1226 2640 1323 2699 utrius·

83 2757 139 2815 que
167 2737 225 2797 fuit
252 2706 526 2797 dissemndiffitio.
571 2736 783 2815 Syntheticom
811 2735 863 2793 ille
890 2732 1058 2794 methodum
1083 2734 1322 2816 adprobandum

83 2832 327 2913 condendumque
344 2822 468 2914 systema
487 2835 656 2914 usurpavit3
678 2831 710 2913 3)
735 2831 817 2892 Plato
836 2854 906 2893 vero
923 2833 1095 2892 inductione
1113 2847 1145 2892 et
1167 2838 1320 2915 analytice
1343 2864 1351 2891 a

85 2933 196 2992 ratione
215 2930 338 2990 educere
356 2931 501 2990 hominem
521 2931 558 2991 ad
579 2918 779 3012 perfectiofem
807 2929 1005 2990 conditionem
1024 2928 1152 2991 studuit.
1198 2931 1247 2993 Ad
1265 2935 1321 2994 vin·

85 3028 242 3088 dicandam
260 3028 349 3108 igitur
367 3029 455 3108 magis
474 3030 639 3103 veritatem,
661 3027 800 3106 quemad
822 3027 1014 3087 excolendum
1033 3027 1188 3089 hominem
1210 3028 1320 3091 Gai-tem

85 3126 218 3186 doctrina
246 3126 408 3205 pertinuit,
438 3127 546 3207 quippe
573 3147 626 3185 nec
653 3127 808 3207 pulcrum,
828 3146 882 3184 nec
901 3125 1029 3200 bonum,
1050 3146 1105 3184 nec
1121 3127 1244 3203 justum
1262 3148 1321 3186 san-

84 3239 200 3284 ctumve
220 3222 295 3283 ideis
312 3223 473 3303 complexa.
496 3224 533 3282 Et
551 3223 629 3302 quod
647 3225 700 3282 Dei
720 3224 867 3283 notionem
882 3223 1024 3283 Cartesius
1038 3243 1185 3283 summam
1200 3224 1320 3284 idearum

84 3320 231 3397 habebat,
253 3341 314 3379 non
333 3320 406 3378 illuc
427 3320 561 3395 valebat,
584 3335 615 3379 ut
634 3323 727 3379 Deum
745 3321 847 3396 nobis,
868 3335 1005 3399 tanquam
1023 3322 1118 3379 omnis
1133 3322 1320 3403 perfectionis

84 3419 270 3501 exemplum,
300 3417 340 3478 ad
367 3417 542 3477 imitandum
569 3418 762 3499 proponeret5
795 3416 846 3477 sed
872 3417 929 3476 huc
952 3417 1319 3493 scilicet,ut·1'totionen„

85 3540 146 3577 eree
164 3516 284 3593 Deum,
305 3517 366 3577 sive
377 3562 386 3592 ,
408 3531 441 3576 ut
461 3518 521 3598 ipse
543 3516 690 3594 loquitur,
712 3539 765 3575 ene
784 3537 968 3575 essarumme
990 3517 1195 3597 intelligam,
1216 3536 1348 3597 rum,

80 3624 189 3692 potens
215 3626 244 3673 at
272 3636 384 3676 summe
410 3619 599 3692 perfectum,
621 3615 697 3673 hanc
718 3614 865 3673 notionem
881 3622 1024 3685 innatam
1044 3611 1131 3673 nobis
1148 3616 1255 3675 ideam
1269 3612 1328 3673 ω’

66 3710 303 3772 demonstraret.
347 3713 565 3789 Considamus,
596 3713 655 3786 ait,
685 3720 771 3770 inter
798 3713 934 3770 diversus
963 3713 1066 3785 idrus,
1097 3683 1318 3791 quue'apudbt

84 3812 174 3870 laedet
204 3810 305 3884 homo,
336 3833 429 3868 unam
458 3835 518 3871 erro
537 3819 618 3870 antis
638 3832 752 3870 summe
770 3811 994 3890 intelligentia,
1015 3831 1129 3889 summe
1143 3815 1281 3887 potentis
1294 3816 1319 3865 tt

119 4049 145 4115 f)
164 4053 272 4103 Phaedr.
294 4051 354 4103 249.
379 4052 409 4102 Ε.
429 4052 476 4103 cff.
497 4053 575 4105 Initio
594 4071 620 4120 p.
641 4051 769 4116 50,129.

117 4136 143 4199 2)
165 4138 264 4189 Cartes.
286 4138 373 4188 Prisc.
393 4137 454 4204 pttt.
477 4137 506 4187 P.
527 4139 546 4189 1.
571 4139 590 4200 §
615 4138 647 4188 12
668 4146 694 4188 et
716 4136 757 4186 1³.
779 4137 829 4188 Ed.
848 4136 956 4189 Amstel.
979 4134 1054 4187 1617.

118 4221 144 4285 3)
164 4223 260 4273 lnvitus
280 4238 312 4272 eo
332 4223 452 4288 pervenit
471 4225 511 4273 vir
528 4225 554 4274 iu
573 4225 660 4290 prucis
684 4224 817 4273 maximus.
853 4222 965 4274 Naturae
983 4221 1100 4273 bonitate
1118 4220 1153 4295 ed
1171 4220 1315 4287 analytice·

84 4310 210 4359 rationem
237 4323 335 4373 pronus
359 4315 429 4369 erat,
456 4317 482 4358 ut
506 4308 568 4359 ellici
587 4324 620 4359 ex
637 4308 727 4359 libello
747 4307 802 4372 ejus
822 4308 917 4359 eximio
935 4309 965 4359 de
983 4306 1091 4358 methodo
1108 4312 1217 4372 potest,
1227 4306 1313 4403 'quiin

84 4395 172 4461 primis
191 4392 317 4462 legendus
335 4393 499 4462 pbilosophis
519 4403 566 4445 est.
586 4393 614 4444 P.
634 4393 652 4443 1.
674 4411 699 4460 p.
721 4391 752 4441 11
769 4389 860 4442 -13.
1103 4400 1106 4407 '
