2796 5048
553 70 721 179 .⁹7‘

60 300 131 361 erga
153 298 221 339 eam
245 278 362 337 effeetus
389 278 452 337 sim
475 310 486 324 ··
503 277 606 339 Simile
634 280 707 361 quid
732 279 804 339 mihi
831 280 956 355 accidit,
979 281 1036 340 acsi
1064 281 1131 359 quis'
1154 279 1291 339 mimalia

62 377 177 439 alieubi
204 376 309 458 pulcra
328 375 563 457 eontemplatus,
593 377 661 439 sive.
682 378 836 471 pingendq
847 392 859 409 ·“
903 378 1020 452 borota,
1049 379 1110 438 sive
1134 378 1221 453 riva,
1240 377 1291 439 secl

61 479 201 549 immota,
234 475 332 555 eupial
359 473 411 535 illa
438 476 523 534 etiam
552 476 586 535 in
612 491 692 537 motu
724 490 834 557 spectac
867 482 906 535 'et
935 490 1077 535 certamen
1093 477 1163 556 ipsis
1181 497 1290 538 conve-

61 576 151 635 niens
179 573 341 661 ineuntis
363 573 473 632 Pariter
499 594 579 633 nune
598 595 649 654 ego
668 575 746 634 cives
765 573 831 633 illos
854 575 942 654 gestio
965 575 999 633 in
1022 575 1135 634 actione
1161 589 1290 633 contem-

60 672 137 753 plari
148 717 159 745 ,
180 692 214 729 ac
235 672 398 731 narrantem
422 669 523 730 audire
553 673 707 731 certamina
717 718 726 746 ,
756 672 899 751 quae'tali
923 672 1012 751 digna
1030 685 1058 730 et
1076 671 1245 731 educatione
1263 686 1291 731 et

58 768 242 850 disciplina,
262 782 321 827 tam
345 768 490 842 dicendo,
519 790 605 847 quam
625 771 755 850 agendo,
786 791 851 829 eum
873 769 940 827 aliis
968 768 1136 829 civitatibus
1164 770 1291 829 commit·

58 854 162 927 tants
190 862 221 946 Ι)
250 867 399 941 Omnino,
430 888 503 945 quae
529 882 590 926 arte
619 866 770 928 effinxerat
801 868 881 927 Plato
912 867 1052 944 uniceque
1078 866 1292 941 admirabatur,

59 965 261 1046 Pygmalionis
279 960 388 1038 instar,
409 979 516 1023 motum
543 964 589 1024 his
612 982 640 1025 et
666 968 755 1027 vitam
775 966 875 1025 indere
893 964 1022 1024 studuit:
1045 985 1097 1024 nec
1127 965 1220 1023 solum
1238 950 1320 1023 hoe*

59 1063 212 1145 proposito
231 1062 353 1122 Critiam
370 1063 497 1121 instituit
516 1056 659 1137 scrihere,
681 1063 749 1138 sed,
766 1064 800 1123 in
817 1063 936 1122 caeteris
955 1063 1063 1143 pariter
1081 1061 1217 1142 dialogis,
1234 1063 1297 1121 sor·

59 1160 239 1221 mosissimos
253 1181 384 1241 quosque.
401 1174 429 1219 et
446 1162 568 1241 optimos
582 1160 777 1221 adolescentes
795 1162 836 1219 sie
856 1160 940 1219 nohis
957 1159 1110 1219 scribendo
1129 1181 1291 1241 repraesen-

59 1260 137 1321 tavit
148 1304 158 1334 ,
182 1271 214 1317 ut
232 1278 279 1319 eos
307 1259 473 1317 etiamnunc
501 1259 633 1321 virentes
661 1273 831 1339 agentesque
855 1258 1001 1338 adspicere
1028 1272 1056 1317 et
1085 1278 1150 1316 cum
1177 1256 1292 1317 Socrate

58 1356 264 1437 colloquentes
294 1354 581 1419 audire'videamur.
622 1357 740 1436 Itaque,
765 1356 843 1435 quod
869 1356 907 1415 ab
930 1356 1016 1415 initio
1043 1356 1240 1430 instituimus,
1260 1355 1293 1415 id

59 1455 327 1539 perro-ffaeiemus,
349 1469 380 1514 nt
400 1455 524 1535 legamus
542 1477 607 1515 cum
626 1454 783 1515 lectoribus
804 1455 910 1514 nostris
926 1453 1085 1513 Platonem.
1126 1454 1198 1513 Nam
1214 1453 1292 1513 haud
1327 1467 1328 1470 ’

58 1554 162 1634 magist
184 1553 220 1612 de
249 1574 281 1613 eo
304 1573 341 1613 ex
357 1553 564 1635 ¹corrependiis,
594 1568 666 1633 quae
693 1556 847 1628 feruntur,
868 1551 996 1631 judicari
1013 1565 1106 1632 potest
1118 1575 1133 1628 ,·
1148 1573 1232 1632 quam
1256 1553 1292 1613 de

24 1642 192 1815 tuero
209 1672 244 1710 ex
264 1650 480 1732 rhapsodiarum
493 1653 676 1732 argumentis.
698 1651 816 1712 Patefiet
836 1650 905 1711 inde
920 1651 1009 1730 magis
1028 1651 1189 1730 magisque,
1204 1666 1293 1710 artem

45 1792 49 1800 ·
125 1750 258 1831 posuisse
285 1749 433 1811 Platonem
460 1749 497 1809 ad
525 1749 744 1830 philosophiae,
771 1748 810 1809 ad
839 1747 995 1822 sublimis,
1026 1768 1111 1826 quam
1146 1749 1292 1823 diximus,

61 1838 345 1935 aestheticaeffies
386 1848 422 1906 In
447 1847 558 1926 legibus
581 1846 642 1906 illis
664 1847 733 1906 haec
751 1847 881 1906 omnium
905 1861 947 1906 est
966 1846 1090 1905 maxima
1115 1860 1142 1905 et
1167 1869 1293 1923 summa,

64 1961 96 2006 ut
120 1965 160 2005 ne
184 1932 516 2024 quis'lhlsaimitetur,
536 1966 608 2024 quae
632 1945 725 2025 specie
753 1965 783 2003 se
810 1943 1013 2005 commendant
1040 1944 1120 2016 veri,
1150 1944 1201 2004 sed
1227 1967 1294 2006 vera

63 2046 214 2118 imitatus,
235 2043 341 2124 optima
358 2065 485 2123 quaeque
504 2045 537 2103 in
555 2044 648 2115 lucem
666 2043 816 2125 producat.
859 2044 951 2116 Quam
976 2043 1037 2123 ipse
1055 2055 1168 2101 secutus
1187 2042 1296 2125 legem,

64 2140 224 2203 scribendo
249 2142 390 2222 quaesivit
418 2144 613 2222 potissimum,
644 2141 716 2221 quid
745 2163 813 2202 vere
828 2144 912 2200 'esset
941 2141 1099 2222 pulcrum,
1129 2162 1195 2201 vere
1224 2156 1295 2203 esset

63 2241 177 2301 bonum
188 2285 197 2315 ,
216 2260 283 2302 rere
311 2254 381 2299 esset
405 2242 533 2319 justum:
554 2242 709 2321 perfectam
728 2239 882 2299 scribendo
909 2238 1118 2320 rempublicam
1142 2239 1296 2329 condidit,

64 2360 139 2419 quae
160 2339 251 2420 ipsius
264 2339 337 2416 justi
357 2339 475 2399 referret
505 2338 686 2420 exemplum:
708 2337 848 2396 mundum
876 2337 948 2396 adeo
967 2340 1001 2397 in
1029 2339 1145 2396 Timaeo
1168 2336 1205 2396 a‘d
1232 2359 1295 2418 per·

65 2439 143 2497 lecta
161 2451 331 2515 aeternaque
342 2436 447 2516 pulcri
466 2452 494 2496 et
511 2437 582 2496 honi
601 2426 731 2517 exempla
751 2456 766 2492 a
785 2436 845 2518 Deo
865 2436 1051 2495 informatum
1068 2435 1228 2516 descripsit.
1260 2436 1296 2495 Et

65 2534 141 2595 mihi
160 2534 279 2614 quidem
280 2580 298 2615 f,
315 2535 419 2615 scripta
437 2536 565 2595 Platonis
584 2535 710 2614 legenti,
732 2535 810 2592 visus
829 2548 869 2592 est
889 2534 948 2591 fere
969 2534 1049 2592 Plato
1075 2553 1184 2592 novum
1203 2533 1297 2613 quod-

65 2633 135 2715 dam
154 2632 293 2693 inducere
312 2639 427 2713 poeseos
453 2654 542 2714 genus
566 2633 727 2714 studuisse:
749 2633 821 2710 quin
841 2631 944 2703 etiam,
966 2629 1018 2687 hoc
1044 2630 1296 2710 ipsotractando,

66 2753 134 2791 eum
154 2731 349 2791 celeberrimis
366 2733 470 2812 poitis'
481 2732 518 2791 de
537 2733 605 2790 artis
624 2729 720 2812 palma
739 2742 913 2788 concertasse
931 2725 1148 2805 quodammodo.

107 2831 223 2889 Poetica
250 2844 291 2889 est
317 2829 405 2911 plane
434 2830 612 2911 dialogorum
635 2828 851 2889 'Platonicorum
877 2826 975 2884 forma.
1017 2827 1107 2902 Nam,
1132 2828 1297 2905 quamvise

66 2927 194 2987 Socratis
212 2928 384 2987 exstiterunt
402 2929 599 3003 sermonibus,
619 2949 689 3007 quos
706 2926 758 2985 ille
777 2927 857 2986 vario
880 2939 1024 3005 tempore,
1046 2946 1108 2982 cum
1131 2927 1218 2985 variis
1243 2927 1297 2986 ho-

66 3024 217 3100 minihus,
247 3024 283 3085 de
312 3027 390 3085 omni
416 3010 648 3106 ¹argumentorum
675 3045 777 3106 genere
806 3023 962 3097 habuerat,
988 3022 1067 3082 Plato
1095 3045 1141 3082 eos
1164 3024 1201 3084 ad
1229 3027 1297 3083 artis

66 3123 210 3182 rationem
229 3123 415 3200 informarit,
436 3124 613 3206 Sophronem
631 3124 759 3183 imitatus
778 3137 805 3181 et
820 3121 980 3201 tragoediae
996 3123 1213 3203 comoediaeque
1232 3131 1296 3204 poe-

67 3234 112 3280 tas
121 3265 132 3296 ,
151 3220 302 3303 inprimis
320 3222 499 3303 Euripidem.
529 3224 592 3296 Quo
612 3222 736 3294 facturn,
759 3235 790 3279 ut
809 3220 888 3280 haud
906 3221 1075 3302 simpliciter
1094 3236 1187 3280 essent
1204 3222 1296 3280 collo—

69 3320 158 3397 quia,
188 3319 285 3399 qualia
312 3320 344 3379 in
374 3318 576 3401 Xenophontis
603 3333 757 3378 occurrunt
785 3318 1047 3393 Memorabilibus,
1078 3320 1128 3379 sed
1157 3323 1297 3378 drarnoto

69 3429 183 3491 essent,
204 3417 374 3499 tragiearum
392 3420 482 3478 instar
500 3418 679 3492 fabularum,
695 3417 862 3497 quaesitae
882 3432 1095 3497 temporumque
1116 3420 1297 3478 continerent

70 3512 214 3595 effigiem,
237 3538 269 3575 ae
285 3539 375 3576 mores
392 3518 540 3576 hominum
561 3529 588 3574 et
607 3515 723 3595 ingenia
732 3560 741 3590 ,
762 3515 884 3574 virtutes
899 3536 931 3572 ae
947 3515 1036 3589 vitia,
1053 3517 1195 3593 ⁸juvenum
1212 3510 1300 3576 etiaui
1344 3514 1352 3531 '

69 3612 203 3671 indolem
222 3628 249 3672 et
267 3613 362 3673 studia
382 3614 521 3674 imitando
541 3615 744 3694 exprimerent.
786 3612 823 3671 Et
842 3632 923 3688 sane,
944 3634 1015 3693 quae
1034 3613 1111 3694 apud
1130 3615 1297 3697 Euripidem

70 3723 115 3768 est
132 3710 230 3785 Ionis,
244 3711 417 3792 Hippolyti,
431 3711 572 3786 Achillis,
593 3711 692 3770 eadem
710 3725 752 3769 est
771 3711 804 3769 in
824 3709 951 3769 Platonis
969 3709 1145 3770 dramatibus
1159 3714 1296 3787 Phaedri,

71 3805 256 3883 Alcibiadis,
277 3809 452 3884 Glauconis,
474 3811 622 3868 Adimanti
650 3810 749 3869 nativa
777 3810 867 3888 gratia
894 3823 921 3867 et
950 3824 1093 3870 venustas.
1135 3810 1191 3873 Sed
1218 3812 1298 3871 Plato

71 3905 176 3986 poesin
194 3906 320 3986 agitabat
337 3910 433 3968 animo
449 3911 583 3986 majorem
602 3906 746 3985 quandam
762 3921 789 3965 et
805 3906 1008 3966 sublimiorem.
1039 3927 1053 3960 o
1062 3909 1139 3980 Quae
1154 3931 1218 3982 nos,
1239 3911 1298 3984 ait,

68 4002 264 4083 suscipimus,
285 4025 368 4066 nemo
384 4028 509 4087 unquam
523 4012 689 4088 poetarum,
708 4005 756 4065 rel
774 4006 823 4084 qui
840 4005 910 4063 olim
930 4007 1047 4064 fuerunt
1056 4051 1064 4079 ,
1086 4005 1133 4064 rel
1151 4008 1199 4083 qui
1219 4029 1298 4066 nune

71 4114 164 4175 sunt,
194 4104 344 4184 perfecit.¹
366 4098 450 4180 Quod
479 4128 539 4167 non
568 4105 652 4181 dieo,
677 4095 717 4162 τό
746 4097 896 4184 ποιητικόν
927 4098 1077 4182 ἀτιμάζων
1103 4096 1202 4181 γένος,
1228 4099 1300 4164 ἄλλά

107 4328 135 4392 1)
159 4330 216 4381 Tim.
236 4330 273 4382 19.
292 4331 321 4385 B.
