2796 5048
712 248 772 309 350

121 422 213 498 genie
231 416 272 474 ed
289 435 339 472 ree
360 412 564 483 ordinandas,
584 413 634 469 aed
653 420 743 485 ee're,
764 402 904 484 aethere,
926 420 1033 509 aquis,
1056 374 1337 493 aleisque'hinttae
1381 412 1390 449 ί

121 522 243 593 ineptia.
247 537 261 570 a
290 510 319 591 l)

164 612 295 671 Perlecto
313 607 492 668 memorabili
515 606 568 665 hoc
588 604 744 669 Platonis'
736 629 768 665 ιι
787 606 941 668 Phaedone
959 608 1041 683 loco,
1071 609 1227 671 existimet
1253 614 1347 673 lonast

122 708 246 791 aliquis,
268 706 346 787 quod
366 709 552 783 Anaxagoras
571 672 806 787 philh'ihphando
820 706 963 788 spectavit
986 726 1040 767 nec
1064 708 1217 813 pergerit,
1245 709 1278 769 id
1299 732 1350 792 per·

121 820 233 869 secutos
251 804 359 865 deinde
388 803 532 877 Socratem
561 822 592 859 ac
624 800 774 861 Platonem
802 804 911 879 fuisse,
939 798 1129 867 Aristotelem¹
1147 828 1223 867 vero
1239 806 1352 885 denen,

124 903 320 986 metaphysica
338 899 497 973 tr,adenda
517 899 681 979 perfecisse.
730 901 768 960 Et
785 923 853 961 sane
871 902 949 962 idem
966 903 1016 962 hic
1025 904 1144 982 ,quod
1154 904 1257 981 illi,'
1247 928 1281 966 ιι
1296 910 1355 967 hm

122 1025 227 1086 tagora
258 998 465 1083 reprehendit,
496 1011 528 1056 ut
554 1018 591 1055 ex
620 999 711 1079 ipsius
738 1000 882 1059 sententia
911 1000 998 1061 modo
1023 1001 1144 1083 prolata
1178 1018 1272 1087 patet.
1308 1007 1357 1081 Qu
1388 1004 1390 1023 '

121 1107 228 1165 factum
246 1101 385 1181 opinione
407 1110 468 1172 est,
491 1109 540 1171 ut,
562 1097 586 1155 si
606 1097 703 1155 minus
722 1094 872 1174 Socrates,
904 1099 985 1158 Plato
1015 1114 1095 1160 certe
1127 1104 1217 1163 omni
1243 1124 1313 1165 aevo
1335 1106 1358 1163 iu
1388 1112 1390 1119 '

47 1256 51 1265 ,
124 1197 329 1281 metaphysicis
348 1193 529 1275 philosophis
546 1193 664 1253 habitus
680 1196 727 1254 sit.
769 1196 827 1254 Nos
846 1196 954 1276 igitur,
975 1211 1007 1256 ut
1026 1218 1089 1265 rem
1109 1214 1199 1261 recte
1217 1200 1359 1281 aliquando

120 1298 317 1377 dijudicemus
323 1292 439 1371 ,qualis
457 1292 512 1351 illa
531 1291 650 1351 tandem
659 1293 822 1353 Aristotelis
842 1294 1039 1376 metaphysica
1058 1296 1108 1373 sit,
1130 1299 1287 1381 exipsius
1301 1299 1360 1360 eeti-

120 1399 178 1479 ptis
198 1392 391 1476 exploremus.

396 1587 452 1647 De
482 1589 777 1667 metaphysica
806 1588 1119 1653 Aristoteliast'?

162 1793 284 1853 Perfecit
312 1784 497 1858 Aristoteles,
538 1805 598 1843 non
624 1784 704 1862 quod
736 1786 932 1865 spectaverint
960 1807 993 1846 ac
1028 1791 1175 1869 persequi
1207 1656 1376 1949 attelae&

122 1892 253 1952 Socrates
269 1909 301 1946 ac
322 1886 423 1959 Plato,
444 1880 496 1943 aed
514 1880 592 1940 illud
613 1881 745 1957 scilicet,
766 1883 845 1961 quod
865 1886 1049 1965 Anaxagoras
1073 1886 1295 1965 inchoaverat,
1322 1892 1331 1951 i
1385 1938 1390 1969 ,

123 2011 189 2049 vero
207 1986 451 2068 improbaverant.
493 1980 587 2053 Quam
607 1978 691 2038 nobis
709 1979 885 2061 descriptam
905 1983 1024 2063 reliquit
1045 1982 1261 2048 doctrinarum
1288 1990 1358 2072 prin·
1388 1998 1390 2031 i

121 2091 234 2170 eipem,
256 2086 455 2161 investigatio
471 2098 650 2136 eeusmrum
665 2081 731 2151 ιιι,
752 2083 859 2156 quibua
877 2090 908 2138 et
914 2084 1009 2156 secte
1028 2091 1096 2142 tint
1113 2094 1228 2145 mnia
1245 2038 1390 2283 aa*

118 2195 275 2265 perpetue.
317 2177 452 2259 Simplici
472 2195 525 2234 nos
544 2174 616 2233 illuc
636 2190 664 2234 et
685 2177 774 2235 ferme
800 2176 927 2237 dixerim
955 2178 1101 2241 Socratici
1126 2186 1252 2245 ratione
1280 2186 1301 2247 d

120 2288 228 2345 Omnes
246 2279 397 2349 homines,
418 2276 460 2333 ait
470 2291 590 2352 ,φνσει
609 2266 762 2353 debonat
793 2274 850 2337 seii
879 2271 1002 2353 εἰδέναι,
1040 2288 1167 2341 autera
1208 2296 1302 2345 eunt
1322 2306 1356 2343 ee

118 2400 280 2463 ganam:
310 2373 414 2453 quod
406 2396 439 2432 tn
457 2372 551 2433 brutis
578 2373 650 2434 adeo
672 2376 875 2437 animantibus
893 2392 982 2459 patet.
1024 2379 1173 2443 Sensibus
1198 2383 1240 2445 ad
1267 2402 1355 2465 cogar

121 2477 263 2539 scendum
283 2478 423 2531 utuntur.
445 2485 534 2532 avent
561 2472 715 2553 dege-usam
735 2470 869 2554 aliquid,
896 2476 1162 2555 sunamidem:
1189 2482 1258 2543 visu
1274 2494 1355 2543 aute!

112 2592 155 2651 ιιι
162 2574 276 2667 valent
293 2572 436 2645 maxime,
458 2571 499 2629 ita
518 2572 642 2631 manime
660 2572 855 2634 oblectantur.
897 2574 956 2635 Sed
983 2576 1068 2637 horno
1085 2576 1133 2638 his
1156 2568 1354 2660 praestat'ne-

120 2648 230 2737 mill:
252 2670 331 2730 unde
332 2670 549 2788 experientia:
570 2672 745 2750 praestatio
765 2673 868 2752 primis
884 2694 951 2733 cum
950 2686 1053 2755 erte,
1067 2674 1146 2755 quite
1166 2678 1354 2761 experiente

119 2772 216 2856 proles
233 2785 292 2830 est:
318 2762 339 2849 ἡ
362 2765 419 2846 μὲν
439 2762 497 2889 peip
520 2765 657 2849 ἐμπειρία
678 2764 802 2851 τέ’χνην.
808 2767 961 2853 ἐποίησιν,
1006 2787 1039 2834 ιι
1075 2787 1158 2834 recte
1189 2776 1353 2857 pronunciat

119 2874 222 2947 Polus,
243 2894 263 2951 η
256 2863 431 2951 '‘ddnaeola
452 2863 565 2953 τύχην·
595 2883 656 2931 turn
686 2873 790 2947 etiam,
821 2887 850 2935 et
870 2875 1000 2933 maxime
1026 2871 1173 2951 quidem,
1201 2884 1352 2945 ιιιιιιιιιιι

117 2978 268 3031 scientie:
287 2972 364 3032 idem
381 2994 450 3071 verp
469 2974 504 3032 in
523 2970 603 3033 omni
631 2918 825 3049 cognosceridi
856 2972 953 3032 studio
972 2970 1006 3030 id
1024 2970 1156 3057 exquirit
1175 2974 1351 3053 praeserere,

119 3068 199 3129 unde
217 3090 263 3129 res
284 3072 450 3168 exstiterint
468 3054 618 3149 singulae,
640 3070 701 3128 sive
711 3112 721 3143 ,
742 3089 816 3147 quae
835 3090 968 3145 caussae,
991 3089 1063 3148 quae
1081 3069 1243 3152 principia
1270 3090 1350 3131 ιιιιιιι

117 3169 186 3227 sint.
228 3169 290 3227 Hac
311 3154 406 3229 iiitem
429 3170 460 3227 in
479 3190 509 3226 re
527 3166 708 3248 potissimum
734 3168 818 3227 homo
830 3166 950 3227 homini
978 3178 1115 3248 praestat.
1160 3169 1282 3281 Peperit
1304 3168 1350 3227 sei·

117 3266 187 3324 licet
207 3266 361 3327 admiratio
380 3264 613 3346 philosophiam,
633 3258 819 3345 philosophia
840 3278 936 3325 autem
953 3264 1061 3340 efficit,
1093 3278 1128 3326 ιι
1156 3268 1265 3329 mirari
1289 3264 1349 3341 dt}

117 3384 237 3423 namus:
258 3364 337 3444 quod
356 3385 521 3439 caussarum
540 3364 678 3433 scientiae
698 3361 853 3425 debemus..
865 3362 897 3442 2)
911 3370 915 3375 '
928 3365 991 3423 Hac
1011 3385 1063 3423 nos
1083 3363 1172 3423 facili
1193 3386 1242 3427 aa

115 3482 168 3521 cua
187 3464 299 3523 ratione
318 3463 505 3533 Aristoteles,
536 3463 620 3540 cujus
645 3461 775 3521 nativam
800 3461 1015 3543 simplicitatem
1040 3461 1154 3521 Socrati
1183 3484 1221 3523 ac
1248 3461 1357 3549 Platoni.

114 3559 235 3637 debuit,
256 3561 294 3620 ad
314 3563 450 3621 sublimia
472 3561 573 3620 illaet
545 3575 702 3620 etsutnma
720 3558 862 3634 adducit,
882 3580 956 3640 quae
973 3558 1178 3640 cognoscenda
1210 3576 1282 3623 eost·
1295 3542 1346 3642 phi·

114 3657 235 3738 losepho
252 3662 369 3736 statuit,
392 3676 424 3720 ut
444 3661 522 3721 idem
541 3650 849 3741 dicieotpegpossit,
871 3659 892 3719 i.
914 3679 938 3718 e.
962 3657 1115 3716 adrerum
1135 3654 1346 3735 omniun,tan

114 3753 283 3817 divinarum
302 3778 390 3837 quam
414 3760 605 3820 humanarum
626 3753 680 3832 τάς
706 3748 806 3837 siagrio
825 3754 876 3817 καὶ
897 3748 952 3829 τοὶς
972 3752 1068 3828 αἰτίας
1089 3748 1265 3833 mordeat
1289 3775 1344 3837 prr-

114 3855 230 3929 veniat,
262 3856 408 3935 equibus
436 3859 492 3917 sibi
522 3880 567 3919 ιιι
595 3862 671 3941 ipsas
698 3859 828 3939 singulas
855 3858 1025 3938 singulatim
1045 3847 1209 3937 explicet.
1251 3858 1343 3917 Vetuit
1388 3844 1390 3851 ¹

112 3951 250 4033 princeps
270 3953 339 4013 haec
361 3954 493 4014 doctrina
512 3957 607 4034 qualis
628 3956 746 4018 tandem
766 3959 831 4016 est?
862 3956 941 4015 unde
966 3956 999 4013 in
1036 3956 1139 4036 primis
1168 3955 1251 4017 hanc
1276 3972 1342 4037 prate

145 4257 169 4322 ll
188 4262 281 4313 Placeat.
301 4263 342 4315 98.
363 4265 391 4314 B.
412 4264 440 4316 G.
460 4265 538 4316 Duxit
551 4267 612 4317 inde
630 4269 790 4318 verbotenus
813 4285 858 4319 sua
880 4267 1023 4318 decadem
1048 4284 1076 4318 re
1094 4269 1258 4337 Aristoteles
1275 4270 1337 4321 loco.

111 4361 185 4411 quem
208 4349 286 4399 modo
306 4349 501 4415 descripsimus.

144 4430 169 4493 2)
189 4434 267 4483 Arist.
288 4436 393 4501 Meropis.
415 4435 433 4485 l.
454 4438 507 4486 init.
