2796 5048
56 107 129 178 οἷόν
159 135 190 177 τε
216 103 429 196 ἀκριβέστατα,
450 114 480 196 l)
500 103 581 174 ciros
603 107 645 195 dn*
665 110 716 175 nat
735 108 775 174 tri
795 107 908 175 ἐνθάδε
929 105 1045 194 νόμιμα
1063 113 1212 181 καλοῖντο
1234 106 1303 203 nipe

55 216 114 281 atui
136 213 259 278 δικαίων
278 212 327 275 καὶ
347 208 475 295 ripaticis
493 211 644 276 τίθεσθαί
662 236 709 288 τι,
732 209 786 277 dciv
806 210 864 300 δέῃ
884 213 1043 291 τίθεσθαι,
1064 216 1114 279 καὶ
1134 214 1173 280 toi
1186 218 1303 300 κείμενα

57 312 264 403 φαλᾶπαπες
286 310 391 390 σώζειν
397 341 407 391 ,·
420 354 459 364 -
475 311 522 378 Oti
542 312 587 395 μοὶ
603 311 657 378 τόν
671 314 748 393 Διά,
765 311 801 377 od
814 312 890 379 nolti
910 339 938 378 τι
954 313 1101 402 διαφέρει·
1122 324 1303 381 videnturne

57 425 125 482 titt
154 443 172 478 α
201 428 294 479 coecis
320 419 468 497 defferre,
489 427 543 497 qni
561 426 730 501 cognitione
749 427 817 496 ejus
825 465 833 495 ,
855 422 931 498 quod
959 431 1020 480 est
1044 444 1079 480 re
1105 443 1194 495 vere,
1214 422 1303 479 desti·

58 529 132 579 eutr·
141 565 151 595 ,
181 520 358 595 nullumque
396 525 430 574 in
464 523 564 575 anime
599 519 719 583 elacrem
747 520 888 576 habentes
915 528 981 577 veri
1011 522 1178 597 exemplar,
1210 540 1303 597 neque

52 627 211 697 possunt,
242 625 278 674 ut
301 622 448 693 pictores,
469 617 509 673 od
526 616 607 673 illud
627 617 704 694 quod
721 625 913 674 oere'ssimum
933 628 978 676 est
994 625 1204 695 respicientes,
1225 620 1303 692 reffe-

58 727 226 793 renteeque
254 735 284 771 ee
310 713 386 769 illuc
420 733 553 790 semper,
587 715 677 792 idque
704 722 943 773 accuratissime·
973 717 1227 796 contemplanter,
1256 722 1304 772 ita

59 816 187 873 &mum
216 813 296 891 leges
322 810 371 868 tto
393 813 488 885 ferre
515 812 549 868 de
572 813 713 888 pulcris,
737 819 858 888 justis,
879 815 978 889 donis,
1000 820 1027 873 α’
1039 817 1132 889 serre
1151 822 1304 891 oporteat,

60 922 98 972 et
123 913 206 968 lates
231 908 389 966 vindicare
415 929 450 966 ue
479 908 627 966 semare?
644 948 680 958 -
709 909 777 967 Non
807 911 910 992 longe,
938 933 995 988 per
1020 911 1142 986 Jooem,
1172 933 1191 969 α
1210 914 1303 969 coecis

60 1008 231 1088 afferunt.
251 1003 284 1085 2)
333 1007 460 1079 Contra,
491 1006 542 1084 qui
572 1006 668 1065 ideam
696 1008 769 1085 justi
801 1008 892 1088 ipsam
921 1010 1123 1084 intuerentur,
1155 1006 1301 1087 indeque,

60 1108 212 1191 pictorum
241 1105 351 1178 instar,
380 1104 413 1162 in
442 1103 608 1178 civitatem,
638 1117 776 1183 tanquam
801 1105 834 1163 in
859 1104 1006 1181 tabulam,
1029 1106 1124 1186 legum
1153 1103 1304 1185 descripti·

60 1224 153 1265 onem
183 1201 341 1275 ducerent,
369 1200 422 1260 hos
448 1213 477 1259 et
504 1198 693 1282 philosophos
723 1203 914 1283 politicosque
942 1224 1091 1285 germanos
1118 1216 1147 1261 et
1172 1209 1304 1281 pictores

60 1301 190 1365 vocabat
209 1299 254 1384 τῷ
271 1295 348 1383 θείῳ
372 1296 590 1379 παραδείγματι
609 1295 798 1381 χρωμένους,
821 1312 874 1382 qui
894 1305 995 1361 divino
1019 1312 1184 1360 uterentur
1203 1323 1304 1360 erent-

56 1402 123 1481 ple.
140 1397 173 1481 3)
212 1400 250 1460 Et
277 1399 348 1459 hinc
368 1398 505 1478 quidem,
526 1401 599 1479 quid
619 1401 856 1475 deartificibus,
877 1399 913 1459 de
933 1401 1043 1481 poetis,
1065 1399 1301 1473 decretoribus,

61 1498 105 1558 de
123 1496 256 1577 politicis
275 1497 346 1557 viris
366 1497 577 1559 existimaverit
597 1499 692 1575 Plato,
714 1501 898 1581 perspicuum
914 1497 956 1557 fit.
998 1496 1103 1557 Videri
1119 1498 1209 1577 possit
1226 1497 1302 1576 ipsas

61 1595 119 1655 lras
146 1609 221 1654 artes
247 1595 321 1653 male
346 1594 502 1670 habuisse,
531 1597 640 1677 quippe
668 1599 719 1676 qui
749 1598 781 1655 in
809 1596 957 1676 principes
982 1614 1080 1653 earum
1100 1607 1247 1668 auctores,
1267 1595 1301 1653 in

61 1695 225 1752 Homerum
253 1691 326 1751 adeo
353 1705 382 1750 et
407 1692 548 1752 Periclem
575 1695 709 1755 invectus
739 1707 790 1754 est.
830 1693 869 1752 Et
897 1713 966 1750 sane
996 1714 1057 1751 non
1075 1713 1120 1751 res
1139 1690 1228 1764 illos,
1248 1690 1301 1751 sed

61 1790 240 1865 simulacra,
268 1791 327 1849 ime
350 1810 411 1849 non
438 1791 497 1850 nisi
525 1791 640 1851 umbras
668 1790 885 1851 simulacrorum
912 1789 1081 1849 hominibus
1099 1789 1301 1870 proposuisse,

62 1890 101 1948 in
127 1887 284 1969 speluncae
313 1886 508 1967 descriptione
540 1889 727 1968 significavit.
768 1892 806 1949 lt
832 1909 900 1950 vero
911 1934 920 1963 ,
952 1900 985 1946 ut
1009 1887 1137 1946 diximus
1165 1899 1252 1961 ante,
1271 1898 1302 1945 et

62 2005 148 2045 nunc
174 1984 260 2044 nobis
286 1985 393 2065 optime
413 2004 450 2042 ex
470 1984 524 2043 hac
545 1984 676 2045 idearum
694 1986 827 2046 doctrina
844 2000 941 2068 patet,
963 2007 1024 2045 non
1043 1998 1117 2045 artes
1133 1984 1234 2063 rejecit
1251 1994 1302 2043 aut
1330 2004 1373 2079 0

61 2083 174 2143 artium
199 2094 345 2156 auctores,
376 2080 427 2139 sed
456 2102 590 2161 perversa
615 2104 712 2143 earum
741 2082 845 2143 studia.
888 2084 939 2143 Uti
965 2082 1151 2165 philosophos
1166 2080 1302 2142 laudavit

62 2179 135 2240 illos
160 2180 264 2254 unice,
284 2180 335 2257 qui
363 2175 420 2259 τῆς
438 2169 584 2260 οἷληθαάζ
607 2194 702 2240 essent
720 2175 952 2260 φιλοθεάμονες,
972 2183 1014 2241 ita
1034 2180 1214 2256 artificibus,
1233 2184 1301 2260 pei·

62 2278 123 2352 tis,
154 2278 275 2336 caeteris
300 2279 454 2355 omnibus,
483 2281 533 2359 qui
562 2279 678 2359 aliquid
706 2280 893 2342 informando
920 2282 954 2341 in
981 2280 1075 2339 lucem
1094 2276 1302 2358 proferebant,

62 2375 176 2456 pariter
204 2377 409 2456 praescripsit,
439 2391 471 2437 ut
500 2379 651 2438 veritatem
669 2392 831 2457 spectarent
849 2380 883 2439 in
901 2376 1039 2471 offiqibus
1057 2372 1246 2448 excolendis,
1265 2372 1301 2433 id

62 2471 147 2551 quod
174 2494 244 2531 vere
270 2487 341 2533 esset
370 2474 524 2555 pulcrum,
554 2474 683 2550 bonum,
709 2476 839 2553 justum,
865 2480 999 2537 sanctum
1012 2488 1074 2535 arte
1093 2472 1303 2555 exprimerent.

10 2592 20 2609 ·
62 2571 129 2629 Hos
157 2570 209 2629 ille
238 2592 298 2630 non
322 2573 438 2649 minus,
459 2593 545 2651 quam
564 2592 715 2661 germapee
734 2572 1101 2655 philosophiae'amantes,
1121 2568 1226 2630 mundi
1244 2566 1306 2629 ad-

63 2666 236 2749 spectabilis
264 2682 348 2728 antro
376 2671 473 2751 egredi
496 2671 602 2749 jussit,
628 2682 661 2730 ut
688 2671 821 2752 exempla
844 2692 940 2730 rerum
960 2670 1087 2751 perfecta
1104 2682 1133 2727 et
1150 2666 1254 2727 intuiti
1272 2678 1305 2725 et

62 2765 188 2839 imitati,
220 2786 287 2826 tere
314 2768 448 2847 prodesse
477 2770 575 2849 generi
595 2768 747 2827 homiuum
766 2782 892 2848 possent.
934 2770 1012 2828 Haec
1031 2765 1144 2826 scilieet
1165 2786 1240 2826 nova
1260 2778 1305 2824 est

62 2862 198 2922 illatam
217 2864 340 2939 artium,
360 2886 447 2944 quam
461 2864 685 2947 disciplinarum
713 2867 861 2947 ipsiusque
880 2865 1082 2949 philosophiae
1101 2864 1193 2939 ratio,
1216 2883 1303 2941 quam

62 2960 151 3021 Plato
170 2961 383 3022 commendavit
403 2964 499 3023 unice.

106 3060 173 3133 Quo
204 3059 366 3119 referantur
390 3062 570 3142 potissimum
599 3060 679 3144 apud
707 3063 857 3122 Platonem
883 3062 985 3137 ideae,
1004 3061 1075 3121 hinc
1099 3060 1168 3118 licet
1192 3056 1306 3116 intelli·

62 3176 150 3239 gere,
179 3152 232 3215 sed
258 3157 457 3219 confuderunt
483 3182 529 3220 eas
557 3161 645 3219 multi
663 3181 730 3219 cum
747 3164 867 3220 incurii
886 3162 964 3218 ideis
980 3159 1228 3219 Cartesianorum:
1250 3151 1302 3211 alii

10 3248 129 3373 huon
154 3254 224 3313 satis
252 3275 269 3312 a
295 3254 400 3315 Kantii
424 3256 499 3317 ideis
525 3256 688 3321 Platonicae
716 3256 936 3331 distinxerunt,
967 3255 1046 3314 unde
1070 3254 1124 3312 hae
1144 3251 1305 3310 recentiore

49 3344 161 3509 'inite
177 3348 381 3411 obscuritatem
399 3368 616 3415 contraxerunt.
643 3354 724 3427 Quae
738 3354 856 3433 quidem
876 3353 1043 3433 principum
1063 3348 1305 3431 philosophorum

10 3464 37 3533 „²
86 3447 218 3507 cuninae
243 3448 330 3508 nobis
354 3449 409 3508 hoc
438 3450 503 3512 loeo
529 3472 583 3511 nee
611 3438 804 3532 eiplicandae
829 3471 884 3510 nec
912 3470 981 3510 vero
1000 3445 1205 3527 dijudicandae
1224 3459 1307 3507 sunt,

10 3598 14 3633 μ
55 3542 270 3619 ,Veruntamen
295 3547 387 3631 ipsius
411 3548 540 3608 Platonis
565 3548 682 3625 caused,
708 3569 822 3627 quoque
839 3548 1001 3606 accuratius
1022 3546 1245 3623 distinctiusque
1266 3543 1304 3602 de

65 3644 130 3721 ejus
146 3641 221 3702 ideis
232 3643 414 3722 judicemus,
434 3644 515 3731 haud
534 3660 638 3705 temere
655 3668 709 3706 nos
729 3660 841 3707 acturus
859 3659 1009 3727 putamus,
1031 3647 1055 3705 si
1073 3663 1220 3704 secernere
1235 3640 1303 3701 data

100 3847 128 3914 ¹)
146 3850 214 3902 flacc
231 3852 309 3918 plane
330 3854 461 3920 expressit
480 3851 570 3905 Cicero
589 3854 638 3919 iis,
662 3868 730 3923 quae
752 3855 832 3908 modo
853 3854 1050 3920 adscripsimus:
1076 3853 1155 3920 ipone
1175 3851 1204 3901 ia
1224 3859 1308 3901 mente

65 3934 190 3986 muas
206 3938 348 4003 pecta.-

101 4015 128 4081 a)
147 4008 259 4089 Deitep.
276 4021 320 4073 Vl.
336 4020 396 4075 184.
415 4021 445 4077 G.
463 4022 494 4074 D.

101 4099 129 4165 at
146 4087 209 4156 ae
227 4105 287 4157 soe.
304 4105 336 4157 n.
