2796 5048
640 152 694 250 ιε’

50 354 214 417 nanterum
235 353 334 432 generi
357 372 386 413 sc
407 349 573 424 addiceret,
595 371 655 410 non
679 349 856 431 reperiebat:
875 349 926 411 sed
948 365 1090 412 mantem
1111 349 1165 413 dio
1184 367 1214 414 et
1238 374 1275 414 eu

52 471 120 531 aliis
143 470 178 529 in
205 467 264 527 alia
292 468 588 546 incentoromnium,
612 470 694 526 eocel
720 464 817 526 subito
829 466 923 547 ipsum
940 468 1019 548 capit
1031 468 1064 527 in
1083 465 1277 548 Xenophonte

51 554 174 666 legendo
191 583 291 643 nescio
305 582 378 662 quid
393 581 561 642 suavitatis:
590 581 669 659 quod
687 582 749 662 ipse
772 580 845 641 mihi
862 602 945 664 saepe
964 583 1223 661 maritumam,
1247 598 1276 646 et

51 697 170 781 publice
187 697 273 757 etiam
292 697 414 779 scripsit
442 698 536 776 Atque
553 696 631 757 idem
648 693 726 756 illud
740 703 838 755 mucio
854 696 928 774 qnid
945 703 1127 774 secedatis,
1146 699 1224 780 quod
1242 700 1276 759 in
1331 774 1334 781 Ι

52 812 246 894 Xenophonte
265 833 330 871 eum
347 792 482 886 tenebat,
501 824 534 870 ut
550 824 633 870 antea
651 810 860 870 Ruhnkenium
869 856 877 885 ‚
898 812 938 871 ita
955 832 1035 871 nono
1053 813 1149 894 ipsum
1165 817 1277 877 excita·

51 929 116 1002 vit,
135 941 168 987 ut
184 927 290 1008 legeret
308 926 444 1007 deinceps
462 924 610 985 Platonem
622 939 650 985 et
664 946 783 1002 omnes,
799 927 832 984 in
850 923 955 1004 quihus
970 924 1277 1008 Xenophonteaines·

51 1056 96 1103 set
115 1042 251 1104 suauitas.
281 1040 338 1101 Sed
357 1062 410 1101 nec
430 1061 510 1100 orsus
525 1053 585 1114 est,
604 1054 636 1100 ut
649 1040 700 1100 ille
709 1085 718 1116 ,
736 1062 753 1100 a
771 1040 862 1122 poetis
871 1083 880 1114 ,
897 1054 933 1100 et>
944 1039 1137 1122 Xenophonte
1153 1043 1277 1125 legendo

52 1157 195 1232 interius,
214 1177 301 1236 quam
316 1154 367 1214 ille
377 1199 386 1229 ,
404 1154 438 1214 in
457 1152 669 1237 philosophiam
687 1155 860 1236 penetravit.

95 1270 185 1341 Herod
207 1284 351 1333 aversatus
379 1283 420 1330 est
450 1274 548 1350 poetas
574 1269 836 1350 Wyttenbachius,
859 1281 891 1328 ut
915 1269 1034 1329 fuerunt
1057 1271 1107 1350 qui
1136 1271 1277 1336 dicerent.

53 1387 137 1466 Legit
155 1386 289 1465 antiquos
311 1404 426 1458 omnes,
446 1397 479 1444 ut
507 1385 613 1444 fecerat
638 1384 850 1444 Ruhnkenius:
871 1382 965 1464 legit?
995 1385 1052 1444 imo
1070 1386 1173 1447 intimo
1191 1407 1277 1448 sensu

54 1500 186 1582 percepit
213 1501 333 1580 optimos
359 1519 504 1578 quosque,
533 1499 621 1558 utin
640 1497 773 1579 seriptis,
803 1499 834 1557 in
864 1496 970 1558 scholis
997 1499 1141 1580 publicis,
1170 1503 1203 1562 in
1230 1503 1278 1563 lh-

55 1614 165 1675 miliari
188 1614 266 1674 vitae
292 1612 499 1672 consuetudine
516 1612 688 1695 pulcerrima
714 1633 844 1692 quaeque
870 1627 900 1673 et
926 1612 1062 1674 sublimia
1089 1615 1151 1676 loca
1177 1631 1279 1698 sponte

55 1729 224 1791 adducam
244 1729 280 1789 Iu
299 1727 397 1787 schola
420 1727 577 1806 aliquando
587 1771 597 1802 ,
624 1727 673 1786 cui
690 1727 863 1802 intereram,
875 1728 917 1788 sie
935 1728 1074 1789 recitabat
1090 1744 1120 1790 et
1135 1732 1168 1791 in
1192 1804 1195 1809 Ι

57 1845 144 1906 tabor
163 1843 277 1903 Horatii
291 1841 384 1903 illud:
404 1828 579 1901 Pindut'ssbm
592 1850 728 1922 quiaquia
742 1844 843 1900 imeae
861 1845 1014 1902 umbre
1029 1878 1064 1890 -
1080 1855 1114 1905 nt'
1129 1710 1283 1939 φήῃ

57 1973 130 2020 esset
143 1963 247 2040 poeta,
265 1957 345 2018 haud
363 1956 516 2019 sublimius
533 1956 653 2017 Pindari
671 1955 875 2016 sublimitatem
890 1957 1049 2038 exprimere
1067 1961 1214 2039 potuisset
1243 1963 1281 2023 Et
1377 1928 1383 1934 ¹

59 2073 222 2156 legentibus
240 2072 325 2133 nobis
342 2073 399 2134 viri
417 2073 542 2153 scripta,
561 2072 594 2131 in
612 2071 726 2152 primis,
745 2089 833 2150 quom
844 2090 928 2152 saepe
939 2071 1000 2149 jam
1017 2070 1138 2136 laudari
1147 2118 1158 2151 ‚
1186 2084 1284 2137 mean

59 2190 258 2262 Ruhnkanii,
286 2188 347 2268 ipse
374 2201 492 2261 tumor,-
516 2187 647 2266 quamvis
664 2185 747 2268 proed
774 2182 920 2260 sembens,
950 2185 1076 2247 subinde
1101 2189 1284 2253 Pindaricum

59 2327 121 2365 non
138 2303 298 2377 aemulari,
320 2300 372 2360 sed
395 2301 471 2361 ultro
493 2303 572 2380 ecqui
597 2298 803 2360 sublimitatem
826 2298 952 2360 videtur.
992 2299 1050 2360 Sed
1067 2302 1145 2381 quod
1165 2306 1286 2383 juvenis

59 2433 154 2501 egerat
174 2417 368 2480 lluhnltenius
377 2389 460 2495 ,lhoc
476 2436 623 2495 nunquam
638 2414 765 2476 instituit
782 2413 1044 2494 wyttenbachius,
1058 2430 1091 2476 ut
1103 2428 1209 2496 pot'toa
1227 2420 1284 2481 sihi

59 2534 241 2617 potissimum
258 2531 488 2612 interpretandos
501 2544 624 2590 sumeret
638 2543 667 2598 ct
684 2526 896 2601 emendandos,
909 2529 1005 2588 m'mus
1019 2533 1103 2592 ctiam
1120 2548 1152 2593 ut
1166 2535 1287 2595 Bentle-

57 2653 121 2728 jum
136 2648 314 2708 imitaretur:
342 2648 414 2715 Nam
432 2644 471 2705 ad
488 2644 699 2726 philosophiam
716 2662 781 2700 eum
799 2640 924 2701 ducebat
942 2656 1046 2704 natura
1055 2691 1064 2721 ,
1084 2668 1145 2706 non
1162 2648 1201 2709 ad
1220 2654 1286 2730 poe.

62 2767 119 2824 dn.
146 2764 246 2822 Inerat
263 2764 309 2837 ei,
332 2782 418 2841 quam
444 2760 525 2820 Plato
554 2772 655 2835 vocat,
685 2748 773 2839 φύσις
793 2747 970 2839 φιλόσοφος,
996 2761 1110 2821 indoles
1136 2765 1177 2822 od
1189 2764 1286 2842 phila-

63 2881 199 2958 sophiam
209 2923 218 2952 ,
227 2879 275 2937 cui
293 2877 510 2958 obtemperans,
528 2874 675 2956 degustata
685 2874 887 2957 Xenophontis
900 2877 1054 2950 suavitate,
1065 2896 1130 2936 mox
1140 2877 1288 2940 Platonem
1329 2956 1331 2961 Ι

63 2993 214 3076 amplexus
231 3006 273 3052 est
290 3005 318 3052 et
334 3013 391 3051 una
406 3012 470 3051 cum
479 2990 597 3051 Platone
606 2989 817 3072 philosophiam
835 3010 966 3050 omnem:
987 2989 1121 3070 idemque
1136 2992 1235 3053 eadem
1245 2995 1287 3055 la·

65 3109 176 3169 cilitate
190 3107 312 3186 logicam
337 3105 451 3186 scripsit
466 3125 502 3163 ex
517 3105 643 3184 antiquis
654 3104 786 3167 fontibus
804 3103 934 3181 ductam,
948 3126 1005 3185 qua
1021 3104 1129 3165 librum
1142 3128 1288 3167 commen-

65 3238 143 3285 tatus
159 3236 202 3281 est
220 3218 367 3280 Plutarchi
383 3221 418 3278 de
436 3240 504 3279 soro
523 3227 660 3278 numinis
671 3222 821 3278 sandeta.
842 3216 879 3279 Et
898 3240 980 3294 vero,
1000 3232 1032 3278 ut
1052 3241 1149 3283 versus
1163 3236 1288 3281 contem·

66 3336 174 3409 nebat,
195 3334 293 3394 saltem
312 3355 371 3393 non
390 3354 559 3415 magnopere
575 3332 770 3395 admirabatur
783 3338 943 3415 poetarum,
961 3333 1012 3411 qui
1028 3346 1141 3413 praeter
1159 3355 1288 3394 sonoram

67 3452 237 3536 suavitatem
256 3448 333 3509 nihil
350 3449 491 3509 haberent
501 3494 510 3524 ,
530 3470 586 3528 quo
608 3469 637 3508 se
655 3447 905 3524 commendarent,
926 3449 966 3508 ita
995 3453 1092 3529 poetas
1119 3469 1215 3510 omnes
1225 3496 1234 3528 ,
1254 3453 1288 3512 in

67 3564 177 3645 quibus
189 3585 265 3644 uera-
275 3565 380 3624 inesset
398 3563 559 3624 sublimitas
578 3577 607 3623 et
625 3564 670 3624 vis
692 3565 810 3623 omnino
828 3562 1027 3644 philosophiae
1056 3561 1216 3641 quaedam,
1236 3566 1290 3626 hos

68 3678 336 3752 sicadmirabatur,
353 3679 394 3738 sie
403 3677 645 3759 interpretabatur
658 3677 784 3752 cosdem,
801 3690 833 3736 ut
842 3679 928 3758 pauci
937 3724 946 3753 ,
956 3678 1087 3758 quamvis
1105 3679 1160 3759 ipsi
1180 3685 1288 3760 poetae.

67 3795 169 3874 Itaque
186 3793 219 3852 in
233 3792 307 3853 Odis
324 3792 508 3868 Horatianis,
530 3807 561 3853 ut
578 3793 639 3874 ipse
655 3812 700 3853 me
715 3813 809 3852 coram
823 3791 966 3852 fatebatur
980 3794 1104 3873 ingenue
1113 3838 1122 3869 ,
1143 3795 1290 3854 satisfece*

69 3923 116 3970 rat
134 3908 191 3968 sibi
210 3907 334 3968 subinde
353 3907 424 3968 locis
442 3907 624 3968 illustrandis
643 3928 679 3969 ex
700 3889 873 3967 Graecorum
891 3906 1048 3987 lyricorum
1066 3906 1242 3968 carminibus
1261 3922 1291 3968 et

70 4024 258 4118 stupentis,
278 4043 398 4105 quorum
418 4024 462 4084 vis
479 4022 606 4083 latuisset
624 4022 718 4083 adbuc
743 4022 921 4101 interpretes.
951 4022 1030 4096 Quae
1051 4035 1082 4080 ut
1099 4022 1292 4101 aliquandoe
1323 4030 1328 4037 “

70 4140 132 4203 riri
156 4156 245 4199 mano
268 4138 381 4218 seriptis
403 4139 435 4198 in
460 4136 554 4196 lucem
577 4124 718 4213 edantur}
745 4149 774 4196 et
793 4140 908 4216 poeseos
923 4149 956 4196 -et
978 4134 1118 4197 bonarum
1142 4137 1290 4199 literarum

70 4255 171 4317 caussa
189 4253 373 4316 vehementer
390 4252 527 4334 optamus.

112 4369 336 4451 Xenophontem
358 4365 552 4429 Ruhnkenius
575 4365 692 4444 ingenio
714 4342 872 4443 refer-etiam
894 4366 944 4426 sed
964 4336 1204 4445 Wyttenbabliius
1222 4368 1291 4429 Pla-

489 4704 533 4805 4
647 4710 649 4717 ,
