2796 5048
656 251 714 312 303

68 415 234 474 cohibere?
251 453 285 465 -
312 415 373 476 ait:
404 426 432 471 et
460 412 623 494 Xenophon
651 413 820 492 disjunctim
847 393 1025 473 considerata
1052 411 1089 473 ab
1115 413 1204 473 altera
1222 427 1302 496 parte

72 512 229 573 Persarum
246 510 386 594 perfidid,
406 511 443 570 ab
463 511 552 573 altera
571 498 621 571 sua
639 531 809 590 suorumque
829 510 1010 587 conditione,
1032 513 1303 594 conjungitutrarn-

65 628 149 688 que,
176 608 404 690 jungendoque,
433 610 491 669 imo
527 612 701 690 cogitando,
730 607 801 688 quid
835 608 892 668 sibi
929 609 1072 690 agendum
1101 611 1155 686 sit,
1185 613 1300 692 reperit.

65 704 146 787 Se'd,
178 707 417 788 quemadmodum
443 708 649 789 distinguendo
668 707 928 787 conjungendoque
946 707 985 768 ad
1000 730 1093 768 rerum
1108 709 1302 789 cognitionem

65 809 228 887 perveniat
255 807 358 882 homo,
388 805 549 867 dilucidius
576 807 661 866 etiam
680 827 695 864 e
714 805 923 886 Xenophontea
942 805 1041 866 eodem
1059 808 1192 889 inopere
1219 829 1298 867 exer·

69 902 149 967 nllus
178 906 286 966 Persici
309 905 493 967 adventantis
512 903 708 984 descriptione
725 892 813 985 patet.
855 905 980 964 Enarrat
998 926 1058 964 rem
1077 905 1241 986 Xenophon
1260 909 1299 967 ita

59 1010 111 1089 :ff
122 1004 180 1087 ipsi
202 1004 355 1086 apparuit,
377 1017 465 1082 utque
482 1003 543 1084 ipse
562 1017 590 1062 et
610 997 713 1062 Graeci
741 1003 889 1083 cerrt'pndo
901 1003 1109 1085 jungendoque
1127 991 1299 1096 effecerunt,

76 1104 198 1179 -ss'esse,
219 1104 270 1183 qui
287 1103 476 1177 adventaret,
496 1101 656 1161 exercitum
674 1092 840 1177 Persicum,
860 1115 888 1161 et
904 1103 999 1182 qualis
1019 1118 1098 1165 esset.
1139 1101 1205 1163 Kal
1237 1096 1298 1186 ἤδη

86 1210 113 1255 tt
128 1194 165 1284 'll'
185 1197 279 1282 μέσον
297 1195 426 1283 ἡμέρας,
448 1197 497 1261 καὶ
517 1192 600 1260 odam
621 1202 797 1278 καταφανεῖς
816 1191 893 1281 ἦσαν
918 1197 947 1261 oi
973 1196 1113 1280 πολέμιοι.
1144 1199 1243 1266 Ὴνίκα
1264 1203 1300 1267 δὲ

58 1292 157 1388 sltllq
189 1299 321 1386 ἐγένετο,
352 1297 448 1385 ἐφάνη
480 1297 646 1385 κονιορτός,
681 1294 781 1383 ὥσπερ
806 1297 912 1385 νεφέλη
938 1299 1026 1386 λευκή
1035 1351 1045 1380 ,
1071 1299 1175 1392 χρόνῳ
1202 1304 1239 1369 δέ
1263 1303 1299 1370 od

58 1402 76 1475 li
89 1408 177 1494 θυχνῷ
200 1400 336 1489 ὕστερον,
365 1398 463 1488 ὥσπερ
485 1403 607 1484 μελανία
627 1427 670 1478 τις
692 1403 723 1465 ἒν
744 1403 790 1491 τῷ
810 1403 904 1493 πεδίῳ
924 1401 1064 1468 ἕπιπολύ·
1085 1401 1133 1470 ὅτε
1156 1408 1191 1472 δὲ
1212 1405 1300 1493 Apyri-

58 1500 160 1589 (boor
186 1506 348 1591 ἐγίγνοντο,
376 1501 457 1589 τάχα
483 1504 523 1591 oq*
552 1507 601 1569 καὶ
625 1502 733 1588 χαλκός
754 1530 798 1583 τις
819 1502 981 1593 ἤστραπτε,
1004 1508 1053 1570 καὶ
1073 1507 1105 1572 αἱ
1124 1505 1230 1594 λόγχαι
1251 1513 1300 1576 καὶ

58 1600 109 1665 '⁶5
127 1605 225 1687 τᾶεις
249 1612 424 1692 καταφανεῖς
450 1608 607 1692 ἐγίγνοντο·
629 1608 678 1670 καὶ
697 1603 774 1692 ἦσαν
795 1607 891 1686 ἱππεῖς
909 1609 965 1691 μὲν
986 1635 1011 1674 κ.
1032 1636 1059 1674 τ.
1082 1616 1107 1675 λ.
1149 1617 1223 1678 Jam
1242 1641 1299 1678 me·

60 1712 171 1774 ’adies
203 1726 288 1790 erat,
308 1715 432 1772 necdum
449 1707 545 1773 homer
563 1715 756 1792 apparebant.
800 1714 913 1772 Varum
926 1717 1134 1794 pomeridiano
1151 1727 1279 1796 tempora
1290 1763 1299 1792 ,

58 1812 162 1870 ⁹000!
187 1815 294 1894 pulait
331 1814 454 1891 quidam
485 1820 570 1870 virus
598 1822 643 1870 ert
670 1813 805 1870 sublatur
835 1798 981 1892 tuaquom
1010 1816 1116 1874 nebula
1146 1817 1299 1892 albicans,

58 1922 170 1989 'tque
203 1922 251 1971 ito
284 1913 378 1971 multo
401 1921 471 1991 port
499 1911 623 1991 nigredo
650 1917 796 1989 apparuit
824 1914 968 1989 quaedam
995 1921 1030 1970 t'n
1059 1935 1178 1992 campo:
1208 1937 1300 1993 quum

58 2019 198 2089 *opius
224 2019 433 2085 accersissent,
464 2010 607 2089 extemplo
633 2017 663 2066 et
681 2030 731 2068 oea
741 2010 846 2083 fulcit
852 2054 861 2084 ,
878 2020 908 2067 et
926 2010 1030 2070 hortae
1049 2021 1079 2070 et
1095 2014 1214 2071 ordiner
1231 2036 1302 2072 con-

58 2112 300 2169 merebantur:
320 2120 350 2167 et
368 2116 482 2187 equites
501 2109 623 2186 quidam
641 2120 711 2167 caet.
736 2105 765 2187 l)
1230 2114 1234 2121 '

66 2206 195 2283 Quae
225 2207 380 2288 descriptio
407 2229 465 2266 una
496 2207 527 2265 in
558 2206 657 2287 paucis
678 2207 801 2286 optime,
822 2207 962 2285 quomodo
980 2228 1033 2290 per
1047 2207 1223 2290 analyticam
1241 2209 1302 2269 dia·

58 2307 209 2366 eticam
237 2305 382 2365 cernendo
408 2288 615 2385 jungendoque
643 2303 681 2363 ad
705 2325 805 2364 verum
833 2305 1054 2386 percipiendum
1081 2309 1301 2389 perveniamus,

58 2405 211 2465 ‚tendit
254 2405 333 2467 Nam¹
352 2402 511 2462 cernebant
537 2402 640 2462 Graeci
657 2401 704 2460 illi
723 2423 738 2459 a
758 2402 843 2461 rebus
864 2403 997 2464 omnibus
1014 2427 1086 2485 quae
1105 2407 1301 2487 apparebant,

58 2496 201 2562 'rimam
214 2548 217 2553 .
227 2504 382 2580 pulcarem
410 2504 580 2575 sublatum,
606 2500 656 2579 qui
676 2498 799 2559 nebulae
816 2501 969 2561 albicantis
988 2504 1079 2562 instar
1094 2519 1154 2563 erat
1163 2551 1172 2579 ,
1192 2505 1302 2565 deinde

58 2604 265 2679 tgrodtnem
284 2599 430 2680 quandam
449 2601 481 2658 in
500 2619 615 2679 campo,
636 2611 697 2657 tum
718 2619 785 2658 vero
806 2597 960 2678 derepente
969 2603 1128 2681 fulgorem
1142 2624 1299 2661 armorum:

58 2692 194 2765 indam
221 2697 356 2771 ordines,
386 2698 514 2777 equites,
543 2709 670 2754 caetera:
702 2695 808 2775 quibus
827 2696 960 2756 omnibus
979 2711 1007 2756 et
1025 2698 1147 2778 singulis
1168 2700 1301 2759 discretis

58 2812 83 2865 gt
121 2799 276 2859 universis
300 2797 429 2875 junctis,
459 2795 508 2871 id,
536 2795 613 2874 quod
642 2814 743 2855 verum
761 2808 838 2869 erat,
860 2793 1014 2856 adventare
1034 2798 1190 2856 exercitum
1210 2799 1300 2857 Persi·

62 2906 166 2970 eom,
197 2895 427 2975 assequebantur.
469 2893 579 2968 Quodsi
609 2913 668 2951 rem
696 2912 732 2950 ex
762 2893 884 2952 Homero
912 2907 940 2953 et
958 2895 1092 2975 tragicis,
1114 2897 1162 2976 qui
1183 2919 1241 2955 mos
1259 2909 1300 2955 est

68 2987 221 3069 Platonis,
241 2994 387 3052 illustrare
404 2982 555 3066 volumus,
576 2992 719 3049 Priamum
738 2991 817 3071 apud
834 2990 920 3050 illum
938 3012 1073 3072 senesque
1093 2976 1232 3072 Trojanos
1242 3041 1251 3070 ,
1269 2992 1303 3075 2)

80 3100 109 3153 el
128 3090 204 3172 apud
221 3092 392 3173 Euripidem
411 3094 444 3151 in
462 3090 625 3152 Phoenissis
644 3091 815 3169 Antigonam
829 3089 860 3172 3)
882 3090 1102 3152 consideremus.
1144 3092 1250 3152 Sedent
1268 3095 1301 3153 in

88 3170 228 3250 menibus
253 3186 357 3269 Trojae
383 3210 463 3250 senes
491 3188 553 3266 illi3
576 3188 745 3248 conscendit
763 3190 907 3269 Antigone
925 3211 990 3248 cum
1007 3189 1168 3271 paedagogo
1189 3191 1301 3251 Theba·

58 3360 61 3365 .
94 3302 146 3347 rum
171 3288 332 3370 speculam:
362 3287 441 3348 unde
467 3308 598 3368 campum
617 3287 865 3364 circumjacentem
882 3289 1072 3370 prospiciunt.
1113 3289 1219 3350 Ubivis
1237 3290 1300 3349 illic

58 3426 65 3475 -Ι
96 3382 152 3462 ipsis
173 3389 311 3447 continuo
334 3388 410 3462 viri,
441 3407 534 3460 arma,
564 3406 681 3459 currus,
704 3386 788 3464 equi,
809 3388 950 3462 tentoria,
972 3387 1022 3446 sed
1042 3389 1213 3462 commixta,
1234 3409 1299 3446 con·

95 3480 161 3560 fusa,
188 3487 299 3544 incerta
327 3500 484 3567 apparent:
520 3477 695 3564 ἀστράπτειν
734 3497 811 3543 totus
836 3505 952 3567 campus
980 3505 1121 3544 armorum
1148 3485 1300 3564 splendore

91 3585 238 3665 Antigonae
267 3581 393 3643 videtur.
445 3586 554 3661 Quodsi
590 3586 770 3663 quaerimus,
801 3582 1058 3663 quemadmodum,
1090 3603 1162 3661 quae
1191 3584 1300 3645 incerta

88 3683 119 3742 iis
144 3682 235 3763 specie
265 3697 461 3764 apparuerunt
489 3685 593 3759 initio,
623 3683 754 3764 cognosci
784 3681 820 3740 ab
847 3679 949 3739 iisdem
968 3678 1074 3739 deinde
1091 3696 1221 3741 accurate
1238 3704 1300 3743 coe·

83 3780 194 3863 perint5
227 3779 358 3854 scilicet,
388 3794 420 3838 ut
446 3782 525 3863 apud
545 3783 620 3863 ipsos
648 3781 740 3861 legere
770 3784 866 3862 poetas
891 3792 950 3854 est,
971 3778 1162 3841 discernendo
1181 3785 1297 3860 cojun-

81 3879 228 3963 gendoque
254 3894 459 3960 pervenerunt.
501 3883 563 3955 Quo
591 3883 679 3962 magis
708 3902 724 3939 a
752 3879 869 3937 caeteris
894 3877 955 3936 istis
974 3877 1059 3937 rebus
1075 3876 1297 3958 hominibusque

79 3978 222 4039 universis
248 3998 326 4036 nunc
354 3977 432 4038 hunc
452 3979 566 4039 heroiim
587 3977 790 4038 discernebant
810 3975 983 4056 diligenter,
1004 3998 1082 4036 nunc
1103 3977 1209 4051 alium,
1231 3998 1297 4034 con-

79 4076 288 4159 serebantque,
319 4096 390 4155 quae
408 4076 561 4151 videbant,
583 4091 611 4136 et
630 4078 754 4137 invicem
775 4089 802 4135 et
822 4096 886 4133 oum
906 4075 942 4134 iis
953 4122 961 4150 ,
983 4097 1054 4155 qnae
1073 4075 1162 4134 fando
1177 4075 1224 4133 vel
1245 4095 1298 4133 usu

106 4287 135 4339 tt
155 4286 220 4338 Xen.
240 4287 319 4338 Anah.
339 4289 357 4336 l.
377 4280 411 4352 8,
431 4287 454 4339 5.

107 4379 134 4446 2)
154 4381 228 4433 Hom.
247 4383 318 4434 iliad.
340 4367 368 4433 δ’
390 4400 427 4434 vs.
447 4381 503 4432 160,
523 4399 593 4449 seqq.

106 4474 134 4540 3)
156 4474 244 4541 Eurip.
264 4473 486 4526 Phoen.vs.105.
506 4491 576 4542 seqq.
