2774 5048
603 223 653 280 -81

75 381 186 440 Platonis.
226 381 300 439 liam
327 381 387 461 ipse
413 388 494 462 poeta
524 383 579 440 luit
607 398 634 441 et
662 397 772 441 orator:
800 397 947 464 utramque
967 401 1055 446 artem
1080 388 1277 469 philosophiae

74 478 203 551 adhibuit,
225 492 253 537 et
272 478 342 537 hinc
360 481 483 538 maxime
503 480 657 559 repetenda
685 480 884 562 philosophiae
913 484 1076 543 Platonicae
1099 486 1277 546 admirabilis

31 570 33 593 '
75 576 109 633 illa
125 577 261 656 elegantia
279 589 308 635 et
325 576 496 637 sublimitas.
538 578 685 638 Excellnit
703 578 799 636 adeo
792 601 823 637 ιιι
839 581 997 640 oratoribus
1006 583 1113 660 ‚quod
1128 584 1277 660 judicabat

75 675 171 766 optimus
190 696 258 733 sanc
277 674 378 732 harum
398 696 492 733 rernm
504 676 616 752 judex,
638 678 746 735 Cicero.
789 664 879 737 Vocat
907 700 971 736 cum
1000 703 1056 738 aron
1085 685 1277 764 intelligendi

75 774 159 846 tolum,
180 775 340 831 sedetiam
363 775 482 830 ιιιιιιιιιιι
498 781 716 850 purissimum
739 785 889 831 auctorem
910 789 939 833 et
961 787 1164 858 magistrum:
1193 783 1276 861 longe

75 879 178 927 ιιιιιιιιιιι
186 880 606 949 ‚quicuncquescripaerunt,
625 884 679 929 unt
700 875 791 929 locasti
812 887 883 930 ιιιιιι
896 887 941 939 ‚rt
960 885 1110 934 suauitate
1129 888 1276 958 etgravi-

75 977 306 1046 totepra'nea'pem,
330 968 360 1048 l)
387 971 596 1040 devorandae,
623 973 758 1027 dia-edunt
785 984 896 1028 cataras
910 976 1094 1050 philosophi,
1116 985 1143 1033 ιι·
1165 976 1276 1033 Graece

77 1067 211 1143 loquatur,
232 1076 276 1126 aio
297 1071 385 1146 loqui.
406 1066 437 1148 2)

101 1149 285 1245 Respiciamus
304 1188 371 1226 vero
390 1164 601 1247 philosophiam
621 1167 695 1225 viri.
717 1188 731 1222 e
754 1169 835 1242 cujus
857 1170 971 1248 propria
992 1170 1108 1228 notione
1127 1169 1196 1229 haec
1216 1172 1276 1252 ipsa

76 1263 188 1342 explicari
210 1263 319 1322 debent
339 1280 366 1323 et
385 1283 572 1343 quaecunque
591 1263 620 1320 in
642 1265 702 1338 ⁰l¹¹⁵
721 1264 909 1344 opinionibus
928 1265 975 1324 vel
996 1269 1067 1325 mira
1087 1266 1134 1325 vel
1153 1267 1276 1328 absurda

78 1359 196 1420 ridentur.
238 1362 289 1421 Est
307 1361 359 1420 illa
377 1362 438 1420 reri
459 1358 605 1431 studium,
626 1383 685 1419 non
712 1363 772 1439 ejus
791 1361 869 1441 quod
892 1384 951 1421 ease
971 1366 1109 1439 ridetur,
1129 1363 1180 1424 sed
1199 1364 1276 1444 q'uod

77 1467 111 1517 ut.
145 1460 325 1540 Quapropter
345 1461 439 1535 reiicit
457 1472 548 1530 artes,
572 1478 644 1536 quae
665 1459 751 1537 vulgo
769 1458 924 1535 dicuntur,
953 1476 982 1522 et
1001 1482 1058 1525 una
1077 1483 1141 1520 cum
1167 1462 1277 1523 artibus
1357 1505 1361 1522 .

77 1555 190 1629 artifices,
210 1560 260 1635 qui
280 1577 339 1615 non
359 1577 420 1629 res,
439 1555 600 1615 sed'rerum
620 1556 771 1614 simulacra
789 1571 817 1615 et
837 1557 951 1616 umbras
969 1559 1136 1620 imitantur:
1165 1581 1202 1619 ne
1221 1561 1276 1643 ipsi

76 1654 165 1729 quidem
184 1655 308 1713 Homero
326 1675 464 1735 parcens,
481 1674 649 1732 quamquam
666 1653 745 1713 haud
762 1655 824 1713 siue
839 1656 1014 1715 verecundia
1031 1656 1068 1718 de
1088 1679 1121 1717 eo
1140 1657 1275 1738 loquitur.

76 1750 204 1810 llcclarant
231 1752 262 1811 id
289 1774 430 1811 sermones
453 1752 570 1824 festivi,
591 1772 661 1829 quos
685 1750 812 1810 Socrates
840 1754 872 1811 in
901 1754 1004 1814 Politia
1032 1776 1097 1814 cum
1124 1755 1278 1816 Adimanto

77 1849 184 1910 instituit.
211 1850 376 1924 Artificem,
398 1851 512 1928 inquit,
533 1851 582 1927 qui
605 1870 678 1906 unus
696 1851 791 1908 omnia
811 1848 923 1908 efficere
942 1864 1053 1931 potest,
1074 1875 1146 1932 quae
1163 1853 1278 1933 singula
1309 1902 1312 1911 .

75 1947 155 2026 singuli
175 1947 305 2008 efficiunt
323 1947 465 2021 artifices,
486 1947 599 2025 qualem
618 1946 696 2004 hunc
717 1950 823 2008 vocas?
846 1990 877 2001 .-
896 1946 1034 2007 Solcttem
1053 1950 1197 2029 quendam
1215 1972 1276 2009 me-

75 2063 141 2103 uoras
158 2061 186 2104 et
203 2045 365 2118 mirabilem
385 2045 488 2104 virum.
510 2078 541 2086 —
563 2044 697 2103 Nondum
717 2058 748 2103 tu
766 2046 822 2103 ita:
847 2065 912 2102 mox
933 2047 1021 2125 magis
1039 2048 1080 2106 sic
1099 2047 1137 2107 de
1155 2069 1189 2108 eo
1207 2070 1276 2129 pro-

76 2145 210 2203 nunciabis.
228 2143 313 2202 ldem
328 2143 405 2201 enim
418 2142 499 2200 hicce
513 2143 620 2200 artilex
636 2164 693 2201 non
710 2142 801 2200 solum
816 2141 911 2201 omnia
929 2156 1021 2223 potest
1034 2144 1226 2226 supellectilia
1236 2147 1276 2206 fa·

74 2260 129 2316 cere,
142 2243 286 2301 sedetiam
297 2241 391 2300 omnia
406 2261 477 2318 quae
493 2261 526 2296 cx
543 2253 616 2297 terra
633 2254 789 2299 nascuntur
803 2239 928 2299 efficitet
938 2240 1073 2300 animalia
1084 2245 1193 2319 omnia,
1212 2265 1276 2303 cum

73 2354 169 2415 &attera
180 2354 241 2399 tum
252 2341 336 2398 etiam
347 2339 543 2418 semetipsum:
537 2353 696 2417 thaetctea
707 2352 809 2397 terram
824 2352 851 2396 et
861 2338 971 2396 coelum
982 2354 1009 2398 ct
1018 2341 1091 2401 Deos
1100 2355 1127 2400 et
1135 2362 1276 2419 quaecun·
1324 2412 1328 2423 Ι

73 2455 110 2512 que
121 2460 149 2497 tu
159 2438 238 2497 coelo
254 2452 337 2516 atque
353 2459 385 2495 tn
399 2457 464 2494 orco
478 2449 562 2503 sunt
578 2435 645 2493 haec
657 2457 751 2494 omnia
761 2433 895 2495 efficit
897 2435 1012 2517 Sophis
1084 2438 1275 2499 nobisnarras

72 2552 182 2620 perquam
200 2535 418 2595 mirificum.-
436 2532 581 2591 Dubitas?
602 2533 652 2592 sed
669 2533 716 2592 dic
735 2531 806 2590 mihi
816 2554 968 2611 ‚quaeso,
990 2451 1130 2597 ramim
1145 2537 1199 2596 tibi
1216 2559 1274 2597 esse

72 2631 164 2692 ridetur
182 2632 346 2712 hujusmodi
370 2631 498 2690 artifex?
519 2653 578 2689 non
609 2630 764 2710 intelligis,
786 2631 965 2710 temetipsum
992 2654 1073 2713 posse
1090 2633 1160 2693 haec
1180 2637 1274 2694 omnia

72 2731 255 2804 quodammodo
273 2729 409 2789 efficere?
429 2772 460 2780 -
478 2730 542 2802 Quo
561 2727 677 2785 tandem
695 2727 803 2786 modo?
831 2771 860 2777 -
881 2728 968 2788 Haud
988 2728 1105 2789 difficili
1124 2732 1195 2807 illo,
1223 2731 1274 2792 sed

31 2744 83 2995 ,ι
84 2848 110 2888 uo
72 2831 226 2912 qpassim
246 2843 274 2888 et
292 2828 422 2887 celeriter
434 2827 607 2899 fabriceris3
629 2825 774 2883 celerrime
799 2839 911 2897 autem,
932 2828 971 2886 ιι
979 2827 1053 2886 velis
1076 2831 1250 2909 speculum'
1242 2852 1273 2888 111

72 2942 148 2987 uanus
170 2941 293 2987 sumtum
315 2927 347 2985 in
366 2946 463 2984 omnes
485 2938 579 3005 partes
598 2873 799 2981 iircumlette:
820 2922 952 2981 celeriter
969 2939 996 2983 et
1015 2926 1103 2985 solem
1123 2926 1275 2988 efficieset

31 3002 38 3121 l
72 3041 122 3098 tuae
137 3025 251 3085 suntin
269 3023 366 3085 coelo·
393 3021 523 3081 celeriter
541 3034 663 3092 terram,
683 3020 740 3079 imo
759 3042 827 3080 te1o
844 3022 1024 3102 temetipsum
1039 3039 1067 3083 et
1085 3041 1192 3086 caeteta
1212 3027 1274 3085 ani·

73 3125 154 3182 nantia
173 3137 201 3182 et
220 3120 412 3202 supellectilia
432 3133 460 3178 et
477 3119 604 3198 germina
622 3132 650 3176 et
668 3139 853 3197 quaecunque
870 3119 955 3178 modo
973 3136 1040 3180 sunt
1063 3139 1221 3184 memorata
1241 3166 1274 3174 -

74 3215 163 3292 Ναι,”
147 3243 221 3302 εφη,
237 3213 449 3300 φαινόμενα,
464 3238 499 3277 oo
508 3237 608 3295 μεντοι
630 3210 716 3276 ὄντα
736 3209 771 3294 γέ
783 3211 1040 3303 coaequant-tato
1057 3244 1133 3300 quaa
1157 3226 1274 3282 viden·

31 3310 35 3397 ζ
75 3326 131 3397 ιιι,
154 3346 212 3383 non
240 3343 316 3400 quaa
339 3340 444 3378 revera
472 3329 566 3378 aunt.
589 3362 620 3370 -
642 3317 743 3377 Pulcre
772 3318 838 3377 hoc·
853 3331 884 3376 tu
914 3334 942 3379 et
959 3336 1120 3403 opportune
1139 3319 1221 3380 dicis,
1243 3319 1274 3401 3)

31 3430 34 3451 ³
75 3413 117 3477 lloc
132 3423 162 3480 in
178 3440 280 3502 genere
300 3419 444 3478 fabrorum
469 3419 562 3498 pictor
586 3414 747 3474 censendus
770 3419 987 3482 est:,censendi
1007 3431 1073 3478 sunt
1091 3419 1159 3476 item
1176 3424 1275 3499 poetae

78 3527 233 3598 etquotquot
254 3510 464 3597 φαντάσματα,
486 3504 548 3574 a’tt'
569 3507 620 3573 οιικ
642 3505 714 3573 tirso
734 3512 872 3573 ιιοιοιισιν.
892 3514 923 3596 la)
941 3516 1050 3590 Quodsi
1068 3536 1197 3595 rogamus
1214 3538 1275 3591 eos,
1320 3582 1322 3587 ,

78 3615 135 3689 ttius
158 3620 225 3678 artis
249 3619 334 3701 periti
355 3617 506 3677 consulant
528 3616 653 3674 hnmano
677 3617 792 3695 generi,
824 3629 859 3676 ut'
882 3613 1041 3672 medicinae
1071 3613 1275 3695 Aesculapius,

80 3705 239 3788 legislatoriae
258 3717 405 3797 Lycurgus
426 3729 453 3774 ct
471 3714 580 3788 Solon,
602 3714 678 3772 vitae
697 3714 751 3772 rite
772 3712 967 3772 instituendae
986 3711 1158 3791 Pythagoras
1176 3714 1276 3792 periti,

81 3806 166 3872 ritibus
181 3816 299 3894 quisque
318 3815 375 3872 suis
394 3827 422 3872 et
435 3810 588 3892 discipulis
603 3809 774 3894 profuerunt
784 3856 792 3884 ‚
813 3830 897 3888 quam
916 3822 1071 3868 memorent
1089 3824 1177 3868 artem
1187 3855 1195 3884 ,
1216 3830 1275 3868 non

82 3909 206 3981 reperiunt.
227 3911 344 3971 Scilicet
354 3932 406 3970 nec
417 3910 545 3969 veritatis
563 3907 651 3965 ullam
670 3928 722 3966 nec
741 3908 874 3966 utilitatis
891 3908 1028 3966 rationem
1042 3907 1196 3981 habentes,
1212 3927 1277 3988 spe-

85 4061 299 4086 κιαι-α.

107 4154 124 4219 tt
138 4161 181 4219 cn.
194 4170 263 4221 αα.
277 4168 294 4221 3
309 4178 335 4222 α
351 4169 390 4219 to.
405 4171 434 4219 a
448 4170 516 4219 αιι.
538 4166 556 4216 ι.
573 4165 611 4216 ιι.

106 4238 210 4306 duna
227 4253 269 4307 31

31 4364 38 4375 -
108 4322 409 4409 Mmmxms

108 4408 190 4475 tina.
207 4423 264 4477 599.
283 4425 313 4478 a
