2796 5048
585 202 640 262 137

59 379 104 425 int
120 365 195 427 haee
222 367 327 427 veteris
354 378 382 423 et
407 364 592 437 recentioris,
612 364 766 443 superioris
785 364 823 433 in
837 362 937 443 primis
963 359 1070 421 saeculi
1095 356 1225 441 pbiloso-

59 508 69 539 ,
95 465 149 543 qui
176 485 276 525 sensus
301 463 428 543 corporis
453 461 673 542 diligentissime
700 461 902 543 explorantes,
932 474 984 533 ut,
1013 478 1085 538 quae
1111 471 1140 515 et
1167 476 1224 535 qua

59 582 108 622 ιιιο
123 562 240 644 singula
259 563 436 621 extrinsecus
454 561 550 620 animo
577 561 708 619 afferrent
718 605 728 636 ,
749 572 891 619 constaret
909 555 1085 636 aliquando,
1105 553 1142 615 de
1162 554 1225 634 ipa

59 680 113 737 no,
132 675 209 721 certe
228 660 265 720 de
283 661 379 721 insitis
396 661 423 718 ei
441 658 545 718 studiis
562 672 590 718 et
623 657 810 737 facultatibus
829 657 881 717 vix
897 657 1069 737 cogitarunt.
1083 652 1225 732 Apprime

59 756 110 819 bos
136 760 292 834 convenit,
312 758 390 837 quod
418 758 458 816 ait
483 757 584 816 Plato:
606 749 701 816 διινιίν
730 748 787 838 γάρ
814 776 886 827 που,
912 752 938 813 εἰ
964 749 1069 813 πολλαί
1093 771 1167 824 τινες
1193 744 1225 809 ἕν

59 858 88 930 ν,
113 849 213 937 ὥσπερ
241 853 273 916 ἓν
299 852 441 938 δοσριίοις
464 852 578 931 ἵπποις,
610 850 766 939 αἰσθήσεις
791 849 985 938 ἰγκιίθηνῐαι,
1015 847 1087 914 (illd
1113 846 1157 933 μή
1183 849 1224 925 εἰς

59 953 161 1020 ντινσί
186 952 282 1032 ἰδέαν,
309 952 365 1019 εἴτε
390 952 495 1039 ψυχήν
520 954 575 1019 εἴτε
602 953 620 1019 ὃ
646 959 694 1020 δεῖ
716 938 824 1032 cestio,
846 950 942 1018 πάντα
962 955 1056 1016 ταῦτα
1075 951 1221 1026 §malou

63 1055 117 1122 ιίιιί
152 1054 295 1122 τούτων
332 1051 410 1120 οἷον
449 1055 609 1141 ὀργάνίιν
643 1050 908 1139 αἰσθανόμεθα
947 1051 1015 1119 ὅσα
1049 1049 1221 1138 αἰσθητά·

59 1184 143 1223 mm
163 1185 235 1233 aqna
250 1173 324 1222 occet
333 1209 341 1237 ‚
357 1170 385 1221 α’
399 1165 584 1223 multinodis
602 1186 724 1238 teneus,
740 1165 983 1242 quemadmodum
999 1163 1109 1242 ligneis
1123 1167 1220 1238 equit,

59 1263 183 1337 ιἰἰινινιΐ,
205 1284 257 1320 nec
282 1273 381 1319 tamon
406 1263 596 1320 haecomnia
620 1271 654 1319 in
679 1284 775 1320 unum
799 1263 943 1339 quoddam
969 1267 1139 1340 negotium,
1160 1264 1222 1319 sivo

61 1367 170 1420 ιιιίνιιιιι
187 1369 248 1419 siue
267 1381 438 1438 quocunque
456 1362 576 1418 tandem
593 1369 711 1419 nomino
726 1361 884 1419 dicendum
902 1367 944 1418 eit
954 1405 962 1433 ,
984 1379 1046 1416 ιινια
1065 1358 1218 1416 contende·

59 1466 199 1537 it,quo‚
221 1469 420 1536 tanquam
444 1479 520 1535 por
544 1481 719 1540 organo,
744 1480 981 1536 partemue
1007 1459 1222 1515 ἰισιοοιια·

59 1576 180 1615 remus
200 1577 469 1635 quaeeunque
490 1566 948 1636 eeneuporoipiuntur.
974 1554 1087 1635 l)Nam
1107 1557 1222 1613 sicom-

59 1673 79 1711 ιο
93 1675 118 1712 se
137 1675 180 1713 res
197 1654 304 1713 habet:
324 1655 504 1714 admirabilis
522 1669 563 1714 est
581 1656 718 1735 quaedam
738 1655 916 1736 singulorum
935 1675 1069 1713 sensuum
1088 1655 1152 1728 vio,
1174 1666 1222 1726 ut,

58 1771 79 1809 rc
94 1766 170 1810 extra
188 1766 256 1811 sunt
266 1798 274 1827 ‚
296 1754 373 1812 intro
391 1755 572 1814 annuncient
588 1756 677 1813 menti
688 1780 696 1830 3
708 1754 759 1813 sed
770 1754 826 1812 nisi
837 1773 917 1810 mens
927 1753 977 1810 suh
993 1755 1053 1832 ipsa
1064 1752 1168 1811 natura
1177 1772 1222 1809 co·
1289 1808 1296 1819 ,

58 1850 154 1911 rcendi
165 1865 236 1909 esset
246 1851 366 1931 cupida,
379 1852 472 1910 omnis
482 1866 553 1911 esset
569 1872 778 1934 supervacanea
789 1851 961 1909 nunciorum
972 1848 1088 1909 illorum
1098 1850 1222 1929 diligen·

58 1950 152 2008 ,Nunc
168 1969 254 2024 vero,
268 1971 333 2008 curn
351 1950 421 2008 haec
441 1950 477 2008 sit
491 1953 596 2010 mentis
611 1950 724 2010 indoles
742 1962 770 2007 et
786 1962 901 2021 natura,
923 1961 955 2006 ut
969 1948 1030 2006 veri
1046 1947 1221 2028 cupiditate,

58 2064 137 2107 >vero
152 2068 252 2106 umore
262 2048 384 2106 ducatur
392 2094 401 2122 ‚
417 2048 477 2127 ipsa
492 2069 543 2128 per
557 2070 586 2108 se
600 2050 727 2128 exquirit
741 2047 851 2120 omnia,
867 2043 1068 2123 sensibusque,
1085 2058 1116 2103 ut
1130 2047 1217 2105 veris·

58 2141 154 2206 edicit
163 2146 258 2220 Plato,
277 2160 413 2225 tanquam
434 2139 568 2226 ὀργάνοις
585 2152 604 2210 i.
615 2170 640 2207 e.
649 2152 863 2215 instrumentis
872 2143 910 2202 ad
923 2142 1155 2223 cognoscendum
1165 2145 1221 2204 u'ti·

58 2286 64 2300 .
79 2242 160 2317 Quod
178 2243 285 2303 vidisse
300 2246 360 2321 jam
378 2259 459 2306 vetus
476 2247 663 2329 philosophus
678 2245 813 2317 videtur,
834 2243 895 2302 sive
913 2242 938 2299 is
956 2244 1139 2322 Anaxagoras
1158 2243 1222 2305 sive

58 2339 185 2431 itharmus
206 2341 312 2416 luerit,
338 2364 426 2421 quum
451 2347 490 2404 sic
518 2347 743 2427 pronunciaret:
773 2340 841 2414 νοῦς
867 2333 929 2424 ὁρῇ
948 2337 997 2399 καί
1016 2338 1086 2415 νοῦς
1106 2334 1220 2416 οἰιιοιίιι,

58 2440 91 2500 λα
108 2433 197 2522 κωφοὶ
211 2437 259 2499 καί
280 2434 386 2521 τυφλά·
397 2440 439 2521 2)
459 2452 581 2504 unimus
594 2453 710 2518 cernit,
731 2451 852 2501 unimus
870 2443 972 2516 audit,
993 2443 1113 2520 reliquo
1127 2445 1222 2503 turdo

58 2562 125 2602 torro
138 2553 220 2603 eunt.
242 2539 273 2623 3)
288 2543 324 2602 Et
339 2542 416 2622 quod
430 2542 514 2602 modo
528 2538 564 2602 de
576 2543 684 2623 linguis
693 2542 891 2614 monebamus,
906 2539 1028 2619 exprimi
1039 2541 1075 2599 iis
1086 2542 1220 2601 notiones

58 2641 141 2701 nioris
168 2640 317 2720 cujusdam
344 2641 562 2721 philosophiae,
583 2641 660 2700 idem
679 2639 782 2721 probat
800 2639 854 2700 hoc
875 2630 999 2724 ὄργανον
1022 2636 1219 2713 Platonicum,

58 2735 217 2819 lentiusque
236 2741 320 2799 etiam
339 2739 476 2820 patefacit
495 2752 623 2797 nostrum
639 2737 717 2796 illud
735 2738 772 2796 de
792 2738 923 2797 sensibus
943 2738 1071 2797 externis
1089 2736 1221 2797 voeabu-

58 2852 75 2909 ι,
90 2843 246 2916 rintuz'gou
256 2882 265 2912 ‚
285 2860 341 2916 quo
360 2839 448 2919 plane
475 2845 585 2896 mentio
603 2838 640 2896 ad
657 2833 886 2916 cognoscendum
905 2844 1112 2895 instrumento
1139 2834 1219 2896 indi·

58 2946 108 2994 tur.
148 2936 213 3009 Quo
231 2956 297 2993 sane
315 2949 481 3015 argumento
501 2948 529 2994 et
552 2937 642 2995 multo
666 2936 754 3015 magis
779 2934 864 2992 etiarn
887 2936 1063 2995 conscientia
1089 2955 1141 2994 nos
1160 2935 1235 3015 ipsi'

58 3033 94 3091 tra
110 3033 195 3093 nobis
212 3033 462 3113 persuadebimus,
482 3034 605 3093 multum
625 3033 773 3107 sensibus,
794 3032 845 3091 sed
864 3033 1021 3114 plurimum
1049 3033 1106 3114 ipsi
1128 3032 1218 3092 menti

59 3144 151 3211 ttoque
181 3131 264 3190 nobis
283 3130 416 3191 discendi
444 3132 554 3206 studio,
575 3131 612 3191 ad
631 3129 821 3212 cognoscendi
841 3131 1008 3191 facultatem
1024 3131 1217 3191 tribuendum

57 3242 70 3284 t.
113 3228 171 3288 Sed
195 3230 285 3288 missis
311 3231 430 3290 novitiis
459 3232 520 3290 istis
538 3231 734 3312 philosopho,
763 3230 830 3308 qui,
854 3229 956 3290 divina
983 3253 1042 3290 non
1071 3229 1219 3311 perspecth

57 3326 121 3386 riuis
149 3328 266 3402 indole,
295 3341 381 3387 totam
410 3328 485 3387 hanc
514 3329 550 3388 de
570 3329 699 3388 sensibus
727 3329 958 3408 disquisitionem
981 3328 1020 3387 ad
1046 3328 1218 3387 materialis-

57 3441 93 3501 or,
110 3447 194 3505 quem
214 3440 331 3501 vocant,
346 3440 374 3485 et
388 3426 556 3486 atheismum
570 3427 769 3501 contulerunt,
790 3435 929 3506 antiquos
943 3426 992 3487 hle
1010 3427 1104 3507 potius
1126 3440 1216 3485 atten-

57 3540 113 3600 tus,
141 3526 191 3604 qui
218 3547 234 3584 a
262 3525 375 3584 Socrate
403 3539 430 3584 ct
456 3526 572 3584 Platone
598 3526 800 3605 profecerunt,
830 3524 1012 3584 Academicos
1040 3523 1162 3583 maxime
1189 3538 1217 3584 et

58 3618 196 3703 ipateticos
221 3643 383 3705 germanos,
404 3645 525 3705 quorum
545 3614 704 3699 sententias
731 3622 768 3685 de
796 3624 969 3709 cognitionis
997 3613 1108 3682 nostrae
1136 3624 1216 3684 fonte

57 3806 249 3822 ἱ-*ιιι

57 3918 172 3977 trane.
196 3924 246 3974 ror
272 3926 303 3978 o.
328 3927 469 3998 Eleganter
493 3927 558 3980 uix.
584 3926 650 3997 ιιι,
665 3929 731 3981 σοι.
750 3928 814 3981 xvi.
836 3927 861 3980 o.
880 3945 905 3997 p.
926 3926 985 3983 soe.
1011 3910 1081 3980 Ἆιε
1107 3909 1158 3978 οὖν
1184 3911 1216 3974 ἐν

57 4008 159 4094 θιίροις
180 4017 233 4100 τῆς
254 4019 358 4102 ψυχῆς
378 4018 409 4081 αἱ
430 4013 584 4104 αἰσθήσεις
610 4015 777 4104 ἱδρυμέναι,
799 4015 917 4085 ἐπειδάν
937 4044 1012 4096 τινος
1034 4013 1210 4102 ἑφαίιμαινται
1250 4032 1258 4041 ”

57 4110 96 4192 ἧς
117 4119 165 4180 καί
190 4122 346 4204 παραθῶσι
372 4121 418 4209 τῷ
441 4122 497 4209 νῷ,
524 4117 733 4203 ἐπιλαβόμενος
759 4122 819 4206 (ins.
842 4120 859 4184 ὁ
882 4121 960 4202 νοῦς)
982 4117 1103 4204 ταύτης,
1126 4113 1217 4205 διορρῖ

57 4213 141 4284 λοιποὶ
158 4260 197 4270 -

76 4321 130 4379 vio.
145 4327 211 4379 Plut
226 4327 255 4377 de
269 4327 342 4379 Alea.
355 4330 413 4381 or‘rt.
425 4327 464 4381 (ll.
486 4327 558 4396 tht.
576 4328 609 4382 ad
624 4318 789 4383 Phaedonem
806 4348 831 4397 p.
850 4328 908 4379 151.

79 4407 113 4462 llo
133 4410 279 4464 Tertulliani
298 4415 419 4467 versione
439 4414 472 4466 de
488 4418 572 4468 αιιιιιιιι
590 4433 615 4483 p.
634 4414 693 4467 2⁷1.
717 4466 723 4474 ,
