2796 5048
660 217 696 277 31
1087 219 1093 246 ⁸

67 379 143 460 quod
163 377 208 439 nil
237 400 296 437 non
326 378 563 458 complecteretur
584 379 664 438 scitu
692 378 831 460 dignum,
852 379 891 438 ita
912 379 977 439 lons
1004 399 1062 439 esse
1080 382 1295 445 existimabatur

69 478 248 552 uberrimus,
269 497 284 534 e
303 497 360 555 quo
376 489 450 534 artes
469 496 567 536 omnes
585 490 613 535 et
632 475 805 557 disciplinae
824 491 983 536 manarent.
1024 478 1125 559 Itaque
1145 482 1244 542 Cicero
1259 482 1295 542 de

66 576 212 656 germanis
236 573 433 656 philosophis:
465 574 524 634 «ad
551 574 735 634 Academicos
757 587 786 632 et
812 574 1011 656 Peripateticos
1035 591 1143 637 veteres
1161 594 1297 640 converte

65 689 239 754 te,quacso.
262 673 413 731 Eneorum
430 673 508 731 enim
528 673 642 754 scriptis
660 687 688 733 et
707 671 847 730 institutis
859 692 927 730 cum
945 674 1037 732 omnis
1045 673 1178 735 doctrina
1187 676 1296 736 libera-
1324 693 1327 699 ’

65 773 122 848 lis,
144 773 238 832 omnis
265 771 402 845 historia,
423 772 515 829 omnis
535 790 625 829 sermo
655 769 770 849 elegans
793 770 866 827 sumi
893 783 1002 850 potest,
1024 787 1084 831 tum
1115 776 1236 834 varietas
1254 789 1295 835 est

65 885 147 929 tanta
178 870 301 942 artium,
332 881 362 926 ut
389 889 471 926 nemo
503 869 565 926 sine
596 887 629 926 eo
656 868 848 926 instrumento
875 866 913 926 ad
942 867 1031 927 ullam
1060 890 1119 931 rem
1150 873 1294 933 illustrio-

65 989 128 1027 rem
144 968 213 1027 satis
232 979 349 1025 ornatus
367 967 455 1046 possit
473 965 616 1024 accedere.
648 962 703 1024 ¹lib
717 965 763 1024 his
781 978 920 1040 oratoreS,
942 965 978 1024 ab
996 966 1043 1025 his
1060 969 1244 1050 imperatores
1260 992 1294 1030 ac

67 1086 164 1123 rerum
193 1064 375 1144 publicarum
400 1064 546 1144 principes
572 1063 762 1122 exstiterunt:
784 1076 815 1121 ut
842 1061 880 1121 ad
901 1063 1013 1123 minora
1031 1066 1163 1143 veniam,
1184 1069 1295 1128 mathe-

67 1163 190 1237 matici,
219 1168 337 1243 poetae,
363 1162 484 1237 musici,
511 1160 615 1220 medici
642 1160 768 1240 denique
796 1181 832 1219 ex
859 1162 915 1219 hcc
943 1172 1088 1242 tanquam
1108 1186 1144 1222 er
1162 1173 1294 1224 omnium

65 1269 186 1319 ortium
206 1260 326 1340 officim
343 1259 464 1340 profecti
483 1273 577 1318 sunt.»
602 1256 631 1339 l)
658 1259 695 1318 Et
714 1281 783 1320 vero
802 1258 919 1334 Strabo,
940 1262 1070 1338 quamvis
1088 1261 1167 1322 haud
1185 1264 1294 1346 impro-

65 1359 141 1418 bans
157 1379 255 1417 eorum
273 1356 528 1432 consuetudinem,
548 1358 596 1437 qui
622 1355 841 1453 philosophiam·
856 1371 992 1418 vocarent
1014 1380 1108 1419 rerum
1127 1361 1292 1422 divinarum

65 1471 94 1517 et
112 1456 304 1514 humanarum
323 1462 500 1528 scientium,
520 1468 633 1530 tamen,
654 1455 687 1513 in
714 1453 860 1535 praeclaro
888 1454 941 1514 illo
960 1457 1053 1537 operis
1081 1458 1218 1534 exordio,
1238 1460 1292 1520 hoc

65 1556 191 1614 maxime
212 1555 286 1634 egit,
309 1568 340 1613 ut
360 1553 517 1612 ubertatem
534 1553 713 1634 praedicaret
740 1551 958 1634 philosophiae,
978 1554 1069 1634 ipsam
1087 1555 1159 1616 adeo
1176 1576 1294 1638 geogra-

65 1653 167 1734 phiam
186 1672 223 1710 ex
243 1673 274 1710 ea
295 1651 445 1710 effloruisse
462 1649 676 1710 demonstraret.

107 1753 170 1811 Hoc
190 1764 284 1810 autem
302 1747 461 1830 indagandi
479 1749 727 1828 cognoscendique
740 1747 868 1808 studium
885 1748 918 1807 in
933 1750 1046 1831 scriptis
1063 1751 1191 1812 Platonis
1201 1753 1296 1813 domi-

67 1865 154 1908 natur
172 1848 268 1930 plane.
288 1848 375 1907 Haud
394 1846 517 1907 condere
537 1861 657 1907 conatur
675 1846 836 1907 doctrinam
846 1847 990 1926 quandam
1000 1849 1060 1909 sive
1069 1864 1188 1930 systema
1198 1899 1207 1926 ,
1218 1852 1296 1931 quod

66 1970 120 2007 nos
139 1969 292 2023 vocamus,
313 1946 363 2006 scd
380 1946 523 2005 Socratem
541 1959 569 2004 et
592 1944 663 2004 alios
682 1947 722 2003 sic
746 1944 862 2004 inducit
879 1966 924 2004 res
937 1947 1116 2031 gravissimas
1129 1950 1294 2028 perquiren-

66 2061 108 2106 tes
137 2059 165 2105 et
190 2046 412 2124 investigantes,
434 2058 466 2101 ut
489 2042 569 2124 dicas
586 2042 729 2119 subinde,
750 2043 803 2102 hac
825 2063 890 2103 eum
907 2043 1106 2123 disquisitione
1130 2061 1297 2108 contentum

65 2145 165 2204 fuisse.
206 2144 335 2203 Instituit
353 2140 451 2220 longas
470 2140 594 2200 subinde
613 2139 649 2199 de
673 2151 793 2216 sancto,
815 2140 851 2201 de
871 2149 1091 2219 temperantia,
1112 2141 1149 2202 de
1169 2153 1297 2205 scientia

63 2243 294 2323 disputationes,
315 2236 347 2319 2)
375 2237 480 2316 quibus
504 2252 618 2314 tamen,
649 2240 681 2297 in
706 2239 813 2319 dialogi
838 2242 974 2319 cujusque
994 2237 1072 2314 fine,
1093 2240 1165 2320 quid
1184 2243 1297 2324 singula

65 2340 143 2411 sint,
159 2359 218 2396 non
234 2335 367 2396 efficitur.
389 2336 425 2394 In
440 2337 506 2395 aliis
520 2337 632 2416 scriptis
648 2339 823 2418 propositum
834 2338 1032 2419 argumentum
1041 2352 1106 2418 apte
1116 2340 1242 2421 explicat
1247 2387 1256 2417 ,
1266 2341 1299 2423 3)

65 2435 119 2496 scd
136 2437 174 2494 ita
189 2435 242 2494 hoc
263 2436 322 2494 sere
341 2435 504 2516 peragitur,
527 2448 558 2492 ut
573 2433 779 2513 distinguendo
795 2434 1039 2514 disquirendoque
1054 2457 1086 2495 eo
1102 2440 1297 2517 perveniatur.

66 2534 193 2593 Protulit
221 2535 338 2592 omnino
364 2531 516 2627 sciffndo
543 2531 693 2612 opiniones
717 2553 781 2591 suas
809 2532 845 2591 de
864 2531 949 2590 rebus
967 2532 1080 2591 divinis
1098 2549 1126 2593 et
1145 2536 1297 2612 humanis,

66 2635 128 2692 imo
153 2631 288 2714 probavit
316 2653 361 2690 eas
380 2645 408 2690 et
426 2629 462 2687 ab
480 2628 706 2689 adversariorum
728 2628 913 2710 opinionibus
932 2628 1084 2706 defendit,
1105 2632 1172 2707 sed,
1193 2636 1225 2694 in
1244 2634 1298 2695 hac

65 2733 132 2812 ipsa
151 2750 264 2808 quoque
283 2728 468 2802 defensione,
489 2726 632 2786 Socratica
651 2725 710 2785 fere
731 2748 797 2785 usus
816 2740 857 2785 est
875 2725 1057 2805 disquirendi
1078 2731 1195 2791 ratione.

190 2885 205 2905 ο
233 2922 294 3004 Quo
310 2931 503 3001 potissimum
522 2924 603 3000 opud
623 2931 736 2981 ceteros
756 2905 907 2999 spectabat
922 2923 1135 3001 philosophia?

108 3122 216 3196 Quaeri
234 3121 293 3179 fere
311 3121 400 3201 solet,
421 3119 496 3198 quod
515 3117 631 3178 tandem
651 3119 688 3178 sit
705 3126 887 3196 propositum
899 3165 908 3195 ,
921 3121 986 3200 quis
993 3123 1075 3198 finis
1089 3121 1296 3207 philosophiae.

64 3220 149 3293 Quae
168 3237 235 3277 sane
254 3217 382 3296 quaestio
401 3214 479 3274 haud
499 3215 594 3276 facilis
612 3230 653 3275 est
671 3216 711 3276 ad
729 3217 955 3299 explicandum,
975 3220 999 3278 si
1018 3222 1111 3281 varias
1130 3225 1298 3304 respicimus

66 3316 309 3400 philosophorum
328 3314 491 3389 doctrinas,
512 3316 544 3373 in
562 3316 662 3395 primis
680 3316 880 3411 recentiorum.
901 3316 983 3376 Aliae
1000 3319 1077 3377 enim
1095 3319 1152 3378 alio
1169 3322 1297 3382 referun-

68 3431 137 3489 tur,
157 3427 241 3492 atque
271 3415 310 3471 ita
338 3434 365 3471 se
392 3410 501 3471 habent
528 3412 706 3487 nonnullae,
733 3427 765 3472 ut
788 3413 860 3491 quid
888 3428 1048 3495 spectarent
1067 3417 1122 3497 ipsi
1150 3434 1296 3496 auctores,

66 3517 216 3594 ignorasse
246 3511 409 3570 videantur.
451 3510 515 3585 Quo
546 3511 596 3586 fit,
619 3525 650 3571 ut
676 3531 783 3571 vanum
811 3531 827 3568 a
855 3511 953 3571 multis
979 3527 1006 3571 et
1033 3515 1138 3574 inutile
1157 3516 1296 3577 habeatur

64 3609 271 3692 philosophiae
291 3608 427 3667 studium.
469 3607 578 3682 Quodsi
599 3609 782 3691 philosophia
800 3609 959 3669 secundum
977 3613 1158 3691 antiquorum
1184 3617 1296 3676 effatum

66 3709 205 3768 audium
224 3720 264 3766 est
285 3719 312 3763 et
331 3726 415 3763 amor
429 3709 637 3786 cognoscendi,
653 3720 712 3768 non
731 3723 772 3768 est
783 3709 867 3792 ‘quod
886 3708 922 3767 de
940 3711 1000 3788 ejus
1010 3715 1163 3792 *proposito
1182 3715 1295 3775 dubite-

67 3828 142 3865 mus.
186 3805 318 3864 Refertur
343 3804 381 3861 ita
401 3803 438 3862 ad
464 3825 563 3865 verum
590 3804 835 3884 cognoscendum,
856 3808 938 3885 cujus
965 3809 1097 3868 innatum
1120 3827 1161 3872 est
1184 3812 1295 3873 homini

67 3901 246 3965 incredibile
266 3901 412 3978 studium,
436 3902 497 3961 dun
516 3917 557 3961 est
576 3901 613 3961 ad
626 3902 813 3983 sapientiam,
833 3927 889 3984 qna
909 3905 986 3965 nibil
1004 3929 1152 3987 possumus
1169 3912 1294 3992 praecla-

67 4005 130 4061 rius
149 4014 299 4080 appetere:
322 4014 363 4059 est
383 4001 501 4059 omnino
520 3999 677 4078 ejusmodi,
699 4015 731 4059 ut
754 4021 814 4058 eam
838 4002 931 4060 colere
949 4003 1035 4063 decus
1056 4027 1212 4083 summum,
1233 4030 1295 4068 eam

66 4099 219 4179 despicere
239 4118 379 4156 summum
398 4097 523 4157 dedecus
536 4096 698 4178 putandum
712 4098 757 4158 sit.
780 4098 974 4159 Verumenim
993 4102 1025 4161 in
1045 4102 1097 4162 hac
1117 4126 1210 4164 rerum
1229 4106 1293 4164 uni·

65 4221 244 4228 ...--——---
255 4221 266 4225 -.
277 4221 320 4226 υ.-

103 4266 133 4330 1)
152 4266 190 4316 De
205 4265 260 4314 Fin.
276 4264 305 4314 V.
321 4261 346 4314 3.

101 4352 133 4415 2)
153 4351 180 4400 ln
196 4351 382 4416 Euthyphrcme,
397 4348 541 4411 Charmide,
562 4347 691 4400 Theaeteto.

100 4437 133 4501 3)
152 4435 192 4486 Dc
203 4435 302 4500 justitia
316 4450 341 4486 v.
357 4451 379 4484 o.
393 4435 419 4485 iu
437 4434 534 4485 ructa.
