2796 5048
689 236 750 297 330

92 398 144 463 ulti
172 397 209 460 de
234 397 345 461 artibus
369 399 541 482 agebamus,
564 395 594 476 l)
624 396 675 458 sed
705 412 737 456 ut
766 417 833 459 vere
862 411 904 457 est
924 398 1078 457 Platonica
1100 421 1136 458 ac
1155 398 1323 461 Platonisde
1363 378 1366 413 Ι

1 560 5 567 ,
91 498 166 561 ideis
192 498 355 558 doctrinam
381 498 467 578 plane
493 497 649 577 exprimit,
680 496 730 555 hic
757 516 818 555 eam
836 495 935 555 denuo
953 496 1127 557 describere
1140 500 1242 576 juvat.
1280 498 1324 559 del

93 620 144 678 ego
165 605 208 656 etc
227 607 342 671 statuo,
364 595 445 655 nihil
463 618 524 655 esee
542 602 576 652 in
596 594 657 652 ullo
670 616 781 673 genere
795 605 859 652 tom
869 594 1031 672 pulcrum,
1051 617 1112 674 quo
1126 598 1324 677 conpulerint

92 696 127 753 e'd
145 702 189 753 eit
199 740 208 769 ,
230 696 309 753 unde
338 696 435 767 illud,
458 703 494 750 ut
511 715 547 750 ea
566 714 615 750 ere
634 693 755 771 aliquo,
776 699 865 771 quoti
883 701 1001 772 imago,
1023 700 1249 769 reprimatur,
1266 696 1326 773 puel

93 811 188 869 reaque
207 794 303 852 oculte
323 813 415 870 neque
438 794 565 849 auribus
586 813 678 869 eaeque
698 792 760 850 ullo
780 812 868 850 aenou
886 797 1004 868 percipi
1017 780 1138 868 polest:
1159 799 1325 874 cogitatione

92 900 215 949 tontum
232 900 264 948 et
281 900 379 949 neeerte
399 891 635 968 complectimur.
678 887 788 967 ltaque
807 899 837 946 et
859 888 989 946 Pltidioe
1006 890 1217 965 simulacris,
1237 892 1326 969 quites

93 988 176 1045 niltil
193 994 226 1045 in
245 989 298 1047 ille
316 1010 426 1069 genere
442 990 616 1065 persecttue
635 988 783 1061 uidemus,
800 996 831 1044 et
844 987 893 1044 ln'e
903 993 1057 1064 picturis,
1072 1008 1156 1064 quoe
1169 994 1323 1061 amausi,

91 1093 227 1167 cogitare
248 1095 350 1145 tamen
368 1107 527 1163 possumus
541 1087 713 1164 pulcrioro.
735 1084 797 1143 Nec
814 1104 882 1141 uero
901 1085 954 1143 ille
974 1087 1113 1159 artifex,
1138 1088 1325 1161 wmsaemt

90 1182 178 1245 Joete
197 1187 341 1259 fororem
368 1194 425 1242 aut
455 1184 631 1258 Mineruae,
662 1184 922 1259 contemplabatur
942 1183 1075 1259 aliquam
1087 1226 1097 1256 ,
1119 1205 1216 1261 equo
1236 1184 1324 1245 uuit·

90 1282 230 1341 tudinem
259 1283 405 1352 duceret;
436 1283 486 1339 sed
513 1289 611 1358 epotus
636 1289 670 1338 in
701 1291 798 1339 mente
816 1281 967 1339 incidebat
984 1287 1097 1358 speciae
1110 1282 1324 1357 putaveramus

92 1387 208 1439 eximio
235 1382 398 1459 quaedam,
425 1401 516 1458 quom
535 1387 677 1454 intuens,
698 1387 732 1437 in
752 1401 844 1457 eaque
863 1379 999 1455 defixus,
1020 1379 1061 1435 od
1077 1379 1175 1439 illiue
1193 1381 1324 1439 etmtttu
1344 1396 1352 1421 ·“

89 1479 193 1537 &uem
219 1488 319 1537 artem
347 1488 378 1536 et
395 1499 519 1536 monum
537 1478 697 1558 tingebat.
719 1475 751 1557 2)
791 1475 876 1552 Quod
897 1490 974 1535 recte
992 1475 1071 1535 idem
1090 1476 1128 1536 in
1144 1476 1323 1555 eloquentia
1342 1464 1345 1477 ¹

90 1575 249 1655 perfectam
279 1573 416 1635 adhibet.
455 1576 496 1634 Ut
525 1583 628 1656 igitur
655 1583 689 1633 ia
708 1579 828 1651 formio
857 1585 888 1633 et
905 1576 1029 1654 figuris
1057 1584 1106 1633 eet
1137 1576 1262 1653 aliquid
1271 1594 1323 1653 per

82 1674 206 1747 sectum
234 1682 264 1730 et
294 1674 453 1748 excellens,
484 1680 574 1750 cujus
593 1675 634 1743 od
651 1682 818 1754 cogitatam
838 1681 963 1750 speciem
979 1673 1134 1731 imitando
1154 1676 1324 1750 offeruntur

91 1792 140 1846 aa,
172 1792 248 1848 quoe
277 1774 331 1835 eut
357 1774 456 1831 oculos
482 1779 550 1850 ipse
579 1773 714 1831 cadunt:
743 1780 785 1831 ee'c
812 1774 967 1849 perfectae
993 1771 1187 1847 eloquentiae
1218 1778 1323 1851 speeies

90 1876 191 1927 anime
218 1872 372 1944 videmus,
403 1870 532 1951 effigiem
561 1872 690 1929 auribus
708 1877 894 1948 quaerimus.
914 1866 947 1951 3)
986 1868 1022 1927 Iu
1041 1868 1089 1927 his
1111 1881 1215 1929 autem
1237 1871 1322 1929 ideae

90 1986 158 2027 cum
175 1967 270 2027 dictae
288 1989 304 2027 a
324 1968 463 2043 Platone,
484 1982 547 2027 tum
565 1989 581 2027 a
599 1969 739 2027 Cicerone
758 1981 890 2048 acceptae
913 1977 981 2025 sunt
1002 1965 1165 2027 deformis
1184 1966 1322 2048 perfectis,

89 2086 161 2146 quas
180 2086 234 2127 nes
256 2065 404 2147 appellare
429 2051 579 2125 ldeale'o
606 2065 739 2125 solemus.

7 2192 10 2199 ·
131 2162 191 2223 Sed
217 2177 286 2223 sunt
313 2164 398 2223 nobis
424 2163 482 2223 alia
511 2165 580 2224 item
607 2177 636 2223 et
667 2164 752 2243 longe
782 2163 869 2222 etiam
895 2162 1027 2242 graviora
1055 2159 1092 2219 de
1113 2160 1194 2221 ideis
1212 2160 1322 2221 Platonis

35 2324 45 2343 ,
90 2260 366 2321 animadvertenda.
396 2261 486 2321 Vitae
504 2278 594 2320 neum
611 2275 721 2342 spectat
739 2262 772 2319 in
792 2260 894 2340 primis
914 2258 985 2319 haec
1004 2256 1179 2338 philosophi
1199 2258 1321 2319 docum

90 2356 135 2417 Ut
162 2358 296 2419 notiones
325 2359 468 2438 expressit
499 2358 551 2417 ille
575 2358 628 2418 hac
646 2379 732 2434 voce,
752 2378 825 2437 quae
846 2379 913 2417 cum
933 2356 971 2417 ad
990 2354 1205 2436 cogitandum,
1226 2352 1321 2419 tumel

92 2468 153 2515 arte
173 2452 289 2534 aliquid
308 2469 383 2514 recte
404 2455 644 2532 informandum,
666 2457 841 2516 necessariae
858 2471 945 2531 sunt,
967 2455 1006 2514 ita
1021 2454 1054 2512 in
1071 2452 1153 2513 ideis
1170 2456 1321 2537 praecipuo

91 2552 197 2613 hebuit
205 2598 215 2628 ,
235 2554 270 2613 in
288 2553 436 2634 nullisque
457 2576 518 2615 nou
533 2557 650 2636 scriptis
671 2555 769 2614 ubivis
790 2555 960 2616 memoravit
979 2544 1016 2613 sd
1029 2543 1138 2625 καλδν,
1155 2546 1195 2613 ad
1208 2545 1321 2633 ἀγαθὼ,

29 2716 62 2739 -.-.
90 2644 129 2713 td
148 2648 273 2727 δίκαιον,
302 2646 339 2713 τό
364 2646 456 2715 ὅσιον.
499 2653 645 2726 Quaerere
672 2650 785 2711 solebat
810 2652 958 2728 Socrates,
989 2652 1069 2732 quod
1097 2652 1259 2734 aliquoties
1278 2655 1321 2733 je·

43 2744 65 2773 '⁸
91 2754 334 2829 memoravimus,
354 2752 428 2834 quid
446 2752 582 2834 pulcrum
600 2764 673 2810 esset
689 2750 763 2830 quid
783 2765 887 2830 turpe,
907 2749 981 2829 quid
998 2750 1110 2810 bonum
1126 2751 1321 2830 quidudum,

89 2849 165 2929 quid
191 2853 303 2929 justum
331 2852 404 2931 quid
424 2853 575 2932 injustum.
596 2847 629 2929 lt)
668 2848 747 2907 Haec
765 2848 867 2924 Plato,
887 2850 996 2929 quippe
1016 2847 1185 2909 Socraticus
1204 2864 1235 2911 et
1251 2850 1321 2909 instet

93 2949 222 3028 magistri
252 2950 289 3010 de
318 2949 404 3009 rebus
425 2950 463 3010 ad
481 2948 575 3011 vitum¹
593 2961 669 3007 recte
688 2945 829 3026 agendam
852 2947 1019 3007 necessariis
1037 2946 1205 3023 sollicitus,
1226 2946 1321 3027 mneri-

90 3045 192 3121 tabat,
226 3047 278 3107 sed
298 3047 395 3123 idem,
415 3048 503 3108 altius
522 3066 607 3128 quam
627 3045 761 3124 magister
780 3044 958 3119 ascendens,
980 3066 1040 3104 non
1059 3043 1098 3104 de
1121 3046 1217 3104 retae
1233 3042 1321 3126 putat

91 3156 122 3203 et
150 3142 252 3217 bouis,
282 3143 334 3203 sed
356 3144 393 3205 de
411 3153 474 3223 ipeo
495 3161 523 3204 et
542 3143 645 3226 pulcro
665 3157 694 3202 et
711 3141 788 3200 bono
807 3155 836 3201 et
849 3143 929 3219 justo
947 3155 975 3202 et
994 3155 1094 3201 sancto
1114 3142 1265 3222 agendum
1279 3138 1321 3201 sili

25 3294 28 3299 .
90 3254 174 3301 ratus
203 3254 253 3300 est.
294 3242 412 3321 Itaque,
433 3243 467 3302 ut
486 3263 531 3301 res
551 3241 679 3301 civitatis
698 3238 972 3299 administrarentur
989 3251 1082 3314 recte,
1103 3238 1187 3320 leges
1205 3240 1322 3311 censuit,

92 3354 125 3399 ut
154 3338 302 3416 Socrates,
323 3342 445 3423 optimas
465 3338 635 3403 condendas
656 3358 733 3412 esse,
755 3336 806 3397 sed
826 3336 1003 3417 legislatores
1024 3337 1094 3395 item
1114 3338 1213 3417 ipsam
1232 3335 1325 3399 intueri

88 3438 162 3515 justi
192 3437 287 3498 ideam
310 3440 415 3516 jussit,
443 3452 475 3497 ut
502 3438 539 3497 ab
566 3426 631 3514 ejus'
647 3435 840 3495 similitudine
860 3434 936 3516 leges
953 3435 1103 3495 ducerent.
1148 3436 1187 3497 Id
1211 3438 1265 3517 qui
1279 3454 1327 3499 net

92 3534 238 3611 tacerent,
267 3559 362 3596 coecos
391 3536 567 3617 appellabat.
603 3527 651 3595 Ἦ
666 3526 720 3595 ote
740 3531 863 3597 δοκοῦσί
881 3557 910 3595 τι
931 3531 1055 3612 τυφλῶν
1076 3529 1238 3617 διαφέρειν
1257 3530 1328 3617 eisd

90 3623 154 3692 ὄντι
180 3632 234 3694 τοῦ
255 3627 338 3707 ὄντος
360 3626 483 3695 ἑκάστου
506 3629 696 3716 ἐστερημένοι
715 3632 773 3717 τῆς
794 3628 947 3714 γνώσεως,
969 3631 1020 3696 καὶ
1041 3630 1144 3716 μηδὲν
1167 3630 1330 3720 dmpytglt

25 3786 29 3791 .
91 3730 135 3819 τῇ
159 3735 252 3820 ψυχῇ
276 3728 395 3815 ἔχοντες
420 3729 625 3817 παράδειγμα,
655 3734 737 3819 μηδὲ
759 3730 932 3816 δυνάμενοι,
955 3730 1056 3818 ὥσπερ
1078 3740 1226 3818 γραφεῖς,
1248 3728 1331 3814 cleti

89 3828 300 3916 ἀληθέστατον
321 3832 546 3918 ἀποβλέποντες,
567 3835 681 3924 κᾴκεῖσε
702 3834 750 3902 o'ei
776 3833 979 3928 ἀναφέροντές
1000 3860 1031 3902 τε
1052 3836 1103 3899 καὶ
1126 3834 1284 3921 θεώμενοι
1301 3830 1334 3913 ὅς

128 4164 154 4231 1)
172 4167 252 4218 letitia
270 4185 295 4235 p.
314 4168 355 4219 92.

127 4251 155 4315 2)
174 4250 224 4302 cie.
244 4252 315 4304 Orat.
335 4270 356 4303 e.
375 4252 400 4304 2.

128 4333 154 4399 3)
173 4336 209 4387 ld.
230 4340 282 4389 eod.
305 4354 326 4388 c.
344 4335 368 4388 3.

128 4417 155 4483 4)
172 4422 250 4473 letitia
271 4439 296 4488 p.
314 4420 373 4474 248.
