2796 5048
625 183 630 190 '
663 207 722 267 aaa

76 367 181 455 faqile,
211 367 320 447 quippe
349 367 381 425 in
410 387 517 427 summa
543 369 682 428 orationis
709 366 900 441 obscuritate,
930 387 1019 447 quam
1053 386 1140 428 nemo
1159 370 1295 452 intelligit,

78 464 256 525 reconditam
278 464 444 542 quandam,
473 466 496 524 si
518 466 570 525 Dis
590 465 704 546 placet,
724 465 895 546 sapientiam
914 467 1109 545 proferentes.
1151 469 1246 548 ltaque
1261 491 1296 528 ne·

78 564 170 645 glecta
189 563 277 623 hodie
299 578 498 644 contentaque
525 564 712 645 philosophia
734 576 794 622 est:
824 584 857 622 ac
886 563 1001 623 malunt
1031 564 1185 624 erectiorls
1210 565 1298 625 indolis

75 665 200 741 juvenes
217 661 266 720 vel
287 661 379 722 literis
398 663 446 722 vel
465 661 607 723 doctrinis
622 661 671 722 vel
690 674 810 721 naturae
820 663 1044 743 perscrutationi
1065 683 1186 744 operam
1201 685 1300 740 navare,
1358 690 1361 716 i

79 781 165 841 quarn
185 761 249 820 istis
269 760 422 819 immisceri
443 759 626 841 philosophis
637 805 646 835 ,
666 781 789 839 quorum
810 781 946 819 numerus
966 761 999 819 in
1021 760 1089 819 dies
1107 759 1256 820 hominurn
1270 783 1302 842 ge·
1360 792 1361 805 i

82 879 150 918 nere
161 873 290 938 augetur,
300 879 357 936 quo
368 857 483 916 nullum
495 859 598 917 natura
609 860 697 938 magis
707 880 723 917 a
733 859 844 919 sincero
854 858 1058 940 philosophiae
1072 858 1174 918 studio
1183 859 1304 934 abhorret,

73 960 291 1034 fanaticorum
309 970 336 1015 et
355 966 559 1036 mysticorum.
590 956 648 1016 Sed
668 979 802 1037 praesens
811 957 1012 1038 philosophiae
1022 956 1163 1030 conditio
1173 957 1307 1035 majoribus

83 1057 168 1116 etiam
189 1055 325 1115 cladibus
346 1070 489 1136 prostrata
505 1059 591 1135 jacet.
634 1058 705 1116 Nam
724 1071 840 1138 patrum
858 1056 994 1116 memorid
1005 1100 1014 1131 ,
1034 1070 1070 1114 ut
1089 1052 1243 1130 diximus,
1263 1076 1304 1114 ura

83 1175 150 1214 cum
178 1153 432 1215 excellentissimis
451 1154 651 1237 philosophis,
671 1154 815 1237 sophistae
837 1154 950 1230 ubivis,
970 1155 1147 1235 praesertim
1169 1153 1203 1214 in
1223 1153 1307 1234 Anglii

82 1267 112 1313 et
133 1254 268 1329 Francia,
290 1252 481 1334 prodierunt,
499 1255 550 1333 qui
572 1254 689 1314 moralis
710 1255 876 1329 doctrinae,
895 1274 980 1332 quam
1001 1253 1081 1312 tueri
1100 1250 1305 1334 profitebantur,

84 1372 183 1433 reapse
204 1351 415 1412 labefactarent
434 1354 625 1414 fundamenta
641 1365 669 1412 et
688 1367 817 1413 sanctam
835 1352 998 1412 doctrinam
1016 1364 1170 1425 nostram,
1192 1353 1269 1430 eujus
1281 1371 1308 1409 as

85 1452 165 1531 sequi
186 1449 396 1528 sublimitatem
418 1475 477 1511 non
498 1465 649 1533 poterant,
680 1451 812 1511 ludibrio
831 1451 982 1510 haherent.
1025 1450 1163 1523 Quorum
1185 1449 1309 1509 doctrinae

85 1564 147 1609 turn
177 1548 295 1627 quidem
319 1571 477 1630 paucorum
496 1564 620 1609 mentem
642 1550 851 1625 adverterunt,
878 1549 929 1609 sed
948 1568 1062 1629 serpere
1085 1547 1231 1627 deinceps
1246 1545 1310 1604 latius

87 1668 140 1728 per
157 1668 256 1705 omnes
276 1661 374 1727 gentes
395 1670 427 1707 ac
450 1648 533 1708 nulla
554 1671 613 1708 non
633 1648 786 1708 hominum
798 1668 908 1729 genera
926 1659 1096 1726 coeperunt.
1141 1644 1181 1705 Id
1192 1692 1201 1721 ,
1220 1645 1243 1704 si
1259 1641 1311 1724 quid

86 1743 189 1819 aliud,
218 1744 312 1804 lahem
330 1744 472 1827 adspersit
491 1746 710 1829 philosophiae,
739 1760 770 1805 ut
790 1747 850 1806 sint
869 1744 1033 1824 hodieque,
1053 1746 1109 1824 qui
1131 1766 1200 1803 eam
1218 1760 1310 1803 nonst·

87 1843 150 1901 lum
178 1845 239 1906 sive
266 1859 385 1926 propter
405 1846 574 1923 jactantiam
606 1858 762 1927 spernant,
789 1845 850 1905 sive
876 1843 1061 1904 obscuritatis
1079 1843 1186 1903 caussd
1205 1843 1311 1923 fugiant,

90 1939 142 2000 sed
162 1941 321 2025 impietatis
341 1943 412 2007 adeo
441 1958 592 2019 accusent,
611 1958 697 2025 atque
715 1943 903 2024 opinionum,
919 1963 993 2021 quae
1010 1940 1145 2000 humano
1166 1941 1264 2022 generi
1272 1957 1311 2019 pet·

88 2039 191 2099 tifcrae
221 2042 300 2116 sint,
332 2056 452 2102 matrem
480 2043 616 2104 habeant.
659 2043 724 2116 Quo
754 2042 842 2121 magis
872 2042 1021 2120 acriusque
1049 2040 1181 2099 fanatici
1208 2037 1313 2097 homines

88 2159 217 2197 caussam
233 2142 376 2221 suscipere
396 2140 564 2221 religionis,
582 2141 633 2200 sed
652 2140 722 2216 sud,
743 2140 775 2200 id
795 2152 854 2215 est,
882 2139 981 2220 inepta
1004 2146 1192 2219 prorsusque
1209 2130 1314 2217 perversi

89 2237 200 2295 ratione
221 2239 388 2298 instituunt.

131 2336 284 2408 Quaerunt
303 2336 392 2414 igitur
412 2335 497 2396 multi
514 2339 694 2418 temporibus
711 2339 791 2399 hisce
811 2337 934 2410 nostris,
956 2332 1211 2414 quemadmodum
1230 2327 1317 2392 restitui

91 2433 124 2491 in
149 2431 321 2511 dignitatem
346 2455 425 2492 suam
453 2436 607 2517 pristinam
631 2439 886 2516 auctoritatemque
904 2431 1094 2515 philosophia
1118 2431 1239 2492 debeat.
1276 2430 1318 2502 Qu

92 2528 130 2589 de
159 2551 189 2589 re
220 2530 294 2590 aliae
324 2546 392 2591 sunt
410 2534 534 2594 aliorum
554 2537 734 2615 maximeque
756 2534 889 2595 diversae
908 2532 1078 2592 sententiae.
1125 2528 1273 2590 Nonnulli
1288 2546 1319 2584 re-

92 2628 291 2689 suscitandam.
321 2632 408 2692 unius
428 2633 578 2712 cujusdam
598 2636 660 2698 sive
680 2635 786 2696 veteris
804 2633 866 2695 sive
886 2630 1055 2690 recentioris
1074 2629 1254 2711 philosophi
1271 2625 1321 2685 dae

93 2727 201 2786 trinam
229 2743 353 2810 putant,
382 2753 468 2810 quam
488 2733 645 2814 diligenter
664 2735 746 2793 vitiis
763 2751 918 2814 purgamus
935 2729 1126 2807 inventisque
1149 2725 1323 2810 posteritatis,
1359 2742 1361 2747 ·

93 2839 123 2885 et
142 2827 247 2887 nostris
267 2828 432 2889 mehercule
454 2833 538 2907 item,
559 2853 723 2914 augeamus.
756 2830 817 2891 Alii
835 2830 977 2915 longeque
994 2826 1120 2907 plurimi
1137 2847 1176 2887 ex
1195 2823 1323 2891 omnihus,

94 2946 168 3003 quae
192 2927 367 2987 exstiterunt
387 2951 534 3009 unquam,
563 2932 804 3013 philosophorum
825 2929 910 2988 sectis
929 2927 1038 3008 optima
1057 2945 1197 3005 quaeque
1216 2921 1326 2982 delius

96 3021 212 3083 malunt
230 3037 315 3103 atque
334 3027 367 3089 iu
387 3026 539 3089 doetrinae
558 3029 713 3090 formulam
732 3029 872 3110 redigere.
915 3026 990 3086 Sunt
1010 3025 1101 3098 item,
1123 3024 1178 3104 qui
1200 3023 1326 3082 insum

96 3134 188 3178 torem
219 3122 440 3206 philosophiae,
470 3129 693 3208 nescioquem,
724 3127 774 3188 sed
795 3129 901 3190 divino
919 3126 1015 3186 virum
1035 3123 1182 3201 ingenio,
1200 3121 1253 3199 qui
1270 3135 1328 3177 nota

97 3221 195 3278 omnia
223 3243 313 3301 genus
341 3224 491 3284 hominum
519 3226 639 3302 doceat,
672 3239 848 3309 exspectent.
892 3221 1055 3303 Equidem,
1084 3220 1111 3279 si
1134 3221 1160 3280 is
1179 3213 1329 3299 apparuerit

98 3319 130 3376 in
159 3337 262 3398 genere
293 3321 443 3398 humano,
474 3324 552 3383 nihil
574 3328 703 3408 profecto
723 3324 802 3405 quod
822 3320 983 3384 desiderem
1003 3317 1143 3394 habebo,
1164 3310 1255 3376 modo
1271 3330 1329 3374 nott

99 3415 172 3491 illa,
199 3438 273 3495 quae
291 3422 442 3497 attulerit,
463 3444 530 3485 vera
549 3426 608 3484 sint
629 3425 715 3484 simul
737 3437 764 3483 et
782 3420 954 3482 mortalibus
975 3417 1125 3477 salutaria.
1171 3412 1252 3506 Sed,
1277 3411 1330 3471 dra

102 3515 208 3574 frustra
229 3534 428 3600 exspectamus
448 3522 535 3582 talem
555 3524 667 3583 scilicet
687 3521 906 3605 philosophum,
925 3516 1016 3577 nolim
1035 3514 1084 3575 vel
1100 3517 1208 3593 jurare
1220 3514 1252 3572 in
1263 3509 1331 3569 univ

102 3611 272 3693 philosophi
293 3619 400 3696 verba,
423 3620 490 3696 vel,
511 3621 646 3701 eligendo
667 3643 682 3680 e
702 3621 843 3702 singulis,
864 3619 1020 3688 universa,
1040 3614 1130 3672 sicuti
1150 3611 1204 3688 fit,
1223 3606 1333 3670 counit

103 3728 177 3767 cere.
220 3713 429 3777 commiserunt
445 3719 477 3779 id
495 3722 574 3782 omni
594 3742 664 3783 aevo
684 3720 831 3794 eclectici,
849 3718 899 3796 qui
920 3715 1039 3772 fuerunt
1057 3711 1120 3769 iere
1141 3709 1236 3769 iidem
1253 3701 1332 3787 appel·

105 3806 216 3886 latique
238 3826 306 3869 sunt
328 3827 551 3891 syneresisticr':
574 3839 663 3898 eoque
683 3819 761 3877 nihil
781 3835 908 3896 unquam
930 3811 968 3871 ad
986 3807 1235 3870 confundendam
1249 3804 1333 3864 obser

106 3904 285 3986 randamque
313 3911 527 3995 philosophiam
560 3918 655 3976 valuit
684 3917 783 3997 magis.
837 3911 971 3991 Persequi
1002 3906 1103 3966 malim
1133 3918 1165 3966 et
1192 3903 1333 3987 perlicere,

107 4005 253 4085 quidquid
279 4024 377 4090 patres
405 4016 496 4074 nostri
526 4017 563 4076 ad
591 4038 688 4078 veram
716 4012 935 4098 provehendam
962 4004 1170 4090 philosophiae
1198 4002 1334 4063 uriliano

108 4102 305 4183 inchoarunt,
324 4108 402 4170 illud
420 4132 488 4170 vero
513 4135 594 4194 agere
614 4117 815 4197 potissimum,
835 4109 914 4189 quod
933 4107 1019 4171 nohis
1036 4100 1247 4163 commendare
1267 4096 1335 4157 etiam

112 4214 197 4279 atque
233 4208 319 4269 etiam
353 4209 502 4286 solebant,
535 4226 566 4271 ut
603 4213 695 4271 nullis
729 4233 789 4271 non
821 4192 926 4269 studiis
964 4204 1072 4265 nostris
1100 4209 1254 4275 mttere,
1283 4209 1336 4254 tn·

112 4307 281 4375 quam-veri
309 4307 461 4385 obrussae,
496 4310 684 4370 adhibeamus
713 4308 906 4389 diligentiam.
950 4303 998 4364 Sic
1016 4301 1135 4361 demum
1147 4347 1157 4375 ,
1188 4320 1247 4379 quo
1265 4289 1337 4370 magd

112 4398 246 4475 prodesse
266 4405 500 4489 philosophando
520 4410 619 4489 generi
640 4409 767 4468 humano
787 4407 945 4488 possimus,
963 4400 1104 4483 proficere
1128 4419 1168 4461 ex
1195 4406 1336 4476 temporum
