2796 5048
664 234 722 292 516

80 410 196 484 temnit,
216 428 273 487 quo
292 426 359 466 vero
377 405 498 465 senescit
516 404 624 482 magis,
644 422 678 461 eo
697 400 786 479 magis
805 399 943 480 pecunias
961 398 1082 508 diliget,
1103 395 1179 475 quod
1197 416 1277 456 avarae

82 521 198 566 naturae
225 504 385 586 particeps,
416 522 507 581 noque
528 502 639 579 integer
659 499 696 558 sit
722 496 760 557 ad
790 497 943 571 virtutem,
974 495 1043 575 quia
1060 495 1167 576 optimo
1183 469 1279 553 custode

80 619 165 665 caret.
207 604 257 663 Est
284 616 377 661 autem
406 614 499 659 custos
527 599 578 658 ille
613 588 744 676 λόγος,
773 593 905 713 μουσικῇ
932 588 1122 676 κεκραμένος·
1151 588 1183 666 ὃς
1209 585 1281 670 μόνος

82 696 280 784 ἐςνονόμονος,
312 721 412 781 σωτηρ
450 690 558 779 ἀρετῆς
588 691 638 759 daci
655 692 781 777 βίου’
765 700 870 760 evomat
891 696 936 782 τῷ
965 692 1074 778 ἔχοντι·
1109 695 1139 777 1)
1167 702 1283 768 ratio,

82 812 196 864 ararica
225 812 390 880 temperata
400 822 414 871 ,·
446 823 520 879 quaa
550 801 611 859 tola
629 823 698 859 cum
718 803 820 877 adeat,
838 821 895 880 per
911 822 1026 859 omnem
1046 806 1160 871 vitam,
1180 802 1223 870 ai,
1241 800 1281 872 gui

80 914 177 982 ipram
195 914 291 976 terret,
312 906 441 959 virtutis
459 901 571 958 inridet
587 907 833 960 conservatrix.»
853 898 885 979 2)

118 1002 199 1062 Talis
226 1001 313 1081 igitur
336 998 456 1076 juvenis
473 997 683 1073 timocraticus,
704 998 725 1057 i.
744 1017 770 1058 e.
788 997 980 1057 timocraticae
998 995 1112 1056 civitati
1133 989 1233 1052 similis
1246 1001 1284 1048 est.

81 1100 137 1159 Sed
165 1122 222 1178 quo
251 1097 373 1157 interius
392 1095 473 1155 Plato
493 1096 616 1176 optimae
636 1109 756 1155 naturae
775 1096 987 1177 corruptionem
1007 1092 1146 1173 indaget,
1167 1089 1287 1166 illamque

79 1200 116 1258 ab
145 1199 214 1280 ipsis
243 1195 337 1256 initiis
361 1193 504 1269 deducat,
534 1193 623 1274 exigit
641 1215 703 1253 eam
727 1193 765 1253 ad
788 1194 911 1274 optimae
929 1193 1060 1252 civitatis
1079 1189 1287 1271 corruptionem

59 1288 62 1296 ¹
83 1319 97 1350 ο
109 1297 155 1355 Fit
183 1295 249 1355 talis
275 1296 355 1368 fere,
375 1293 415 1352 ait
441 1291 586 1366 Socrates,
603 1291 723 1369 juvenis
741 1292 812 1367 ille,
831 1289 1068 1370 quandoquidem
1088 1303 1199 1371 patrem
1217 1285 1289 1345 habet

77 1396 204 1470 bonum,
234 1392 284 1453 sed
311 1392 361 1471 qui
391 1391 423 1450 in
453 1390 656 1450 civitate'uon
684 1389 758 1449 bene
787 1388 946 1469 gubernata
972 1389 1110 1449 habitans
1121 1433 1131 1462 ,
1161 1386 1290 1458 honores,

78 1494 259 1574 principatus
286 1512 317 1552 ac
343 1488 457 1569 judicia
482 1488 577 1569 fugit3
610 1503 727 1548 matrem
755 1509 843 1563 vero,
874 1508 947 1568 quae
974 1487 1168 1568 indignatur,
1197 1485 1293 1565 quoties

79 1591 212 1649 maritum
241 1588 322 1650 videt
357 1587 459 1647 horum
490 1588 637 1663 omnium,
667 1588 790 1667 itemque
818 1588 1026 1668 pecuniarum,
1058 1586 1293 1666 negligentiorem.

80 1688 177 1747 Facile
197 1687 266 1746 haec
291 1685 353 1745 filio
381 1684 471 1761 dicit,
500 1685 638 1766 ignavum
666 1685 723 1766 ipsi
751 1698 861 1767 patrem
882 1705 942 1745 esse
962 1685 1145 1764 nimiumque
1163 1684 1293 1742 remissura

81 1799 109 1844 ct
128 1785 203 1860 alia,
229 1788 302 1864 quae
328 1784 365 1845 de
392 1785 501 1845 talibus
529 1785 635 1865 garrire
655 1783 790 1843 mulieres
808 1796 1030 1845 consueverunt.
1073 1781 1163 1841 Talia
1182 1782 1247 1840 item
1265 1781 1294 1838 fa

82 1883 154 1941 muli
184 1883 279 1963 pueris
299 1878 340 1943 ‘iu
367 1868 465 1943 aurem
493 1882 616 1958 dicunt,
648 1896 675 1942 et
702 1882 726 1942 si
746 1891 830 1963 quem
850 1881 980 1942 viderint
1006 1881 1054 1942 vel
1075 1881 1218 1962 pecunias
1235 1879 1295 1960 patri

83 1981 251 2058 debentem,
271 2003 355 2060 quem
374 1982 435 2063 ipse
454 1982 564 2042 nonin
585 1983 634 2058 jus
652 1994 753 2055 vocat,
776 1979 823 2041 vel
843 1979 876 2038 in
896 1979 962 2040 aliis
980 1992 1177 2061 peccantem,
1197 1977 1296 2038 edicunt

83 2098 189 2159 puero,
210 2079 370 2158 siquando
399 2079 444 2139 vir
470 2078 592 2154 evadat,
614 2098 711 2138 omnes
730 2077 803 2137 tales
824 2078 998 2153 ulciscatur,
1019 2078 1126 2157 virque
1152 2078 1237 2158 magis
1250 2076 1293 2146 sit,

84 2198 168 2255 quam
186 2192 266 2258 pater
287 2178 438 2237 exstiterit.
480 2178 629 2237 Caeterum
653 2160 737 2236 domo
764 2177 833 2235 item
852 2197 978 2256 egressus
997 2197 1087 2258 puer,
1111 2175 1162 2235 his
1184 2172 1291 2236 nondis

5 2348 7 2353 Α
84 2275 190 2334 similia
217 2276 299 2336 audit
327 2275 481 2353 videtque:
512 2275 643 2336 homines
669 2296 791 2356 nempe,
820 2276 870 2354 qui
890 2276 1060 2337 incivitate
1082 2296 1206 2334 suarum
1223 2291 1297 2332 rcruu

84 2386 234 2454 satagunt,
264 2373 382 2433 stolidos
413 2374 510 2434 vocari
537 2387 565 2432 et
592 2375 680 2455 parvi
684 2372 815 2455 pendi,
845 2375 895 2454 qui
916 2396 984 2435 vero
1004 2395 1055 2432 sua
1072 2373 1246 2454 negligunt,
1261 2371 1300 2430 ho

86 2471 181 2529 norari
212 2469 392 2550 laudarique.
451 2472 547 2546 Quum
575 2472 645 2531 haec
671 2473 759 2552 igitur
782 2466 1016 2532 adolescentulus
1041 2471 1131 2531 audit
1161 2469 1301 2588 videtque,

86 2589 239 2647 rursusque
257 2569 347 2651 patris
361 2572 486 2686 percipit
506 2592 648 2631 sermones
658 2562 872 2648 ,ἑλκόμενος
853 2593 894 2631 vn
917 2563 1100 2652 α’μφοτερων
1113 2564 1247 2644 τούτων,
1261 2566 1301 2630 roi

85 2663 142 2745 μὲν
160 2663 274 2750 πατρός
290 2662 381 2729 αὐτοῦ
397 2692 439 2731 το
434 2662 710 2750 λογιοτικον’
694 2695 726 2733 εν
746 2673 787 2761 τῇ
808 2673 900 2766 ψυχή
920 2667 1067 2756 ἄρδοντός
1086 2695 1120 2734 τε
1144 2696 1194 2734 και
1186 2663 1299 2744 αὔξον

88 2792 151 2848 τος,
173 2771 232 2832 τῶν
251 2767 287 2831 δὲ
303 2764 402 2834 ἄλλων
419 2766 459 2833 τό
479 2795 510 2833 τε
532 2769 809 2896 ἐπιθυμητικόν
828 2774 877 2837 καὶ
901 2772 944 2838 τό
966 2774 1186 2856 θυμοειδὲς,
1212 2795 1301 2857 τιμον

88 2867 169 2958 αὐτῷ
196 2868 295 2955 όρχην
323 2869 476 2956 παρέδωκε
502 2876 547 2962 τρῖ
570 2872 654 2963 μέσῳ
676 2901 708 2939 ra
734 2877 783 2939 καὶ
807 2877 962 2965 ortonnes
987 2877 1035 2941 nai
1063 2879 1240 2958 θιιμοειδιῖ·
1262 2873 1298 2938 νοῒ

91 2970 201 3055 ἐγένετο
221 2970 410 3058 ὑψηλόφρων
435 3000 466 3038 τε
486 2941 535 3039 nai
557 2973 715 3061 φιλότιμος
734 2974 825 3063 ἁνήρ·
858 2985 893 3041 ab
917 2985 965 3041 Itis
986 2990 1126 3061 atraeque
1148 2990 1298 3051 attractas,

91 3101 182 3157 qaum
205 3090 296 3158 pater
321 3088 354 3137 in
387 3089 485 3157 ipsius
511 3089 611 3145 carinae
638 3093 864 3160 rationem,
885 3092 998 3144 caetera·
1018 3106 1086 3142 aero
1104 3108 1154 3142 ca
1162 3095 1207 3166 pi
1216 3088 1300 3144 dita·

91 3187 169 3234 tem
190 3188 278 3256 atque
302 3187 408 3237 iram
421 3183 532 3256 sonent
550 3172 735 3262 augentque,
767 3191 865 3243 animi
884 3191 934 3241 sai
952 3191 1119 3261 imperinm
1142 3180 1302 3244 anadiuaillt'

84 3279 256 3353 facultati,
277 3286 475 3336 contentiosae
506 3289 594 3358 atqua
623 3284 789 3341 iracundae
806 3284 922 3357 tradit,
934 3284 1035 3360 fitque
1054 3291 1106 3359 aar·
1126 3285 1205 3341 elato
1221 3286 1304 3340 anina

94 3395 129 3431 ac
147 3376 264 3456 gloriae
284 3377 445 3452 cupidae.»
467 3375 498 3457 3)

132 3473 396 3533 Animadvertimus
424 3475 511 3534 facilc
540 3478 571 3535 in
600 3477 731 3558 legendis
750 3477 828 3537 hisce
852 3499 957 3537 curam·
969 3476 1214 3558 diligentiamque
1228 3475 1304 3536 Plato

93 3571 158 3645 nis,
190 3593 245 3650 qua
274 3571 418 3631 hominem
446 3574 530 3632 illum
558 3576 740 3657 exploravit:
773 3577 905 3656 ider'nque
927 3574 1010 3635 nobis
1030 3575 1194 3657 deinceps,
1216 3575 1263 3634 ubi
1279 3571 1304 3631 de

28 3713 31 3726 .
95 3662 157 3727 viro
186 3663 386 3749 oligarchico,¹
409 3672 599 3733 democratico
624 3690 651 3734 ct
671 3677 825 3756 ,tyrannico
848 3677 926 3756 agit,
947 3673 1108 3755 apparebit.
1154 3675 1224 3734 Erat
1241 3671 1306 3732 scili·

95 3780 139 3825 cet
155 3767 186 3825 in
205 3768 357 3827 omni'hac
379 3769 573 3851 disputatione
594 3775 729 3854 princeps
748 3777 809 3853 ejus
827 3775 998 3848 consilium,
1019 3794 1099 3847 non,
1124 3788 1157 3832 ut
1174 3774 1307 3834 civitatum

95 3864 310 3940 conditionem,
341 3866 391 3925 sed
422 3883 452 3927 ut
481 3870 606 3929 hominis
636 3886 766 3931 naturam
792 3872 951 3952 indagaret.
993 3871 1067 3929 Iade
1092 3872 1174 3930 enim
1202 3870 1308 3928 maxime

100 4067 353 4078 ——a-——a———n-

134 4172 157 4238 1)
176 4174 233 4228 Non
254 4176 411 4247 negligenda
432 4161 506 4232 lectio
530 4188 588 4248 est,
608 4201 682 4252 quam
702 4192 803 4237 secutus
820 4183 925 4237 Ficiuus
942 4185 1061 4248 videtur,
1081 4171 1191 4236 ἐνοικεῖ
1206 4172 1248 4258 τῷ
1266 4166 1309 4251 dp·

100 4278 191 4337 χοντι.
228 4267 309 4319 Vertit
324 4259 407 4322 eirirn:
425 4289 471 4340 per
487 4289 578 4325 annam
591 4278 667 4328 citam
678 4278 793 4328 virtatem
813 4279 840 4328 in
857 4294 901 4340 eo,
915 4279 958 4343 qai
969 4284 1084 4347 praeest,
1101 4289 1195 4330 serrat.

134 4359 160 4422 a)
178 4361 215 4411 oe
232 4361 292 4429 nep.
310 4361 373 4413 v111.
392 4362 450 4414 saa.
469 4365 498 4415 u.

135 4442 160 4507 3)
179 4447 239 4499 Eod-
258 4447 315 4499 548.
335 4448 364 4499 Ε.
383 4475 416 4485 ·-
433 4450 491 4502 550.
509 4450 539 4502 Β.
