2796 5048
684 254 742 312 lto

86 415 229 494 aequissit
241 414 459 474 exercitationis
470 414 557 493 hujus
567 415 677 477 modus.
721 418 794 475 Turn
807 416 857 474 ille
868 430 896 474 et
906 415 964 474 alia
981 418 1006 474 ei
1022 418 1170 498 praecipit
1185 433 1213 478 et
1228 419 1311 480 hocce:

88 507 152 593 χρή
169 509 204 572 δὲ
221 510 271 572 καὶ
289 505 359 572 ro'tle
382 507 424 572 ἔτι
446 508 521 590 πρὸς
538 508 634 598 τούτῳ
656 518 764 575 ποιεῑν·
786 510 831 595 μή
852 508 947 592 μόνον
968 512 993 574 εἰ
1004 508 1087 577 ἔστιν
1097 511 1221 578 ἕκαστον
1234 513 1311 580 ι’πιοτι-

86 610 231 691 θὲμενον,
254 619 369 675 σκοπεῖν
391 608 428 675 tri
448 613 647 695 συμβαίνοντα
663 615 695 677 ἐκ
715 618 769 698 τῆς
784 611 973 691 ὑποθέσεως,
996 612 1074 677 tilla*
1090 618 1143 679 καὶ
1164 618 1189 680 εἰ
1207 614 1249 702 μή
1261 620 1313 691 lou,

86 713 121 779 ro*
143 712 218 779 αὐτοὶ
236 718 324 778 τοῦτο
342 711 561 793 ὑποτίθεσθαι,
578 718 603 779 εἰ
616 714 714 799 βούλει
725 720 839 797 μᾶλλον
854 718 1083 801 γυμνασθῆναι·
1101 725 1187 781 ettad
1200 735 1314 800 parter·

86 844 121 880 eu
136 823 322 898 sociandum
348 831 412 880 ert:
435 844 494 881 non
515 824 631 897 solum,
653 826 704 880 ubi
724 808 857 902 quodque
875 844 936 882 erre
946 833 1143 900 suppositum
1159 832 1225 896 est,
1242 826 1315 901 exple

87 942 161 980 rere
172 942 277 999 ,quae
297 942 312 977 e
332 925 530 998 suppositione
551 934 789 999 consequentur,
820 924 872 981 sed
891 930 1002 996 ettam,
1026 924 1079 980 radi
1102 944 1164 980 ποπ
1185 943 1245 980 arra
1263 930 1347 997 sup

84 1029 218 1099 positum
237 1029 300 1092 art,
321 1020 405 1078 hoc'
393 1041 493 1098 aprum
522 1041 704 1098 supponere,
734 1024 881 1100 siquidem
908 1032 989 1079 reete
1009 1028 1187 1079 exercitari
1207 1021 1273 1076 valia
1290 1018 1315 1097 l)

89 1116 255 1176 Similiter
248 1140 277 1176 ru
295 1116 445 1177 Phileboa
462 1116 618 1178 dialectica
628 1117 748 1178 ducetur
758 1119 994 1201 disputationis
985 1120 1121 1178 mitium.
1166 1119 1347 1176 Continettu

39 1219 40 1222 ’
89 1214 189 1274 adeo'
180 1237 276 1296 ipsum
287 1236 465 1296 prooemium
475 1215 558 1276 tllurs
567 1214 764 1298 descriptione
783 1216 927 1291 methodi,
948 1238 1023 1296 quae
1044 1215 1228 1276 cernendo
1216 1236 1347 1294 junges.

88 1313 210 1393 doque
202 1314 368 1375 instituitur
387 1327 472 1395 atque
492 1316 579 1374 unice
599 1316 658 1375 fuit
672 1316 786 1376 Platoni
807 1317 934 1397 propria.
976 1316 1136 1375 Prooemio
1151 1328 1246 1374 autem
1264 1327 1318 1371 uter
1344 1290 1347 1365 l

88 1433 145 1491 que
166 1411 300 1492 dialogus
320 1434 501 1492 consequens
519 1427 580 1472 est:
601 1427 679 1473 totus
701 1428 819 1493 uterque
848 1412 1001 1472 dialectica
1030 1412 1250 1494 disceptatione
1264 1433 1317 1470 con·

88 1524 151 1569 stat.
195 1509 282 1583 Quod
297 1508 334 1569 ad
353 1511 555 1571 Parmenidem
575 1514 742 1593 praesertim
762 1511 988 1589 intelligendum
1009 1511 1315 1571 reeteanimadrerten·

87 1608 157 1667 dum
176 1607 341 1688 legentibus
360 1623 410 1670 est.
452 1609 678 1687 Disquisitiones
700 1611 822 1668 enimin
841 1609 895 1669 hoc
910 1608 1026 1689 dialogo
1043 1630 1108 1668 non
1128 1611 1235 1691 magis,
1252 1604 1318 1687 quau¹

87 1707 120 1765 in
141 1706 316 1782 Theaeteto,
338 1706 376 1766 ad
393 1722 499 1767 certam
521 1709 668 1786 quandam
688 1708 904 1768 conclusionem
931 1707 1153 1788 perducuntur.
1198 1708 1313 1783 Quocirca

85 1806 182 1864 mirati
194 1804 226 1864 id
240 1827 326 1884 quam
345 1806 464 1886 plurimi
479 1820 565 1881 sunt,
579 1807 718 1868 nonnulli
729 1806 801 1866 adeo
811 1827 828 1865 a
838 1806 957 1869 Platone
968 1805 1016 1865 vel
1029 1826 1092 1864 nou
1102 1805 1266 1884 adjectum,
1282 1804 1313 1864 vel

86 1917 150 1985 post
168 1924 233 1962 eum
253 1903 439 1985 deperditum
455 1925 514 1964 esse
532 1908 672 1966 sermonis
701 1905 790 1965 finem
808 1906 945 1986 suspicati
969 1917 1039 1963 sunt
1059 1901 1104 1984 2).
1129 1905 1240 1965 Verum
1257 1904 1312 1963 enin

86 2002 118 2061 id
138 2003 225 2061 unice
244 2005 386 2083 spectavit
405 2005 561 2066 scribendo
572 2026 702 2065 sermone
725 2005 825 2078 Plato,
849 2016 899 2077 ut,
921 2002 1023 2083 positis
1043 2004 1206 2063 sententiis
1222 2015 1312 2062 coutra-

85 2101 136 2160 riis
157 2123 186 2164 v.
206 2122 231 2162 c.
251 2124 311 2161 erra
330 2105 561 2182 ununrquorlque
604 2118 633 2164 et
659 2126 717 2162 narr
736 2125 816 2177 aare,
835 2101 909 2180 quid
937 2120 973 2159 ex
993 2114 1121 2179 utraque
1145 2120 1311 2181 consequere

83 2214 150 2274 tur,
173 2200 328 2260 dialectiea
357 2200 519 2262 subtilitate
549 2204 728 2282 exquireret:
751 2203 792 2261 sie
813 2214 908 2259 autem
929 2199 1104 2259 dialecticae
1126 2200 1166 2260 de
1184 2199 1255 2259 ideis
1270 2198 1308 2256 dis·

82 2298 250 2375 quisitionis
271 2299 437 2379 exemplum
453 2299 604 2381 praeberet
625 2301 798 2381 legentibus.
840 2297 931 2363 Nobis
950 2316 1018 2355 vero
1031 2295 1135 2372 iude,
1157 2297 1235 2377 quod
1253 2314 1307 2355 nunt

82 2394 207 2454 maxime
228 2398 429 2474 exquirimus,
449 2413 528 2479 patet
538 2445 546 2473 ,
566 2399 661 2478 qualis
680 2399 808 2457 Platonis
828 2398 917 2455 fuerit
935 2395 1082 2469 maxime,
1105 2414 1183 2474 quae
1202 2394 1307 2476 appella·

82 2505 150 2568 tur,
168 2494 301 2573 ιιμνίοοιδ
328 2495 555 2578 philosophandi
577 2498 659 2557 ratio.
702 2499 738 2555 In
755 2495 801 2555 his
829 2492 965 2553 omnibus
994 2512 1055 2551 non
1074 2494 1306 2575 principium,ut

81 2591 175 2651 solent
186 2595 396 2675 metaphysiri,
417 2597 532 2677 posuit,
543 2595 622 2675 quod
637 2609 860 2675 geometrarum,
883 2606 914 2650 ut
941 2604 1065 2664 vocant,
1087 2610 1171 2651 more
1192 2594 1212 2653 i.
1229 2612 1305 2670 σιμ·

81 2690 189 2751 thetica
209 2694 320 2751 ratione
352 2694 563 2754 demonstraret
591 2693 717 2773 indeque
745 2693 864 2752 duceret
890 2690 1112 2771 explicaretque
1143 2691 1255 2750 omnia:
1272 2688 1304 2746 sul

81 2788 161 2848 Plato
188 2791 341 2865 methodo,
378 2793 530 2873 analytica
568 2792 639 2866 itta,
666 2815 751 2868 usus,
779 2795 840 2873 ipse
871 2782 1084 2849 denudatae
1076 2810 1098 2848 r.
1129 2814 1155 2852 e.
1187 2812 1223 2850 τα
1242 2810 1304 2857 οντα,

79 2887 159 2946 ideas
169 2892 378 2969 ,inquirendo
403 2905 570 2974 persecutus
592 2907 643 2952 est

124 2988 234 3058 Quodsi
258 2990 440 3068 quaerimus,
461 3012 547 3069 quam
567 2992 599 3049 in
629 2990 753 3070 legendo
771 2988 943 3049 Parmenide
969 2987 1192 3064 desideramus,
1216 2986 1304 3049 subtilis

51 3088 54 3095 ’
80 3089 246 3166 hujusmodi
272 3089 442 3148 dialecticae
454 3089 660 3171 disputationis
678 3089 908 3164 conclusionem,
927 3086 1068 3145 Philebus
1089 3089 1181 3148 nobis
1200 3084 1304 3163 nonqui·

79 3184 146 3246 dein¹
161 3187 266 3268 plene,
288 3186 339 3246 sed
360 3201 456 3246 tamen
477 3188 569 3248 multo
598 3189 687 3268 magis
705 3187 873 3246 satisfaciet.
916 3186 954 3245 Ut
964 3184 1002 3243 ad
1021 3184 1205 3245 boni'ideam
1225 3183 1303 3266 exple

81 3286 202 3345 randam
213 3285 330 3365 proprie
347 3285 473 3349 refertur
493 3285 626 3367 dialogus
643 3287 744 3359 hicce,
767 3287 806 3343 ita
826 3284 862 3343 de
873 3285 1023 3364 voluptate
1034 3285 1221 3345 continuoet
1234 3285 1302 3344 scieu-

80 3385 121 3443 tia
140 3405 231 3442 sermo
254 3383 428 3442 instituitur.
471 3385 543 3444 Nam
561 3386 692 3444 Platonis
707 3386 768 3460 jam
795 3396 886 3442 aetate
908 3381 1076 3463 philosophi
1098 3384 1143 3441 sic
1163 3406 1180 3442 a
1197 3404 1226 3443 se
1245 3379 1303 3440 iur'e

78 3504 141 3540 cern
159 3481 370 3557 discedebant,
394 3496 425 3542 ut
441 3498 557 3558 essent,
577 3486 627 3563 qui
649 3504 791 3542 summurn
808 3483 919 3542 bonum
938 3480 1090 3560 voluptate
1112 3482 1254 3541 contineri
1263 3492 1303 3537 sta-

80 3592 213 3654 tuerent,
235 3580 286 3639 alii
305 3580 343 3641 ad
368 3581 446 3640 illud
465 3604 552 3641 unam
579 3583 750 3663 sapientiam
778 3583 930 3641 referrent.
973 3578 1031 3636 Sed
1053 3592 1084 3637 ut
1103 3578 1242 3660 Epicurei
1259 3598 1302 3660 pot

79 3691 123 3735 tea
141 3691 168 3735 et
184 3678 291 3753 Stoici,
315 3681 355 3738 ita
376 3679 407 3737 hi
420 3682 535 3759 utrique
547 3702 606 3739 non
619 3681 687 3739 satis
707 3679 745 3738 ad
756 3680 938 3739 dialecticam
959 3671 1112 3755 ἀκρίβειαν
1135 3700 1195 3737 rem
1214 3681 1302 3756 exigere

79 3776 221 3835 solebant.
265 3779 346 3838 Plato
367 3779 455 3858 igitur
472 3802 487 3837 a
508 3778 682 3853 dialectica,
703 3795 734 3838 ut
753 3780 899 3853 diximus,
924 3780 1091 3861 incipiens,
1116 3780 1256 3840 Socratem
1272 3777 1302 3832 in·

78 3875 161 3933 ducit
180 3890 267 3933 artem
300 3879 440 3936 continuo
470 3877 652 3951 tradentem,
683 3899 739 3957 qua
768 3899 828 3936 non
847 3874 879 3937 ‘tir
903 3876 953 3937 καὶ
973 3871 1094 3959 ἄπειροι,
1147 3878 1199 3938 sed
1227 3868 1302 3937 ὁπόσα

78 3975 285 4051 exquiruntur.
317 3975 490 4052 Hujusmodi
519 3975 571 4032 illa
602 3988 659 4046 est,
690 3975 805 4053 inquit,
827 3993 858 4037 ut
889 3979 926 4038 de
954 4001 1022 4039 voce
1051 4002 1081 4040 v.
1103 4002 1131 4040 c.
1156 3977 1300 4040 nouaclum

78 4093 173 4128 αιιαοι
195 4072 215 4130 i.
235 4092 259 4132 e.
283 4073 374 4153 ipsam
394 4094 511 4143 vocem,
540 4086 567 4129 et
586 4073 713 4148 irfimto
738 4076 758 4133 i.
780 4096 804 4133 e.
837 4078 1004 4138 innumeros
1024 4099 1133 4153 sonos,
1162 4077 1213 4138 sed
1238 4075 1299 4134 etiam

88 4252 109 4257 —
118 4252 341 4261 —ss—an--ss

113 4347 122 4396 l
157 4349 243 4399 Purra.
263 4349 321 4400 135.
342 4350 371 4399 E.
461 4344 464 4350 ¹

110 4345 136 4495 Pl
156 4433 212 4483 Vid.
232 4435 289 4483 Ast
308 4435 409 4486 Platone
428 4435 483 4484 tet.
504 4452 528 4500 p.
549 4436 600 4486 tta
619 4445 644 4486 et
662 4438 720 4488 250.
743 4438 781 4488 Gt.
801 4441 897 4490 Soolrer
918 4440 976 4489 tiber
997 4440 1061 4491 l'lrtt.
1083 4442 1159 4492 Sclrr.
1180 4458 1204 4506 p.
1217 4435 1265 4487 286·
