2796 5048
671 220 729 278 321

73 378 190 437 dmum
208 388 237 436 et
247 385 373 453 justum
388 392 450 453 est,
471 377 603 438 nondum
625 396 824 461 perceperunt.
866 385 949 443 Prius
970 406 1037 445 vero
1056 406 1142 466 quam
1163 386 1234 447 haec
1252 408 1319 448 eoe—

74 477 184 557 perint
213 476 309 535 animo
335 477 462 550 intueri,
489 498 547 555 quo
568 477 615 536 illi
646 478 732 538 modo
752 478 894 540 derebus
920 481 1033 544 divinis
1051 497 1079 544 et
1097 485 1233 544 humanis
1252 506 1320 547 rere

70 571 284 653 judicabunt?
306 573 474 650 Quomodo,
505 574 576 634 dum
599 576 693 654 ipsum
716 597 764 636 eos
785 580 890 637 bonum
911 580 1031 655 latebit,
1053 602 1097 640 res
1126 602 1190 641 suas
1217 582 1320 664 puhli-

74 690 188 751 casque
209 672 264 731 rite
283 671 486 732 administrare
506 673 629 751 aliisque
648 673 782 753 prodesse
801 680 963 756 poterunt?
985 677 1095 743 Sedent
1113 693 1319 759 aeternumque

72 768 228 829 wdehuut
247 770 383 847 quasiln
400 769 556 851 speluncae
576 768 727 848 cujusdam
745 773 892 849 tenebris,
914 775 965 833 uhi
992 776 1132 853 quamdiu
1152 793 1320 851 morantur,

74 865 198 929 mmdiu
217 880 303 926 erunt
320 868 415 926 omnis
436 869 574 928 scientiae
591 869 777 948 veritatisque
797 886 939 951 expertes.

120 950 331 1038 Quaerendum
349 965 440 1053 igitur
457 987 537 1025 nunc
563 986 649 1046 porro
668 980 710 1025 est
726 967 830 1043 nohis,
851 970 924 1048 quid
944 969 1083 1051 deinceps
1106 968 1219 1030 efficere
1242 973 1321 1050 juata

74 1057 216 1134 παιδεία,
236 1062 309 1140 quid
328 1062 512 1143 philosophia
536 1062 658 1137 deheat,
680 1077 712 1122 ut
731 1064 769 1124 ad
791 1068 941 1127 veritatem
960 1069 1052 1148 ipsam
1070 1067 1107 1126 ah
1132 1068 1177 1127 his
1204 1069 1320 1129 simula·

76 1165 144 1225 eris
172 1175 386 1223 convertamur.
432 1161 594 1221 Escendere
621 1182 659 1220 ex
686 1176 770 1222 antro
790 1185 842 1224 nos
865 1165 951 1243 jubet
977 1165 1124 1240 Socrates,
1146 1179 1179 1225 ut
1206 1167 1322 1247 opinari

72 1262 271 1333 desinamus,
297 1260 370 1319 scire
395 1260 588 1339 incipiamus,
608 1260 760 1339 missisque
780 1275 808 1322 et
840 1263 950 1322 umbris
978 1263 1140 1344 specierum
1169 1263 1321 1323 fallacium

73 1374 112 1423 et
130 1361 205 1441 ipsis
221 1356 391 1439 speciebus,
412 1357 445 1416 in
463 1359 606 1420 mundum
625 1350 732 1438 νοητδν
740 1403 751 1430 ,
771 1362 804 1419 in
820 1361 915 1441 ipsum
930 1360 1061 1420 veritatis
1076 1381 1198 1440 reguum
1218 1380 1322 1421 escen-

73 1458 198 1519 damus.
238 1456 301 1514 Hoc
320 1467 415 1514 autem
433 1454 635 1536 philosophiae
654 1479 761 1519 munus
784 1471 812 1518 et
836 1477 922 1538 grave
939 1478 1000 1516 esse
1019 1457 1053 1515 in
1070 1458 1173 1538 primis
1190 1471 1219 1518 et
1238 1455 1323 1517 difli-

73 1556 141 1619 cile
161 1556 213 1615 ait.
254 1553 327 1612 Nam
349 1551 376 1612 si
397 1573 479 1631 aegre
500 1552 548 1613 illi
568 1554 606 1612 ah
627 1556 737 1615 umbris
756 1556 889 1616 conversi
913 1553 952 1613 ad
980 1552 1133 1612 simulacra
1154 1569 1240 1630 sunt,
1265 1576 1323 1634 quo

74 1653 206 1717 tandem
232 1650 317 1710 modo
344 1648 455 1709 abthis
475 1671 504 1710 se
525 1654 661 1713 converti*
683 1652 787 1713 adres
808 1654 901 1733 ipsas,
929 1650 967 1711 ad
993 1643 1032 1710 roi
1058 1641 1131 1711 ὄντα
1149 1653 1322 1736 patientur?

73 1751 145 1813 Sed
164 1753 260 1833 ipsum
278 1747 377 1807 denuo
397 1747 549 1808 audiamus
567 1749 721 1811 Socratem.

125 1847 187 1909 «si
206 1867 275 1908 vero
291 1845 357 1924 quis
375 1843 519 1919 eundem,
540 1848 665 1926 inquit,
677 1869 729 1929 per
749 1847 840 1908 ardua
863 1862 950 1929 atque
967 1870 1068 1931 aspera
1087 1869 1200 1908 sursum
1222 1847 1324 1907 nahe·

74 1961 129 2009 ret
142 1944 307 2016 violenter,
328 1962 382 2001 nec
401 1943 558 2004 remitteret
576 1946 743 2024 priusquam
761 1945 799 2004 ad
811 1943 881 2004 solis
891 1944 992 2005 lumen
1010 1947 1203 2021 extraxisset,
1221 1967 1323 2007 nonne

73 2043 252 2109 vehementi
280 2062 362 2115 eum,
387 2039 458 2101 dum
481 2042 522 2100 sic
550 2041 730 2116 traheretur,
751 2041 850 2102 dolore
880 2044 1013 2102 affectum
1043 2044 1081 2102 iri
1111 2043 1322 2123 aegerrimeque

72 2146 215 2207 laturum
243 2140 409 2212 existimas,
439 2152 487 2213 et,
517 2152 667 2219 postquam
697 2139 736 2198 ad
753 2140 851 2199 lumen
873 2153 990 2200 evectus
1011 2140 1118 2214 fuerit,
1140 2139 1253 2220 fulgore
1271 2138 1322 2197 ha·

71 2242 202 2305 luentem
223 2238 334 2298 scilicet
354 2235 452 2296 oculos
470 2235 613 2315 repletos,
635 2236 713 2296 nihil
731 2258 848 2311 eorum,
869 2216 942 2315 qua'e
965 2234 1058 2297 nunc
1071 2237 1208 2297 dicautur
1236 2257 1323 2311 vera,

71 2339 331 2421 conspecturum?
351 2368 387 2380 —-
416 2333 601 2412 Nequaquam
621 2334 673 2395 ille
701 2355 788 2409 sane,
818 2336 959 2395 continuo
981 2334 1109 2413 quidem.
1129 2361 1164 2372 -
1195 2337 1321 2394 Consue-

72 2434 210 2508 tudine,
235 2432 358 2513 opinor,
390 2451 500 2510 usuque
529 2445 601 2491 esset
626 2452 712 2512 opus,
744 2445 778 2490 ut
804 2433 951 2512 superiora
979 2432 1033 2492 illa
1060 2432 1232 2513 adspiceret.
1284 2431 1322 2491 Et

72 2535 212 2617 primum
230 2528 348 2610 quidem
370 2528 485 2588 umbras
504 2530 682 2610 conspiceret
704 2529 864 2603 facillime,
885 2529 994 2590 deinde
1015 2529 1167 2588 hominum
1194 2541 1335 2587 caetero--

74 2651 206 2711 rumque
226 2631 259 2689 in
278 2628 361 2706 aquis
382 2627 553 2697 simulacra:
576 2642 637 2687 tum
659 2648 727 2686 vero
752 2627 824 2707 ipsa.
866 2626 945 2685 Hinc
974 2640 1070 2685 autem
1099 2647 1160 2700 res,
1186 2645 1259 2703 quae
1284 2625 1316 2682 in

73 2730 165 2793 coelo
183 2741 270 2802 sunt,
291 2728 442 2807 ipsumque
460 2724 574 2784 coelum
584 2769 593 2799 ,
615 2738 702 2783 noctu
732 2723 869 2797 facilius,
890 2735 1031 2781 astrorum
1051 2722 1197 2800 lunaeque
1221 2722 1320 2780 lumen

74 2827 270 2908 adspiciens,
300 2822 562 2906 contemplabitur,
592 2842 678 2898 quam
707 2820 856 2893 interdiu,
884 2818 973 2878 solem
1007 2822 1126 2899 ejusque
1153 2819 1248 2878 lucem
1270 2818 1323 2876 in-

75 2940 181 2987 mens.
202 2951 238 2961 -
264 2921 402 2996 Quidnil
424 2945 459 2955 -
489 2919 635 2978 Postremo
653 2931 750 2978 autem
767 2916 856 2975 solem
876 2918 988 2976 nonin
1007 2919 1155 2996 aquisant
1175 2914 1322 2976 inaliena

74 3019 210 3103 quadam
228 3016 346 3096 regione
363 3016 425 3092 ejus
448 3015 605 3094 imagines,
628 3014 680 3074 sed
707 3015 803 3095 ipsum
830 3034 932 3094 perse
958 3015 991 3073 in
1017 3015 1110 3096 ipsius
1127 3014 1245 3093 regione
1262 3032 1321 3071 cer·

58 3100 172 3192 ’πιστὴ
195 3129 241 3190 et,
265 3114 361 3193 qualis
376 3113 433 3186 sit,
455 3111 646 3193 contemplari
663 3112 779 3195 poterit.
793 3139 834 3175 .-
874 3111 993 3170 Necesse
1012 3124 1065 3172 est.
1083 3138 1121 3149 ·-
1150 3112 1225 3170 Tum
1252 3130 1322 3169 vero

74 3216 203 3279 demum
227 3210 392 3292 reputando
418 3223 586 3288 cognoscet,
608 3210 687 3269 hunc
714 3230 791 3282 esse,
812 3209 863 3287 qui
891 3223 919 3268 et
938 3222 1119 3291 tempestates
1136 3209 1208 3268 anni
1236 3207 1322 3266 nohis

74 3330 237 3388 annosque
256 3307 393 3388 praebeat
410 3321 438 3366 et
457 3308 553 3365 omnia
572 3308 604 3365 in
622 3306 814 3388 adspectahili
835 3307 945 3367 mundo
968 3320 1065 3387 regat,
1086 3326 1241 3385 eorumque
1258 3318 1322 3362 tan·

77 3427 148 3473 tum
166 3429 228 3467 non
250 3407 380 3466 omnium
391 3449 400 3480 ,
421 3425 493 3482 quae
513 3418 580 3478 ante
611 3405 658 3463 illi
686 3405 849 3478 vidissent,
871 3418 971 3462 auctor
999 3405 1046 3463 sit.
1066 3442 1102 3452 -
1131 3403 1321 3460 Manifestum

74 3522 147 3581 est,
167 3503 208 3565 ad
229 3504 300 3563 haee
320 3523 386 3561 eum
405 3501 442 3560 ab
463 3501 525 3560 illis
543 3522 769 3581 progressurum.
789 3526 824 3536 -
854 3500 934 3573 Quid
955 3502 1047 3560 vero?
1069 3499 1100 3558 Si
1120 3496 1197 3565 tunc'
1209 3511 1238 3555 et
1256 3497 1323 3577 pri-

73 3625 147 3667 mae
164 3602 251 3667 istius
276 3599 467 3661 habitationis
486 3612 514 3657 et
533 3599 713 3678 sapientiae,
734 3618 807 3676 quae
834 3597 898 3655 illic
919 3597 1084 3671 ferebatur,
1105 3609 1134 3656 et
1151 3595 1302 3655 hominum
1312 3640 1322 3671 ,

72 3700 261 3785 quibusnam
289 3699 322 3757 iu
352 3695 482 3758 vinculis
510 3697 642 3770 vixerat,
673 3695 859 3766 recordetur,
890 3714 989 3754 nonne
1013 3708 1100 3753 semet
1119 3694 1215 3774 ipsum
1235 3708 1320 3774 putas

71 3801 205 3861 beatum
236 3794 491 3876 praedicaturum,
522 3792 589 3852 illos
622 3813 691 3853 vero
721 3791 947 3849 miseraturum?
968 3831 1003 3840 -
1032 3791 1070 3851 Et
1103 3791 1229 3850 maxime
1256 3791 1320 3869 qui·

69 3898 162 3959 dem.
183 3921 220 3931 -
250 3893 417 3966 Praeterea,
438 3891 463 3949 si
482 3910 554 3969 quos
571 3890 696 3948 honores
712 3889 777 3947 illic
801 3888 929 3947 invicem
957 3902 985 3949 et
1014 3887 1115 3949 laudes
1143 3902 1172 3949 et
1186 3888 1319 3969 ‚praemia

66 3974 258 4087 n'spmment
276 3989 323 4064 ei,
354 3990 405 4068 qui
433 3987 613 4047 transeuntia
641 4005 771 4065 quaeque
799 3984 962 4045 acutissime
988 3986 1090 4045 fuisset
1117 3985 1320 4065 conspicatus,

66 4089 270 4166 maximeque
298 4099 433 4155 tenuerat
461 4085 615 4159 memoria,
636 4104 709 4163 quae
739 4084 838 4163 prius,
869 4102 942 4160 quae
959 4085 1118 4162 posterius,
1139 4100 1212 4159 quae
1231 4079 1318 4139 simul

64 4190 214 4255 solerent
241 4185 397 4266 praeterire
417 4197 446 4243 et
464 4183 534 4242 hinc
554 4183 692 4262 potuisset
719 4182 826 4262 optime
847 4181 1000 4261 augurari,
1021 4179 1093 4257 quid
1107 4179 1227 4255 jamjam
1246 4191 1319 4235 esset

63 4290 304 4356 adventurum,
334 4300 471 4341 censesne
499 4300 565 4338 eum
597 4277 667 4337 haec
697 4277 928 4345 desideraturum
954 4296 1012 4335 esse
1039 4293 1228 4353 magnopere,
1249 4272 1320 4331 bea-

63 4402 186 4464 eosque
217 4379 303 4453 illos,
332 4380 382 4457 qui
406 4378 485 4457 apud
500 4377 567 4436 illos
585 4366 847 4463 hhnorarentur'et
865 4374 1084 4432 dominarentur
1085 4370 1318 4524 2,lhahitururul
