2796 5048
687 262 746 321 496

99 450 170 498 teret
200 435 232 493 in
259 432 356 491 cloaca
381 429 501 512 publiea
522 429 669 506 jacentia,
700 427 786 485 simul
818 441 846 486 et
872 427 972 488 videre
1005 428 1059 486 ille
1079 430 1224 510 cupivisse
1240 445 1266 490 et
1278 431 1315 490 ab

98 535 242 595 horruisse
267 550 352 609 seque
380 529 535 588 avertisse:
566 539 594 584 et
620 524 733 584 dudum
762 525 880 604 quidem
905 527 945 584 ita
965 546 1063 584 secum
1082 527 1178 607 ipsum
1196 548 1317 608 pugnasse

99 633 270 710 vultumque
298 628 424 700 texisse,
447 639 612 707 superatum
638 644 708 684 vero
734 623 852 683 taudem
871 622 1053 704 cupiditate,
1073 622 1112 683 ad
1134 624 1270 687 cadavera
1284 627 1317 685 in·

97 732 186 791 tentis
213 729 305 788 oculis
333 725 507 798 accurrisse,
534 722 698 782 dicentem:
726 742 791 780 eece
812 725 872 801 jam
896 721 999 797 vobis,
1018 724 1138 797 miseri,
1161 723 1318 784 desideriunt

98 843 225 888 vestrum
239 827 341 908 pulcro
361 821 524 904 spectaculo
545 820 678 900 explete!
721 819 807 895 Quod
823 820 874 879 ubi
895 821 1025 880 narravit
1035 814 1180 881 Socrates
1195 837 1319 882 «testatur

96 926 128 985 id
136 972 145 1001 ,
177 927 291 1004 inquit,
322 925 394 981 iram
422 919 548 979 subinde
574 939 704 999 pugnare
724 939 790 977 cum
816 916 1048 999 cupiditatibus,
1075 919 1161 997 quasi
1186 918 1319 979 baecase

95 1025 223 1083 invicem
243 1023 358 1083 diverse
379 1020 473 1078 sint.»
518 1019 593 1076 Tum
613 1017 725 1097 pergit:
751 1037 766 1070 n
776 1037 875 1076 nonne
893 1029 921 1075 et
939 1016 1012 1075 alibi
1032 1015 1139 1076 crebro
1156 1016 1318 1079 animadrer

97 1123 204 1196 timus,
235 1121 287 1179 ubi
314 1121 374 1180 vim
403 1118 536 1175 inferunt
565 1113 655 1173 alicui
677 1128 790 1194 praeter
810 1114 951 1173 rationem
971 1114 1167 1195 cupiditates,
1188 1115 1319 1197 objurgare

96 1221 191 1300 ipsum
218 1239 278 1277 sese
308 1228 337 1275 et
367 1214 506 1275 adversus
535 1233 596 1271 eam
626 1213 671 1272 sui
701 1227 831 1294 partem,
858 1233 931 1292 quae
956 1214 1017 1272 vim
1035 1214 1149 1290 infert,
1170 1215 1319 1296 indignari,

92 1330 139 1392 et,
168 1316 251 1395 quasi
280 1314 395 1374 duobus
421 1311 680 1386 dissentientibus,
709 1310 881 1388 adjutricem
906 1311 1012 1371 rationi
1041 1312 1117 1371 iram
1148 1315 1319 1373 succurrere?

92 1416 205 1474 ratione
226 1426 322 1472 autem
348 1413 510 1493 imperante
523 1431 590 1468 non
610 1430 670 1469 esse
689 1410 746 1469 sihi
766 1408 1046 1484 contradicendum,
1067 1411 1146 1470 iram
1164 1412 1319 1494 cupiditati·

91 1511 147 1570 bus
173 1515 359 1589 conjunctam
388 1509 524 1568 obsistere
554 1507 619 1582 illi,
640 1507 765 1567 arbitror
793 1520 823 1565 te
852 1528 1003 1586 nunquam
1031 1508 1081 1568 vel
1101 1509 1186 1570 inte
1207 1511 1268 1592 ipso
1284 1509 1318 1571 vd

19 1588 24 1599 Ι
96 1611 128 1669 in
157 1609 215 1669 alio
244 1607 427 1690 persensisse.
448 1608 659 1684 -Nunquam
686 1626 739 1686 per
767 1605 878 1667 Jovem.
899 1603 1033 1680 -Quid
1059 1621 1180 1683 autem,
1201 1607 1252 1667 ubi
1270 1609 1318 1687 qais

91 1707 200 1787 injuril
226 1728 255 1766 se
286 1705 401 1765 afficere
420 1705 511 1763 alium
531 1717 632 1784 putat,
654 1724 753 1763 nonne
774 1704 818 1779 is,
838 1724 896 1783 quo
915 1703 1081 1784 generosior
1099 1719 1165 1783 est,
1187 1728 1222 1766 eo
1241 1707 1318 1765 mines

90 1806 242 1880 irascitur,
271 1805 333 1866 sive
361 1803 468 1862 esuriat
495 1802 557 1861 sive
584 1801 678 1881 algeat
703 1801 765 1861 sive
792 1800 876 1861 aliud
903 1801 1030 1881 quodvis
1055 1802 1116 1862 tale
1144 1802 1318 1886 patiaturab

90 1924 141 1978 eo,
171 1924 256 1982 quem
283 1905 349 1981 jure
377 1901 424 1961 bis
451 1921 511 1960 sese
539 1897 655 1958 afficere
674 1900 836 1975 existimat,
858 1901 1053 1983 omninoque,
1073 1922 1140 1961 non
1158 1901 1318 1964 excitabitur

89 2002 184 2061 istius.
199 2001 338 2062 adversus
368 1999 453 2059 illum
483 1999 552 2058 ira?
572 2033 607 2043 -
627 1996 706 2057 Vera
736 1998 873 2077 loqueris.
891 2030 926 2041 -
944 1998 1025 2073 Quid
1045 2020 1135 2076 vero,
1157 2000 1211 2061 ubi
1228 1998 1317 2079 injurit

88 2121 118 2159 se
146 2098 224 2159 affici
254 2100 291 2159 ab
319 2099 377 2159 alio
394 2111 496 2180 putat,
517 2117 617 2157 nonne
642 2111 714 2156 tunc
735 2097 895 2157 effervescit
914 2097 1006 2178 ipsius
1021 2097 1067 2157 ira
1083 2119 1120 2157 ac
1138 2100 1234 2160 saevit
1250 2112 1317 2178 atque

87 2198 233 2257 auxilium
252 2211 401 2279 praestans
427 2196 497 2273 justi
516 2194 632 2268 studio,
661 2196 822 2274 famemque
839 2207 866 2253 et
887 2196 979 2274 frigus
998 2209 1027 2256 et
1044 2210 1163 2256 caetera
1181 2197 1251 2257 telin
1268 2217 1315 2277 per·

87 2293 197 2353 durans
226 2293 264 2352 ad
296 2295 448 2355 victoriam
477 2290 648 2351 contendit:
671 2313 765 2371 neque
793 2314 809 2350 a
835 2313 973 2372 generoso
1002 2293 1103 2353 labore
1124 2311 1219 2356 cessat
1235 2297 1314 2378 prius,

91 2413 176 2472 quam
210 2391 259 2451 rel
288 2393 442 2473 perfecerit
468 2412 546 2465 rem,
577 2390 625 2450 vel
655 2389 776 2465 obierit,
809 2390 857 2452 vel
868 2437 877 2466 ,
899 2404 1036 2471 tanquam
1064 2393 1151 2453 canis
1169 2414 1185 2451 a
1204 2407 1313 2473 pastore,

88 2492 128 2553 sic
159 2513 175 2550 a
200 2491 312 2550 ratione
340 2491 396 2572 ipsi
425 2491 541 2573 propria
566 2503 719 2549 revocatus
735 2490 892 2551 mitescat?
908 2524 943 2535 -
959 2489 1007 2549 Sic
1025 2491 1152 2550 omnino
1170 2511 1202 2550 se
1219 2512 1262 2551 res
1277 2489 1312 2550 ba·

87 2589 146 2650 bet.
166 2619 201 2629 -
220 2590 271 2649 Est
296 2590 385 2670 igitur
412 2589 496 2650 aliud
524 2581 562 2649 τδ
593 2584 773 2666 θυμοειδὲς,
796 2588 880 2649 aliud
898 2582 935 2651 ro*
957 2582 1192 2670 ἕπιθυμηταόν.
1231 2589 1311 2651 llirer·

86 2710 146 2747 sam
175 2703 270 2748 autem
298 2689 371 2748 iram
399 2710 415 2746 a
444 2689 555 2750 ratione
585 2711 664 2765 esse,
695 2691 783 2750 facile
813 2692 898 2751 nobis
926 2705 1031 2772 pateat.
1083 2692 1162 2751 Nem
1182 2692 1215 2751 in
1234 2688 1310 2772 pueris

87 2787 185 2865 quivis
200 2785 279 2846 istud
299 2785 464 2867 intelligat,
486 2789 537 2867 qui
556 2790 667 2864 statim,
689 2803 722 2849 ut
741 2789 803 2850 nati
820 2803 908 2865 sunt,
929 2788 973 2848 ira
992 2803 1062 2849 sunt
1080 2790 1188 2870 pleni,
1210 2787 1309 2849 rationis

87 2899 182 2943 autem
210 2884 350 2944 nonnulli
378 2906 476 2944 eorum
505 2909 675 2966 nunquam,
705 2888 839 2968 plerique
869 2909 932 2948 sero
960 2887 1075 2969 demum
1109 2889 1264 2970 participes
1286 2883 1306 2941 l·

89 2995 153 3041 unt.
174 3010 209 3018 -
227 2984 281 3042 Per
299 2983 419 3057 Jovem,
440 2985 588 3065 praeclare
608 2986 749 3065 loqueris:
771 2985 823 3045 sed
842 3001 990 3068 praeterea
1008 2987 1040 3045 in
1061 2987 1134 3047 feris
1154 2983 1306 3047 animalibus

87 3078 164 3137 idem
185 3081 250 3158 quis
269 3082 385 3141 videat:
408 3096 527 3142 testatur
547 3098 574 3143 et
594 3085 712 3144 Homeri
729 3084 808 3143 illud
827 3084 864 3144 de
883 3085 1008 3165 Ulysse:

291 3180 415 3261 Στῆθος
436 3177 472 3241 δὲ
494 3175 622 3263 πλήξας,
644 3179 770 3264 κραδίην
790 3176 915 3263 ἠνίπαπε
937 3175 1039 3268 μύθῳ

86 3280 154 3341 ch.
176 3281 254 3340 enim
283 3297 379 3362 aperte
404 3283 547 3343 Homerus
577 3284 660 3344 alteri
689 3284 792 3344 borum
820 3307 985 3367 repugnans
1004 3285 1133 3346 alterum
1153 3286 1240 3362 tecit,
1256 3282 1303 3352 illi,

85 3377 165 3458 quod
194 3377 231 3437 de
257 3380 374 3441 meliore
403 3402 436 3439 ac
466 3383 563 3461 pejore
593 3384 802 3458 ratiocinatur,
833 3382 884 3458 id,
914 3382 993 3463 quod
1023 3384 1088 3443 sine
1113 3386 1228 3446 ratione
1249 3384 1303 3442 iras·

85 3477 197 3535 citur.»
224 3474 253 3555 l)

127 3671 318 3732 Civitati
345 3685 527 3752 optimae
560 3680 669 3738 honre
698 3691 982 3756 corriperetur.
1015 3679 1075 3738 De
1105 3688 1274 3740 virtuti·

441 3778 512 3834 bue
542 3785 676 3836 antini
700 3784 951 3854 primariis.

122 3969 268 4050 Distingui
297 3969 368 4030 haec
398 3987 475 4031 recte
503 3972 535 4033 in
562 3975 659 4033 animo
687 3974 813 4034 bominis
853 3977 909 4036 nisi
933 3976 1044 4037 summl
1062 3977 1232 4056 hujusmodi
1247 3973 1304 4035 dili-

82 4068 178 4148 gentie
209 4068 360 4144 adhibite,
382 4092 442 4130 non
470 4085 611 4153 poterant.
654 4073 733 4131 Hinc
754 4088 850 4134 autem
864 4077 927 4153 jam
944 4074 1052 4151 facile,
1074 4097 1151 4154 quae
1171 4074 1304 4158 primariae

80 4167 139 4225 sint
166 4167 255 4225 animi
283 4166 404 4227 humani
433 4171 573 4246 virtutes,
595 4169 763 4231 efficiemus.
811 4174 897 4235 «Has
926 4174 1015 4252 igitur
1044 4173 1169 4235 tandem
1195 4169 1303 4235 difficul-

115 4461 140 4523 1)
158 4461 196 4511 De
215 4462 276 4528 Rep.
295 4460 336 4512 lv.
355 4461 414 4513 ⁴39.
434 4463 464 4513 Ε·
483 4462 547 4514 -ttt
564 4460 594 4512 B.
