2774 5048
617 228 674 287 153

89 386 150 447 burs
172 388 319 470 explicare
344 386 507 449 studuimus
531 389 564 447 in
586 387 769 470 philosophia
793 390 855 449 veri
879 391 1060 469 quaestiones
1086 411 1153 450 sane
1172 412 1257 473 quum

59 485 224 565 gratissimas,
235 487 379 561 ¹alteram,
399 488 474 566 quid
486 493 529 545 sit
546 488 675 546 dacore:
696 488 770 564 quid
784 495 827 545 sit
845 489 962 563 docere,
982 486 1115 549 alteram:
1138 511 1258 570 quarum

57 582 94 643 illa
106 606 154 645 nos
170 585 258 647 duxit
271 585 309 644 ad
326 586 388 645 veri
408 606 546 651 amorem,
568 586 672 644 animis
691 585 796 644 nostris
815 585 951 661 inritum,
972 589 1065 647 omnis
1086 589 1259 669 cognitionis

56 681 152 745 batem
168 683 239 742 haec
254 683 339 743 nobis
350 682 568 765 percipiendam
579 681 713 764 praebuit
726 682 885 743 Socraticae
899 684 1072 767 disciplinae
1084 685 1258 761 ubertatem,

55 802 106 861 quac
122 795 178 842 tota
198 782 267 842 item
285 801 321 841 ex
339 779 439 841 eodem
456 780 511 840 hoc
531 781 611 839 fonte
631 781 717 841 ducta
738 794 788 840 est.
831 782 902 839 Nam
923 783 1069 862 utriusque
1089 783 1257 864 explicatiq·

57 880 301 959 conquaestionis
324 901 385 939 nou
404 878 539 953 aliunde,
566 879 632 953 sed,
659 878 732 937 duce
756 879 889 952 Platone,
916 900 931 937 e
957 879 1099 938 nobismet
1116 882 1201 962 ipsis,
1222 902 1258 940 ex

55 978 124 1037 omi
147 977 238 1037 nostri
262 991 364 1036 natura
387 976 578 1035 hauriendam
602 978 776 1057 putavimus.
809 976 930 1052 ¹Quibus
957 977 1118 1058 explicitis,
1142 981 1260 1041 tandem

55 1076 171 1156 smpieari
191 1078 253 1153 jam
279 1076 363 1134 nobis
387 1075 471 1148 lieet,
497 1096 568 1152 quae
593 1076 630 1134 sit
649 1074 809 1135 seeundum
827 1075 975 1135 Platonem
992 1076 1156 1155 eloquentia
1175 1100 1260 1155 vera,

55 1190 107 1249 quse
124 1173 204 1251 justa
229 1173 376 1233 scribendi
402 1174 491 1247 ratio,
518 1173 668 1232 hdminum
694 1175 792 1254 generi
818 1174 977 1235 fructuosa:
1000 1174 1163 1235 ducendam
1182 1178 1260 1235 enim

55 1282 181 1350 tuamque
197 1293 234 1330 ex
249 1270 352 1331 iisdem
368 1292 427 1331 esse
444 1270 603 1330 Socraticae
623 1270 797 1352 disciplinae
816 1273 984 1353 principiis,
1006 1273 1196 1354 intelligimus
1213 1276 1261 1334 sa-

55 1366 102 1429 tila.
145 1368 204 1429 Sed
228 1391 262 1430 eo
286 1371 452 1451 priusquam
483 1370 670 1450 progrediar,
706 1370 847 1451 respicere
874 1371 959 1448 juvat
994 1370 1099 1431 durum
1126 1371 1206 1433 istud
1231 1384 1262 1433 et

55 1456 163 1543 ipeooqr
180 1465 332 1543 bominum
360 1489 467 1548 genus,
488 1469 539 1547 qui
557 1467 790 1548 ingredientibus
813 1467 898 1527 nobis
922 1470 976 1529 hoe
1005 1471 1061 1530 iter
1084 1469 1122 1529 ad
1150 1472 1261 1531 verita-

55 1579 111 1642 tnt,
130 1569 224 1650 ipsum
243 1566 354 1625 aditum
373 1565 525 1625 occludere
544 1565 734 1625 conabantur.
776 1566 970 1626 Clamitabant
989 1569 1056 1643 isti,
1077 1590 1131 1628 nec
1151 1571 1261 1630 verita-

55 1677 100 1735 tem
109 1686 165 1727 esse
180 1666 235 1725 nec
251 1665 381 1724 veritatis
395 1685 534 1722 amorem:
557 1663 745 1743 opinionibus
760 1685 812 1724 nos
826 1662 896 1723 duci
914 1679 942 1723 et
964 1666 1060 1726 studio
1075 1668 1261 1748 opinionum,

55 1783 105 1843 quas
119 1766 170 1844 qui
189 1763 420 1842 eloquentissime
440 1775 469 1821 et
488 1760 672 1820 multitudini
693 1775 721 1821 et
739 1763 890 1839 juventuti
907 1779 1096 1845 proponeret,
1116 1764 1196 1824 bunc
1224 1765 1262 1825 de

55 1872 151 1942 uosque
169 1863 276 1944 optime
293 1861 405 1919 mereri.
448 1860 504 1918 Nos
524 1880 591 1919 vero
611 1858 691 1917 haud
708 1861 810 1918 morati
830 1860 948 1920 illorum
968 1862 1188 1939 cavillationes,
1205 1864 1262 1923 iter

55 1973 161 2029 rmum
189 1959 304 2041 placide
331 1972 551 2037 constanterque
580 1959 722 2038 persecuti
751 1980 865 2033 sumus,
886 1972 914 2018 et
937 1959 1005 2038 huc,
1015 1961 1076 2037 jam
1099 1961 1262 2042 progressi,

55 2057 156 2135 quidde
174 2059 295 2117 scientia
313 2071 340 2117 et
362 2058 517 2139 opinione,
538 2055 610 2135 quid
636 2056 672 2115 de
696 2056 861 2137 Protagorae
887 2058 988 2133 effato,
1008 2079 1171 2119 mensuram
1196 2079 1261 2117 om-

55 2154 116 2217 nium
133 2176 228 2215 rerum
245 2156 390 2215 hominem
410 2175 469 2215 esse
479 2199 488 2230 ,
508 2153 733 2214 existimandum
753 2156 807 2230 sit,
829 2155 960 2217 noudum
978 2156 1183 2238 perspicimus,
1206 2156 1258 2216 sed

55 2246 98 2313 loc-
115 2269 142 2315 et
159 2255 349 2336 perspicimus
377 2267 405 2312 et
433 2253 537 2324 intimo
561 2254 657 2312 animo
682 2255 935 2333 persentiscimus,
956 2276 1015 2315 esse
1041 2255 1126 2317 nobis
1154 2255 1258 2316 natura

55 2347 158 2415 inditum
180 2353 311 2412 veritatis
329 2368 470 2411 amorem:
493 2365 521 2409 et
544 2352 676 2430 quamvis
701 2352 737 2410 sit
766 2374 868 2433 magna
894 2368 923 2413 et
946 2354 1093 2435 praeclara
1120 2370 1185 2413 cum
1204 2352 1261 2413 elo·

55 2453 149 2525 querum
169 2453 288 2510 istorum
298 2496 307 2525 ,
328 2464 389 2509 tum
408 2448 570 2508 disserendi
590 2448 752 2523 subtilitas,
774 2451 831 2509 nisi
851 2451 929 2511 hune
949 2454 1078 2511 excitent
1099 2453 1132 2511 in
1156 2450 1261 2511 animis

55 2560 174 2623 rnorem,
196 2562 333 2630 aptosque
348 2550 471 2626 juvenes
489 2542 636 2622 efficiant,
658 2547 708 2624 qui
723 2568 774 2605 sua
787 2562 888 2629 sponte
902 2550 1141 2630 progrediantur,
1156 2570 1262 2612 vanam

55 2640 116 2704 illam
130 2667 188 2706 esse
207 2659 235 2705 et
254 2666 503 2727 supervacaneam.
524 2644 716 2724 Indignamur
735 2659 829 2703 autem
839 2692 848 2721 ,
867 2648 1008 2707 imovero
1027 2647 1153 2706 ridemus
1171 2647 1262 2707 homi·

55 2760 106 2802 uum
121 2744 238 2804 illorum
257 2743 471 2803 absurditatem.
492 2744 564 2802 Nam
583 2742 690 2802 similes
705 2758 772 2802 sunt
792 2745 847 2819 iis,
868 2746 918 2824 qui
938 2745 1112 2805 contendere
1132 2744 1260 2822 audent,

55 2842 125 2903 aab
150 2865 180 2903 se
204 2842 296 2902 oculis
322 2843 417 2903 visum
445 2841 626 2923 imposituros
653 2862 729 2900 esse:
751 2862 808 2921 quo
835 2864 903 2903 sane
926 2843 1004 2903 nihil
1031 2842 1102 2923 fingi
1130 2844 1259 2924 ineptius

55 2934 241 3020 absurdiusque
270 2940 368 3020 possit.
425 2942 482 2999 Nos
508 2959 601 3013 vero,
632 2939 748 2998 homine
776 2941 899 3001 interius
930 2941 1103 3026 explorato,
1131 2955 1163 3002 ut
1198 2943 1261 3003 veri

55 3052 154 3099 tuorem
182 3040 215 3098 in
243 3041 306 3118 ejus
334 3040 447 3113 animo,
479 3041 520 3099 ita
555 3030 686 3119 ὄργανον
693 3084 704 3112 ,
733 3060 847 3099 sensum
874 3041 1019 3120 quendam
1047 3041 1109 3103 veri
1139 3041 1264 3121 agnovi·

55 3149 113 3212 uus,
132 3136 249 3196 oculum
274 3139 397 3212 mentis,
423 3159 479 3217 quo
510 3160 567 3199 uno
597 3141 721 3215 veritas,
742 3138 775 3199 id
803 3138 882 3217 quod
911 3153 971 3214 est,
1001 3139 1129 3220 conspici
1156 3152 1262 3219 potest.

55 3227 101 3295 [llis
114 3236 203 3316 igitur
221 3233 350 3295 cedimus
360 3280 369 3311 ,
381 3249 423 3295 ,ut
445 3236 569 3297 infinitis
588 3238 733 3299 habendis
752 3237 933 3297 orationibus
951 3252 978 3296 et
996 3237 1099 3297 sibiet
1117 3237 1264 3297 auditori·

55 3324 240 3415 lrsplaeeant
250 3379 258 3408 ,
278 3335 441 3414 frustraque
466 3333 615 3410 laborent,
646 3351 678 3397 ut
697 3337 882 3407 hae-ratione
901 3335 1054 3417 discipulis
1072 3336 1264 3416 sapientiam,

55 3433 176 3492 utcoecis
203 3433 316 3508 tisun,
338 3433 506 3513 imponant:
529 3456 581 3494 nos
594 3436 700 3495 mentis
719 3433 883 3493 curabimus
903 3434 1036 3508 oculum,
1058 3448 1103 3509 ut,
1124 3433 1178 3493 hoe
1194 3454 1262 3514 pur·

55 3542 100 3603 tate
115 3532 322 3611 restitutoque,
342 3552 423 3591 mens
441 3552 493 3611 per
512 3532 598 3592 illum
617 3534 767 3592 seientiam
787 3545 816 3590 et
833 3533 983 3593 veritatem
1003 3544 1180 3612 assequatur:
1202 3552 1265 3610 quo
1308 3568 1311 3575 =

55 3621 205 3712 disciplinae
233 3629 374 3692 valebunt
393 3632 537 3706 maxime,
558 3652 624 3689 cum
646 3630 738 3705 aliae,
759 3644 820 3690 tum
844 3632 995 3711 geometria
1020 3644 1048 3689 et
1076 3630 1238 3691 dialectiea.

80 3725 129 3788 Sed
139 3729 172 3787 in
182 3727 297 3786 itineris
310 3730 434 3788 confecti
448 3729 646 3789 recordatione
661 3729 859 3789 lubentissime
869 3748 936 3789 sane
951 3750 1017 3789 cum
1025 3730 1153 3789 Platonis
1167 3744 1261 3789 atten-

55 3814 127 3885 limus
146 3827 180 3886 in
197 3825 377 3907 exploranda
395 3826 521 3886 hominis
541 3841 643 3886 natura
662 3828 861 3906 sagacitatem,
880 3842 941 3887 tum
957 3826 1132 3908 singularem
1153 3830 1186 3887 in
1200 3829 1261 3909 pri-

55 3919 93 3979 uls
115 3925 237 3984 Socratis
265 3926 414 3984 rationem.
465 3926 545 3985 Unus
574 3926 624 3985 ille
650 3926 682 3984 in
709 3938 767 3984 tota
789 3925 1009 3985 Atheniensium
1036 3927 1153 3986 civitate
1179 3927 1206 3984 ei
1230 3946 1260 3985 se

55 4012 188 4095 abjiciebat
207 4022 303 4083 studio
312 4044 388 4103 ,quo
406 4044 503 4082 omnes
524 4018 705 4082 ducebantur
721 4023 984 4083 vehementissime:
1007 4039 1066 4084 erat
1089 4024 1143 4084 boe
1164 4037 1259 4083 autem

55 4118 160 4181 erbum
195 4123 385 4203 eloquentiae.
432 4123 504 4180 Nam
535 4123 699 4202 quicunque
728 4122 776 4181 vel
802 4121 893 4182 literis
925 4122 1120 4202 doctrinisque
1145 4143 1259 4203 operam

55 4219 198 4296 navabant,
221 4222 268 4281 vel
287 4222 319 4279 in
337 4221 486 4302 republica
508 4219 546 4279 ad
563 4219 686 4278 honores
705 4219 940 4295 contendebant,
961 4243 1012 4302 per
1033 4241 1118 4279 unam
1136 4221 1260 4279 maxime

55 4303 226 4392 elequentiam
245 4319 283 4378 ad
301 4321 495 4400 principatum
516 4320 548 4378 in
566 4318 611 4376 his
630 4316 785 4377 studebant
804 4321 966 4400 pervenire.
997 4320 1060 4399 Ipse
1081 4317 1151 4381 adeo
1169 4340 1259 4400 popu·

56 4395 90 4463 ¹¹¹⁵
104 4434 161 4475 cum
182 4419 213 4476 in
232 4419 314 4491 loro,
336 4431 398 4477 tum
416 4419 448 4475 in
473 4417 572 4475 castris
594 4414 671 4474 nibil
697 4414 821 4475 habebat
846 4418 963 4477 suavius
989 4421 1154 4497 potiusque,
1175 4440 1260 4497 quam
