2796 5048
642 195 707 241 *⁸

475 198 494 221 ⁴
567 240 626 303 sor

58 408 172 488 udisque
189 404 347 489 explebat,
377 418 410 464 ut
435 390 527 486 ipsius
544 403 604 463 fere
622 401 756 483 aequales
773 399 922 461 solebant:
951 403 1087 483 antiquos
1105 403 1212 484 quui-
1301 482 1310 497 ἒ

58 528 81 587 r,-
92 507 266 581 ¹-l’latouern,
287 502 468 564 Aristotelem
488 504 652 584 priscosque
671 498 855 567 Academicos
868 490 898 559 et
911 501 1128 582 Peripateticos,
1149 502 1213 583 (μρ

58 607 149 669 turice
176 603 309 686 legendis
334 600 571 680 meditandisque·
590 614 619 661 et
647 597 793 660 &cortici
811 598 991 679 degustanda
1010 597 1212 683 philosopbih,

58 703 207 786 ruptore
224 696 354 761 animdrn
372 700 481 758 liceret.
508 700 607 778 ltaque
626 699 688 759 sire
704 698 757 757 ille
774 686 900 757 Athenis
915 699 976 775 siye
996 699 1083 758 etiam
1103 700 1210 759 Romae

58 815 115 878 att,
155 800 271 861 nullum
296 796 451 881 appetebat
477 797 657 878 voluptatum
686 816 777 877 genus
804 794 973 870 ardentius,
1010 816 1101 874 quarn
1134 797 1222 875 quod*

58 902 88 961 is
115 899 265 960 literarum
292 911 322 956 et
349 895 550 979 philosophiae
581 894 849 954 commendaretur:
884 893 1008 953 Athenis
1035 909 1130 954 autem
1142 942 1150 970 ,
1182 909 1214 955 ut

58 994 157 1058 ¹baud
180 996 300 1057 obscure
322 997 355 1054 in
381 993 505 1075 dialogis
530 976 733 1074 significarit,
753 992 807 1052 illa
831 991 1029 1052 lubentissime
1049 993 1110 1052 loca
1130 1014 1216 1075 repe·

58 1096 138 1172 tgin
152 1095 262 1174 quibus
280 1095 397 1152 fuerant
416 1093 529 1172 antiqui
548 1092 595 1152 illi
614 1094 720 1153 versati
738 1092 824 1166 obn,
845 1089 1028 1151 Academiam
1044 1093 1213 1173 praecipue,

58 1195 180 1253 ‚hemis
207 1194 259 1251 tttt
282 1199 383 1271 apem
410 1199 438 1249 εἰ
466 1190 627 1249 Plutonem
655 1200 744 1269 puori
764 1199 800 1249 iu
824 1199 980 1269 conspeetu
1002 1192 1161 1268 mebant.
1186 1189 1216 1271 l)

58 1312 119 1351 tna
143 1289 246 1372 paullo
273 1302 359 1364 ante,
388 1289 587 1371 principatum
611 1308 677 1348 eum
701 1286 781 1371 apud
801 1290 945 1349 Romanos
970 1289 1003 1347 in
1030 1288 1215 1379 elo'qpntia,

58 1389 127 1473 pud
145 1389 269 1449 Graecos
283 1386 519 1464 Demosthenem,
537 1387 737 1469 philosophiae
754 1388 933 1468 potissimum
949 1385 1054 1447 studiis
1069 1386 1215 1450 debuisse.

58 1487 281 1548 decennium
310 1484 431 1560 artium,
461 1506 534 1565 quae
558 1485 597 1545 ad
625 1485 834 1545 humanitatem
856 1486 1025 1569 pertinent,
1053 1486 1214 1546 insatiabili

58 1604 109 1662 se,
129 1602 190 1644 nen
208 1583 327 1663 quidem
346 1602 492 1665 superasse
513 1585 546 1645 in
565 1583 731 1664 eloquentia
750 1583 985 1659 Demosthenem,
1007 1582 1057 1643 sed
1076 1583 1114 1643 ab
1132 1604 1168 1645 eo
1184 1605 1215 1645 se

58 1683 155 1745 unisse
180 1682 307 1745 videtur.
347 1682 421 1740 Nam
441 1682 549 1741 hatum
564 1683 609 1742 ita
624 1696 688 1758 ost,
710 1695 761 1758 ut,
781 1683 878 1763 prouti
898 1683 1033 1764 princeps
1053 1683 1214 1743 Atticorum

58 1779 332 1854 stum=·Saoratioam
360 1781 501 1839 rationem
526 1778 652 1840 dicendo
680 1786 875 1861 expresserat,
906 1771 946 1840 ita
972 1781 1073 1840 Cicero
1093 1752 1215 1863 optimoh

58 1899 120 1967 pag
136 1878 319 1958 antiquitatis
338 1877 543 1959 philosophos,
573 1879 681 1958 quipse
699 1891 765 1959 post
782 1876 931 1937 Platonem
951 1879 1085 1956 fueram,
1117 1881 1216 1942 animo

58 1978 360 2075 plexus,'uniscrsam
379 1975 592 2057 philosophiam
613 1977 646 2037 in
666 1975 859 2055 eloquentiam
878 1976 1042 2054 conferret3
1065 1978 1214 2039 Platonem

58 2098 83 2137 m
104 2096 167 2137 non
186 2073 314 2135 ribendo
336 2087 450 2133 ustum
466 2074 517 2135 sed
536 2074 699 2137 scribendis
720 2079 805 2155 etiam
826 2072 911 2133 libris
930 2075 1112 2155 exprimeret.
1152 2075 1214 2139 Vix

63 2175 181 2236 ‘nobilis
205 2175 238 2233 in
253 2171 432 2233 Graecorum
451 2173 636 2256 philosophia
655 2172 735 2255 locus
745 2216 754 2249 ,
778 2173 858 2252 quin
875 2192 938 2232 oum
956 2193 971 2231 e
988 2172 1215 2235 clarissimorum

58 2273 225 2354 esophorum
249 2271 365 2353 placitis
392 2271 550 2352 diligenter
578 2272 718 2352 docteque
747 2284 776 2330 et
800 2292 870 2331 varo
897 2270 1003 2332 diserte
1033 2272 1214 2354 explicaret:

58 2370 67 2432 l
84 2370 156 2431 libri
174 2383 334 2445 testantur,
355 2388 426 2449 quos
443 2370 550 2430 multos
571 2384 600 2431 ot
618 2372 714 2432 varios
725 2368 768 2429 -de
786 2368 971 2453 philosophia
988 2372 1108 2453 scripsit
1117 2370 1216 2452 ,squi-

58 2490 117 2550 pse,
146 2453 237 2551 ipsius
255 2467 501 2529 commendandae
517 2467 718 2550 philosophiae
736 2468 855 2544 eaussh,
884 2470 1071 2530 Hortensium
1088 2472 1216 2552 praemi-

58 2565 88 2650 b)
116 2566 259 2644 Quodsi,
286 2587 374 2649 quam
393 2565 565 2626 Plutarchus
580 2567 616 2626 in
635 2586 668 2626 eo
686 2567 913 2642 animadvertit,
934 2566 1064 2626 indolem
1083 2569 1216 2650 philoso-

58 2686 92 2742 u,
120 2666 247 2727 velimus
272 2678 360 2747 toturn
381 2665 561 2746 perspicere,
592 2664 638 2723 illi
658 2664 743 2724 nobis
762 2665 882 2724 oratoris
901 2664 1016 2744 legendi
1034 2680 1105 2725 sunt
1125 2666 1215 2743 libri,

58 2787 61 2822 ι
86 2786 147 2825 non
173 2784 342 2847 senescens,
372 2774 404 2821 ut
430 2761 517 2837 illos,
552 2761 603 2822 sed
630 2762 745 2843 vigente
774 2775 883 2837 amate,
914 2782 984 2841 qtros
1009 2784 1042 2822 eo
1069 2775 1216 2844 tompore,

65 2871 141 2943 ..ψη
171 2862 354 2940 reipublicae
377 2861 587 2942 gubernaculo
614 2863 751 2936 tenebat,
773 2857 804 2941 3)
833 2858 870 2919 de
894 2859 1064 2942 republica,
1090 2860 1217 2944 delegi·

58 2961 249 3049 „pnesertim
262 2958 305 3018 'de
326 2970 436 3019 oratore
453 2959 577 3040 scripsit.
609 2958 750 3041 Expressa
769 2970 811 3018 est
828 2959 861 3018 in
879 2958 916 3017 iis
931 2957 1134 3040 philosophia,
1155 2981 1216 3020 uon

58 3056 277 3119 lus-wdolrns
294 3070 345 3117 aut
364 3069 468 3116 amam
486 3057 615 3137 Quam
628 3055 887 3138 pbilosophorum,
917 3055 969 3116 sed
987 3057 1150 3118 Aristotelis
1168 3078 1218 3119 re-

58 3176 87 3218 os
114 3171 142 3216 et
164 3155 298 3216 d’latonis
324 3155 491 3235 ingenium,
522 3156 600 3235 quod
626 3155 764 3238 plane-in
779 3154 843 3215 illia
860 3155 968 3237 spirare
987 3155 1115 3217 videtur.
1134 3212 1137 3217 .
1154 3155 1218 3218 llos

61 3254 156 3336 Ilcgit,
184 3253 367 3334 legendoque
385 3263 446 3313 non
465 3272 512 3313 nes
530 3268 661 3331 tantum,
691 3268 724 3315 ut
743 3254 831 3335 vulgo
846 3253 898 3330 st,
925 3253 979 3314 sod
998 3254 1118 3314 formam
1128 3300 1137 3331 ,
1164 3256 1218 3317 sed

58 3354 279 3435 agitationem,
305 3351 359 3412 sed
377 3352 440 3414 'sim
457 3351 597 3429 diffindi,
626 3353 679 3414 sed
690 3352 911 3435 philosophiam
930 3354 1070 3430 mnniuo,
1099 3374 1173 3434 quae
1190 3369 1219 3414 et

58 3465 80 3512 ta
100 3473 136 3513 ex
157 3451 275 3511 bomine
295 3463 336 3510 est
356 3464 384 3510 et
400 3449 437 3510 ad
453 3450 546 3511 ¹ritum
565 3451 695 3512 hominis
716 3450 924 3512 accommodata
943 3466 1019 3527 tota,
1036 3449 1110 3510 liaeo
1130 3452 1219 3532 igitur

58 3596 60 3601 .
103 3571 158 3630 que
177 3571 235 3609 una
251 3568 316 3608 oum
333 3546 419 3608 rebus
438 3550 563 3610 attendit
579 3549 755 3630 diligenter,
785 3570 839 3609 nac
861 3550 886 3608 is
898 3548 1032 3628 judicare
1050 3548 1088 3611 de
1107 3550 1218 3610 Cicero·

97 3649 181 3728 genio
200 3647 314 3728 poterit.
354 3646 455 3707 Defuit
475 3648 501 3706 ei
512 3693 520 3723 ,
552 3646 660 3723 fatcor,
682 3666 754 3727 quae
773 3644 954 3706 admirabilis
975 3647 1008 3707 in
1023 3646 1218 3708 'Demosthene

58 3757 107 3820 at,
137 3744 256 3806 dicendi
280 3736 427 3827 δεινότης,
460 3743 513 3806 illa
539 3759 615 3806 certe
638 3744 732 3807 deluit
750 3742 905 3826 singularis
924 3740 1011 3826 plane
1029 3756 1057 3806 et
1075 3746 1218 3807 Socratica

58 3842 164 3924 ilicitas
182 3864 213 3903 ao
231 3846 426 3926 popularitas,
455 3866 521 3906 cum
537 3845 622 3926 copia
642 3857 670 3903 et
688 3842 826 3924 gravitate
846 3838 1001 3922 conjuncta
1010 3891 1019 3921 ,
1049 3866 1121 3924 quae
1141 3845 1219 3924 capit

58 3942 144 4014 dnum
171 3943 281 4003 animos
310 3944 443 4004 candoris
471 3943 628 4025 opinione,
657 3955 685 4001 et
710 3943 802 4022 aperit
827 3962 873 4001 eos
889 3954 961 4004 totos
986 3934 1023 4002 ad
1042 3930 1139 4003 nullos
1157 3938 1218 4001 non

58 4061 95 4099 ‚us
111 4040 213 4100 intime
230 4042 446 4125 suscipiendos:
476 4041 554 4101 unde
575 4038 761 4101 incredibilis
782 4040 912 4119 exstitit,
941 4055 974 4100 ut
992 4038 1137 4118 diximus,
1158 4039 1220 4100 Ise-

58 4192 250 4206 -ιο--υ--υ-ιι

76 4281 129 4336 cte.
149 4286 178 4335 aa
195 4267 251 4336 sa.
270 4285 300 4337 v.
320 4284 343 4336 t.
361 4285 404 4336 usi
422 4284 448 4336 u
465 4283 555 4336 anon
573 4284 668 4336 ornus.

58 4375 60 4417 l
79 4369 116 4450 D'e
133 4370 189 4420 Fiat.
209 4369 228 4422 l.
247 4369 269 4422 l.
401 4382 414 4421 t'

76 4457 114 4507 na
130 4455 214 4506 aaa.
232 4454 263 4507 tt.
282 4453 318 4508 tq
