<?xml version="1.0" encoding="UTF-8"?>
<!DOCTYPE html PUBLIC "-//W3C//DTD XHTML 1.0 Transitional//EN"
    "http://www.w3.org/TR/xhtml1/DTD/xhtml1-transitional.dtd">
<html xmlns="http://www.w3.org/1999/xhtml" xml:lang="en" lang="en">
 <head>
  <title>
</title>
<meta http-equiv="Content-Type" content="text/html;charset=utf-8" />
  <meta name='ocr-system' content='tesseract 3.04.00' />
  <meta name='ocr-capabilities' content='ocr_page ocr_carea ocr_par ocr_line ocrx_word'/>
</head>
<body>
  <div class='ocr_page' id='page_1' title='image "./initiaphilosoph00heusgoog_0398.png"; bbox 0 0 2774 5048; ppageno 0'>
   <div class='ocr_carea' id='block_1_1' title="bbox 665 304 725 365">
    <p class='ocr_par' dir='ltr' id='par_1_1' title="bbox 665 304 725 365">
     <span class='ocr_line' id='line_1_1' title="bbox 665 304 725 365; baseline -0.033 0"><span class='ocrx_word' id='word_1_1' title='bbox 665 304 725 365; x_wconf 78' lang='lat'><strong>355</strong></span> 
     </span>
    </p>
   </div>
   <div class='ocr_carea' id='block_1_2' title="bbox 65 458 1345 4109">
    <p class='ocr_par' dir='ltr' id='par_1_2' title="bbox 69 458 1345 2835">
     <span class='ocr_line' id='line_1_2' title="bbox 84 458 1310 549; baseline 0.002 -24"><span class='ocrx_word' id='word_1_2' title='bbox 84 484 153 546; x_wconf 80' lang='lat' dir='ltr'><strong>garae</strong></span> <span class='ocrx_word' id='word_1_3' title='bbox 172 462 210 524; x_wconf 93' lang='lat' dir='ltr'><strong>de</strong></span> <span class='ocrx_word' id='word_1_4' title='bbox 230 464 338 524; x_wconf 77' lang='lat' dir='ltr'><strong>caussis</strong></span> <span class='ocrx_word' id='word_1_5' title='bbox 356 463 507 538; x_wconf 76' lang='lat' dir='ltr'><strong>doctrina,</strong></span> <span class='ocrx_word' id='word_1_6' title='bbox 528 465 566 524; x_wconf 88' lang='lat' dir='ltr'><strong>ad</strong></span> <span class='ocrx_word' id='word_1_7' title='bbox 587 465 638 524; x_wconf 83' lang='lat' dir='ltr'><strong>ilia</strong></span> <span class='ocrx_word' id='word_1_8' title='bbox 659 486 703 525; x_wconf 91' lang='lat' dir='ltr'><strong>me</strong></span> <span class='ocrx_word' id='word_1_9' title='bbox 725 464 822 544; x_wconf 80' lang='lat' dir='ltr'><strong>denuo</strong></span> <span class='ocrx_word' id='word_1_10' title='bbox 843 458 881 523; x_wconf 79' lang='lat' dir='ltr'><strong>roi</strong></span> <span class='ocrx_word' id='word_1_11' title='bbox 902 460 1135 549; x_wconf 71' lang='grc' dir='ltr'><strong><em>πολυθρίλλητα</em></strong></span> <span class='ocrx_word' id='word_1_12' title='bbox 1158 469 1310 544; x_wconf 86' lang='lat' dir='ltr'><strong>converti,</strong></span> 
     </span>
     <span class='ocr_line' id='line_1_3' title="bbox 81 561 1308 650; baseline 0.003 -26"><span class='ocrx_word' id='word_1_13' title='bbox 81 584 129 624; x_wconf 81' lang='lat' dir='ltr'><strong>esse</strong></span> <span class='ocrx_word' id='word_1_14' title='bbox 148 577 278 623; x_wconf 88' lang='lat' dir='ltr'><strong>statuens</strong></span> <span class='ocrx_word' id='word_1_15' title='bbox 297 562 432 643; x_wconf 87' lang='lat' dir='ltr'><strong>pulcrum</strong></span> <span class='ocrx_word' id='word_1_16' title='bbox 449 561 569 643; x_wconf 85' lang='lat' dir='ltr'>aliquod</span> <span class='ocrx_word' id='word_1_17' title='bbox 587 565 684 645; x_wconf 90' lang='lat' dir='ltr'><strong>ipsum</strong></span> <span class='ocrx_word' id='word_1_18' title='bbox 703 584 755 645; x_wconf 88' lang='lat' dir='ltr'><strong>per</strong></span> <span class='ocrx_word' id='word_1_19' title='bbox 775 579 850 624; x_wconf 89' lang='lat' dir='ltr'><strong>sect</strong></span> <span class='ocrx_word' id='word_1_20' title='bbox 869 566 978 627; x_wconf 89' lang='lat' dir='ltr'><strong>bonum</strong></span> <span class='ocrx_word' id='word_1_21' title='bbox 998 583 1026 629; x_wconf 88' lang='lat' dir='ltr'><strong>ct</strong></span> <span class='ocrx_word' id='word_1_22' title='bbox 1046 591 1199 650; x_wconf 81' lang='lat' dir='ltr'><strong>magnum,</strong></span> <span class='ocrx_word' id='word_1_23' title='bbox 1221 568 1308 630; x_wconf 89' lang='lat' dir='ltr'><strong>inde-</strong></span> 
     </span>
     <span class='ocr_line' id='line_1_4' title="bbox 78 651 1308 748; baseline 0.002 -25"><span class='ocrx_word' id='word_1_24' title='bbox 78 684 126 744; x_wconf 90' lang='lat' dir='ltr'><strong>que</strong></span> <span class='ocrx_word' id='word_1_25' title='bbox 142 662 199 744; x_wconf 80' lang='grc' dir='ltr'><strong>τῆς</strong></span> <span class='ocrx_word' id='word_1_26' title='bbox 223 656 319 734; x_wconf 78' lang='grc' dir='ltr'><strong><em>αἰτίας</em></strong></span> <span class='ocrx_word' id='word_1_27' title='bbox 341 651 380 722; x_wconf 74' lang='grc' dir='ltr'><strong>τό</strong></span> <span class='ocrx_word' id='word_1_28' title='bbox 401 654 493 736; x_wconf 73' lang='grc' dir='ltr'><strong><em>εἶδος,</em></strong></span> <span class='ocrx_word' id='word_1_29' title='bbox 515 654 833 742; x_wconf 77' lang='grc' dir='ltr'><strong><em>ὃπεπραγμοίτεομαι,</em></strong></span> <span class='ocrx_word' id='word_1_30' title='bbox 864 669 967 744; x_wconf 77' lang='lat' dir='ltr'><strong>quoles</strong></span> <span class='ocrx_word' id='word_1_31' title='bbox 988 688 1101 727; x_wconf 80' lang='lat' dir='ltr'>caussas</span> <span class='ocrx_word' id='word_1_32' title='bbox 1122 668 1308 748; x_wconf 84' lang='lat' dir='ltr'>intelligam,</span> 
     </span>
     <span class='ocr_line' id='line_1_5' title="bbox 75 762 1310 845; baseline 0 -22"><span class='ocrx_word' id='word_1_33' title='bbox 75 764 238 845; x_wconf 58' lang='lat' dir='ltr'><strong>macris.</strong></span> <span class='ocrx_word' id='word_1_34' title='bbox 280 762 359 823; x_wconf 88' lang='lat' dir='ltr'><strong>Vide</strong></span> <span class='ocrx_word' id='word_1_35' title='bbox 377 764 483 844; x_wconf 85' lang='lat' dir='ltr'><strong>igitur,</strong></span> <span class='ocrx_word' id='word_1_36' title='bbox 506 785 522 823; x_wconf 97' lang='lat' dir='ltr'><strong>o</strong></span> <span class='ocrx_word' id='word_1_37' title='bbox 543 764 650 837; x_wconf 85' lang='lat' dir='ltr'>Cebes,</span> <span class='ocrx_word' id='word_1_38' title='bbox 672 765 895 842; x_wconf 85' lang='lat' dir='ltr'>consequentia,</span> <span class='ocrx_word' id='word_1_39' title='bbox 925 784 996 823; x_wconf 91' lang='lat' dir='ltr'><strong>num</strong></span> <span class='ocrx_word' id='word_1_40' title='bbox 1014 764 1051 824; x_wconf 93' lang='lat' dir='ltr'><strong>de</strong></span> <span class='ocrx_word' id='word_1_41' title='bbox 1072 765 1119 824; x_wconf 94' lang='lat' dir='ltr'><strong>his</strong></span> <span class='ocrx_word' id='word_1_42' title='bbox 1146 766 1310 825; x_wconf 79' lang='lat' dir='ltr'><strong>consentias</strong></span> 
     </span>
     <span class='ocr_line' id='line_1_6' title="bbox 74 852 1309 944; baseline 0.004 -25"><span class='ocrx_word' id='word_1_43' title='bbox 74 881 196 921; x_wconf 88' lang='lat' dir='ltr'><strong>mecum.</strong></span> <span class='ocrx_word' id='word_1_44' title='bbox 241 857 380 922; x_wconf 79' lang='grc' dir='ltr'><strong><em>Φαίνεται</em></strong></span> <span class='ocrx_word' id='word_1_45' title='bbox 401 859 459 944; x_wconf 75' lang='grc' dir='ltr'><strong>γάρ</strong></span> <span class='ocrx_word' id='word_1_46' title='bbox 485 883 551 939; x_wconf 82' lang='grc' dir='ltr'><strong><em>μοι,</em></strong></span> <span class='ocrx_word' id='word_1_47' title='bbox 571 857 594 922; x_wconf 80' lang='lat' dir='ltr'><strong>ei</strong></span> <span class='ocrx_word' id='word_1_48' title='bbox 617 858 648 921; x_wconf 85' lang='grc' dir='ltr'><strong>τί</strong></span> <span class='ocrx_word' id='word_1_49' title='bbox 666 859 745 922; x_wconf 80' lang='grc' dir='ltr'><strong><em>ἐστιν</em></strong></span> <span class='ocrx_word' id='word_1_50' title='bbox 764 855 834 923; x_wconf 72' lang='grc' dir='ltr'><strong><em>ἄλλο</em></strong></span> <span class='ocrx_word' id='word_1_51' title='bbox 855 857 946 922; x_wconf 73' lang='grc' dir='ltr'><strong><em>καλόν</em></strong></span> <span class='ocrx_word' id='word_1_52' title='bbox 966 856 1043 943; x_wconf 63' lang='grc' dir='ltr'><strong><em>πλήν</em></strong></span> <span class='ocrx_word' id='word_1_53' title='bbox 1061 855 1134 923; x_wconf 75' lang='lat' dir='ltr'><strong>oded</strong></span> <span class='ocrx_word' id='word_1_54' title='bbox 1150 852 1189 924; x_wconf 77' lang='lat' dir='ltr'><strong>ed</strong></span> <span class='ocrx_word' id='word_1_55' title='bbox 1208 857 1309 936; x_wconf 78' lang='grc' dir='ltr'><strong><em>καλόν,</em></strong></span> 
     </span>
     <span class='ocr_line' id='line_1_7' title="bbox 72 954 1311 1045; baseline 0.004 -25"><span class='ocrx_word' id='word_1_56' title='bbox 72 954 141 1020; x_wconf 65' lang='lat' dir='ltr'><strong>odoi</strong></span> <span class='ocrx_word' id='word_1_57' title='bbox 169 959 243 1021; x_wconf 75' lang='grc' dir='ltr'><strong>δί’</strong></span> <span class='ocrx_word' id='word_1_58' title='bbox 228 984 261 1023; x_wconf 82' lang='grc' dir='ltr'><strong>εν</strong></span> <span class='ocrx_word' id='word_1_59' title='bbox 288 956 360 1023; x_wconf 83' lang='grc' dir='ltr'><strong><em>αλλο</em></strong></span> <span class='ocrx_word' id='word_1_60' title='bbox 389 958 479 1025; x_wconf 77' lang='grc' dir='ltr'><strong><em>καλὸν</em></strong></span> <span class='ocrx_word' id='word_1_61' title='bbox 507 957 643 1039; x_wconf 76' lang='grc' dir='ltr'><strong><em>εἶναι,</em></strong></span> <span class='ocrx_word' id='word_1_62' title='bbox 622 988 641 1045; x_wconf 87' lang='grc' dir='ltr'><em>η</em></span> <span class='ocrx_word' id='word_1_63' title='bbox 675 957 753 1024; x_wconf 79' lang='grc' dir='ltr'><em>διότι</em></span> <span class='ocrx_word' id='word_1_64' title='bbox 784 959 903 1043; x_wconf 70' lang='grc' dir='ltr'><strong><em>μετέχοι</em></strong></span> <span class='ocrx_word' id='word_1_65' title='bbox 929 961 1038 1025; x_wconf 68' lang='grc' dir='ltr'><strong><em>ἐκείνου</em></strong></span> <span class='ocrx_word' id='word_1_66' title='bbox 1057 987 1111 1025; x_wconf 84' lang='grc' dir='ltr'><strong>τον</strong></span> <span class='ocrx_word' id='word_1_67' title='bbox 1099 963 1237 1025; x_wconf 81' lang='grc' dir='ltr'><strong><em>καλοῦ·</em></strong></span> <span class='ocrx_word' id='word_1_68' title='bbox 1261 962 1311 1025; x_wconf 80' lang='grc' dir='ltr'><strong>καὶ</strong></span> 
     </span>
     <span class='ocr_line' id='line_1_8' title="bbox 69 1055 1314 1152; baseline 0.002 -30"><span class='ocrx_word' id='word_1_69' title='bbox 69 1055 168 1124; x_wconf 78' lang='grc' dir='ltr'><strong><em>πάντα</em></strong></span> <span class='ocrx_word' id='word_1_70' title='bbox 182 1057 278 1146; x_wconf 73' lang='lat' dir='ltr'><strong>dq‘&#39;</strong></span> <span class='ocrx_word' id='word_1_71' title='bbox 240 1086 320 1126; x_wconf 85' lang='grc' dir='ltr'><strong><em>ουτω</em></strong></span> <span class='ocrx_word' id='word_1_72' title='bbox 342 1059 432 1146; x_wconf 72' lang='grc' dir='ltr'><em>λέγω·</em></span> <span class='ocrx_word' id='word_1_73' title='bbox 452 1088 492 1152; x_wconf 74' lang='lat' dir='ltr'><strong>cp</strong></span> <span class='ocrx_word' id='word_1_74' title='bbox 481 1064 616 1151; x_wconf 73' lang='grc' dir='ltr'><strong><em>”τοιᾷδε</em></strong></span> <span class='ocrx_word' id='word_1_75' title='bbox 634 1061 715 1126; x_wconf 77' lang='grc' dir='ltr'><strong><em>αἰτία</em></strong></span> <span class='ocrx_word' id='word_1_76' title='bbox 736 1064 966 1148; x_wconf 81' lang='grc' dir='ltr'><em>ξυγχωρεΐς;-</em></span> <span class='ocrx_word' id='word_1_77' title='bbox 988 1063 1161 1148; x_wconf 80' lang='grc' dir='ltr'><strong><em>Ξογχαρῶ·</em></strong></span> <span class='ocrx_word' id='word_1_78' title='bbox 1191 1070 1314 1126; x_wconf 81' lang='lat' dir='ltr'><strong>videtur</strong></span> 
     </span>
     <span class='ocr_line' id='line_1_9' title="bbox 70 1169 1310 1247; baseline 0 -24"><span class='ocrx_word' id='word_1_79' title='bbox 70 1173 150 1224; x_wconf 83' lang='lat' dir='ltr'><strong>enim</strong></span> <span class='ocrx_word' id='word_1_80' title='bbox 167 1169 268 1243; x_wconf 78' lang='lat' dir='ltr'><strong>milri,</strong></span> <span class='ocrx_word' id='word_1_81' title='bbox 289 1175 317 1227; x_wconf 78' lang='lat' dir='ltr'><strong>ri</strong></span> <span class='ocrx_word' id='word_1_82' title='bbox 334 1170 409 1246; x_wconf 84' lang='lat' dir='ltr'><strong>quid</strong></span> <span class='ocrx_word' id='word_1_83' title='bbox 427 1170 515 1228; x_wconf 82' lang='lat' dir='ltr'><strong>uliud</strong></span> <span class='ocrx_word' id='word_1_84' title='bbox 528 1172 675 1247; x_wconf 85' lang='lat' dir='ltr'><strong>pulcrum</strong></span> <span class='ocrx_word' id='word_1_85' title='bbox 703 1179 748 1228; x_wconf 83' lang='lat' dir='ltr'><strong>aet</strong></span> <span class='ocrx_word' id='word_1_86' title='bbox 773 1179 902 1246; x_wconf 81' lang='lat' dir='ltr'><strong>praeter</strong></span> <span class='ocrx_word' id='word_1_87' title='bbox 926 1175 1064 1246; x_wconf 78' lang='lat' dir='ltr'><strong>ipsum</strong></span> <span class='ocrx_word' id='word_1_88' title='bbox 1086 1169 1310 1246; x_wconf 82' lang='lat' dir='ltr'><strong>pulcrum,</strong></span> 
     </span>
     <span class='ocr_line' id='line_1_10' title="bbox 70 1268 1308 1346; baseline -0.002 -24"><span class='ocrx_word' id='word_1_89' title='bbox 70 1286 128 1323; x_wconf 83' lang='lat' dir='ltr'><strong>uon</strong></span> <span class='ocrx_word' id='word_1_90' title='bbox 143 1275 274 1344; x_wconf 82' lang='lat' dir='ltr'><strong>propter</strong></span> <span class='ocrx_word' id='word_1_91' title='bbox 294 1268 389 1325; x_wconf 83' lang='lat' dir='ltr'><strong>ulium</strong></span> <span class='ocrx_word' id='word_1_92' title='bbox 408 1289 547 1327; x_wconf 73' lang='lat' dir='ltr'><strong>causeum</strong></span> <span class='ocrx_word' id='word_1_93' title='bbox 565 1269 729 1346; x_wconf 81' lang='lat' dir='ltr'><em>quamlibet</em></span> <span class='ocrx_word' id='word_1_94' title='bbox 745 1269 890 1346; x_wconf 82' lang='lat' dir='ltr'><strong>pulcrum</strong></span> <span class='ocrx_word' id='word_1_95' title='bbox 912 1290 990 1342; x_wconf 79' lang='lat' dir='ltr'><strong>eece,</strong></span> <span class='ocrx_word' id='word_1_96' title='bbox 1021 1283 1112 1345; x_wconf 84' lang='lat' dir='ltr'><strong>quum</strong></span> <span class='ocrx_word' id='word_1_97' title='bbox 1127 1276 1289 1343; x_wconf 84' lang='lat' dir='ltr'><strong>propterea</strong></span> <span class='ocrx_word' id='word_1_98' title='bbox 1300 1308 1308 1336; x_wconf 96' lang='lat'><strong>,</strong></span> 
     </span>
     <span class='ocr_line' id='line_1_11' title="bbox 69 1357 1309 1444; baseline -0.002 -24"><span class='ocrx_word' id='word_1_99' title='bbox 69 1364 149 1442; x_wconf 83' lang='lat' dir='ltr'><strong>quod</strong></span> <span class='ocrx_word' id='word_1_100' title='bbox 175 1364 309 1423; x_wconf 81' lang='lat' dir='ltr'><strong>illiue</strong></span> <span class='ocrx_word' id='word_1_101' title='bbox 332 1367 408 1443; x_wconf 87' lang='lat' dir='ltr'><strong>pul</strong></span> <span class='ocrx_word' id='word_1_102' title='bbox 414 1374 479 1424; x_wconf 82' lang='lat' dir='ltr'><strong>cri</strong></span> <span class='ocrx_word' id='word_1_103' title='bbox 503 1374 659 1443; x_wconf 73' lang='lat' dir='ltr'><em>particeps</em></span> <span class='ocrx_word' id='word_1_104' title='bbox 680 1376 745 1440; x_wconf 87' lang='lat' dir='ltr'><strong>oet,</strong></span> <span class='ocrx_word' id='word_1_105' title='bbox 767 1376 857 1444; x_wconf 85' lang='lat' dir='ltr'><strong>atquo</strong></span> <span class='ocrx_word' id='word_1_106' title='bbox 876 1368 954 1424; x_wconf 85' lang='lat' dir='ltr'><strong>idem</strong></span> <span class='ocrx_word' id='word_1_107' title='bbox 972 1367 1007 1423; x_wconf 88' lang='lat' dir='ltr'><strong>dc</strong></span> <span class='ocrx_word' id='word_1_108' title='bbox 1026 1357 1155 1423; x_wconf 79' lang='lat' dir='ltr'><strong>coeteris</strong></span> <span class='ocrx_word' id='word_1_109' title='bbox 1173 1364 1309 1421; x_wconf 78' lang='lat' dir='ltr'><strong>omnibus</strong></span> 
     </span>
     <span class='ocr_line' id='line_1_12' title="bbox 69 1459 1310 1540; baseline -0.001 -21"><span class='ocrx_word' id='word_1_110' title='bbox 69 1461 144 1520; x_wconf 79' lang='lat' dir='ltr'><strong>dico.</strong></span> <span class='ocrx_word' id='word_1_111' title='bbox 188 1461 406 1538; x_wconf 81' lang='lat' dir='ltr'><strong>Hujuccemodi</strong></span> <span class='ocrx_word' id='word_1_112' title='bbox 429 1477 531 1523; x_wconf 81' lang='lat' dir='ltr'><strong>autem</strong></span> <span class='ocrx_word' id='word_1_113' title='bbox 548 1485 688 1522; x_wconf 77' lang='lat' dir='ltr'><strong>causeum</strong></span> <span class='ocrx_word' id='word_1_114' title='bbox 706 1464 837 1540; x_wconf 78' lang='lat' dir='ltr'><strong>probae?</strong></span> <span class='ocrx_word' id='word_1_115' title='bbox 858 1500 890 1509; x_wconf 94' lang='lat'>—</span> <span class='ocrx_word' id='word_1_116' title='bbox 912 1463 1008 1523; x_wconf 80' lang='lat' dir='ltr'><strong>Probo</strong></span> <span class='ocrx_word' id='word_1_117' title='bbox 1040 1464 1184 1540; x_wconf 85' lang='lat' dir='ltr'><strong>equidem.</strong></span> <span class='ocrx_word' id='word_1_118' title='bbox 1226 1459 1310 1520; x_wconf 88' lang='lat' dir='ltr'><strong>Reli-</strong></span> 
     </span>
     <span class='ocr_line' id='line_1_13' title="bbox 71 1556 1309 1644; baseline -0.001 -27"><span class='ocrx_word' id='word_1_119' title='bbox 71 1580 143 1639; x_wconf 90' lang='lat' dir='ltr'><strong>quas</strong></span> <span class='ocrx_word' id='word_1_120' title='bbox 163 1556 294 1636; x_wconf 83' lang='lat' dir='ltr'><strong>caussas,</strong></span> <span class='ocrx_word' id='word_1_121' title='bbox 315 1582 386 1639; x_wconf 93' lang='lat' dir='ltr'><strong>quas</strong></span> <span class='ocrx_word' id='word_1_122' title='bbox 405 1578 525 1644; x_wconf 88' lang='lat' dir='ltr'><strong>crepant</strong></span> <span class='ocrx_word' id='word_1_123' title='bbox 542 1562 686 1642; x_wconf 90' lang='lat' dir='ltr'><strong>sapientes</strong></span> <span class='ocrx_word' id='word_1_124' title='bbox 696 1607 705 1636; x_wconf 97' lang='lat'><strong>,</strong></span> <span class='ocrx_word' id='word_1_125' title='bbox 727 1560 860 1623; x_wconf 88' lang='lat' dir='ltr'><strong>nondum</strong></span> <span class='ocrx_word' id='word_1_126' title='bbox 878 1562 961 1642; x_wconf 89' lang='lat' dir='ltr'><strong>capio</strong></span> <span class='ocrx_word' id='word_1_127' title='bbox 982 1581 1035 1620; x_wconf 90' lang='lat' dir='ltr'><strong>nec</strong></span> <span class='ocrx_word' id='word_1_128' title='bbox 1055 1579 1169 1640; x_wconf 89' lang='lat' dir='ltr'><strong>possum</strong></span> <span class='ocrx_word' id='word_1_129' title='bbox 1193 1578 1309 1637; x_wconf 84' lang='lat' dir='ltr'><strong>cognos-</strong></span> 
     </span>
     <span class='ocr_line' id='line_1_14' title="bbox 70 1655 1312 1742; baseline -0.002 -26"><span class='ocrx_word' id='word_1_130' title='bbox 70 1677 155 1733; x_wconf 82' lang='lat' dir='ltr'><strong>cere3</strong></span> <span class='ocrx_word' id='word_1_131' title='bbox 179 1655 251 1733; x_wconf 87' lang='lat' dir='ltr'><strong>sed,</strong></span> <span class='ocrx_word' id='word_1_132' title='bbox 283 1657 334 1716; x_wconf 90' lang='lat' dir='ltr'><strong>ubi</strong></span> <span class='ocrx_word' id='word_1_133' title='bbox 358 1661 423 1738; x_wconf 90' lang='lat' dir='ltr'><strong>quis</strong></span> <span class='ocrx_word' id='word_1_134' title='bbox 447 1662 581 1742; x_wconf 87' lang='lat' dir='ltr'><strong>pulcrum</strong></span> <span class='ocrx_word' id='word_1_135' title='bbox 609 1657 724 1736; x_wconf 91' lang='lat' dir='ltr'><strong>aliquid</strong></span> <span class='ocrx_word' id='word_1_136' title='bbox 752 1680 811 1719; x_wconf 92' lang='lat' dir='ltr'><strong>esse</strong></span> <span class='ocrx_word' id='word_1_137' title='bbox 841 1659 939 1734; x_wconf 85' lang='lat' dir='ltr'><strong>dixit,</strong></span> <span class='ocrx_word' id='word_1_138' title='bbox 971 1658 1068 1737; x_wconf 90' lang='lat' dir='ltr'><strong>siquid</strong></span> <span class='ocrx_word' id='word_1_139' title='bbox 1098 1659 1159 1717; x_wconf 85' lang='lat' dir='ltr'><strong>sive</strong></span> <span class='ocrx_word' id='word_1_140' title='bbox 1186 1656 1312 1716; x_wconf 85' lang='lat' dir='ltr'><strong>colorem</strong></span> 
     </span>
     <span class='ocr_line' id='line_1_15' title="bbox 70 1751 1310 1839; baseline -0.002 -24"><span class='ocrx_word' id='word_1_141' title='bbox 70 1755 162 1816; x_wconf 81' lang='lat' dir='ltr'><strong>habet</strong></span> <span class='ocrx_word' id='word_1_142' title='bbox 181 1756 243 1816; x_wconf 83' lang='lat' dir='ltr'><strong>sive</strong></span> <span class='ocrx_word' id='word_1_143' title='bbox 264 1756 385 1816; x_wconf 80' lang='lat' dir='ltr'><strong>formam</strong></span> <span class='ocrx_word' id='word_1_144' title='bbox 404 1759 562 1839; x_wconf 83' lang='lat' dir='ltr'><strong>elegantem</strong></span> <span class='ocrx_word' id='word_1_145' title='bbox 579 1759 641 1817; x_wconf 92' lang='lat' dir='ltr'><strong>sive</strong></span> <span class='ocrx_word' id='word_1_146' title='bbox 661 1755 744 1815; x_wconf 91' lang='lat' dir='ltr'><strong>aliud</strong></span> <span class='ocrx_word' id='word_1_147' title='bbox 763 1757 889 1837; x_wconf 82' lang='lat' dir='ltr'><strong>quodvis</strong></span> <span class='ocrx_word' id='word_1_148' title='bbox 909 1757 1034 1830; x_wconf 89' lang='lat' dir='ltr'><strong>talium,</strong></span> <span class='ocrx_word' id='word_1_149' title='bbox 1056 1756 1154 1817; x_wconf 82' lang='lat' dir='ltr'><strong>valere</strong></span> <span class='ocrx_word' id='word_1_150' title='bbox 1171 1751 1242 1813; x_wconf 91' lang='lat' dir='ltr'><strong>haec</strong></span> <span class='ocrx_word' id='word_1_151' title='bbox 1259 1755 1310 1831; x_wconf 85' lang='lat' dir='ltr'><strong>ju-</strong></span> 
     </span>
     <span class='ocr_line' id='line_1_16' title="bbox 70 1847 1345 1934; baseline 0.002 -22"><span class='ocrx_word' id='word_1_152' title='bbox 70 1852 142 1913; x_wconf 83' lang='lat' dir='ltr'><strong>beo:</strong></span> <span class='ocrx_word' id='word_1_153' title='bbox 171 1853 327 1934; x_wconf 79' lang='lat' dir='ltr'><strong>perturbor</strong></span> <span class='ocrx_word' id='word_1_154' title='bbox 347 1857 476 1916; x_wconf 89' lang='lat' dir='ltr'><strong>enimin</strong></span> <span class='ocrx_word' id='word_1_155' title='bbox 495 1858 593 1933; x_wconf 74' lang='lat' dir='ltr'><strong>hisce,</strong></span> <span class='ocrx_word' id='word_1_156' title='bbox 616 1854 703 1916; x_wconf 79' lang='grc' dir='ltr'><strong><em>τοῦτο</em></strong></span> <span class='ocrx_word' id='word_1_157' title='bbox 727 1850 763 1915; x_wconf 69' lang='grc' dir='ltr'><strong>δὲ</strong></span> <span class='ocrx_word' id='word_1_158' title='bbox 785 1848 887 1929; x_wconf 76' lang='grc' dir='ltr'><strong><em>ἁπλοῖς</em></strong></span> <span class='ocrx_word' id='word_1_159' title='bbox 905 1852 953 1915; x_wconf 81' lang='grc' dir='ltr'><strong>καὶ</strong></span> <span class='ocrx_word' id='word_1_160' title='bbox 974 1849 1107 1934; x_wconf 74' lang='grc' dir='ltr'><strong><em>α’τεχναῖς</em></strong></span> <span class='ocrx_word' id='word_1_161' title='bbox 1128 1851 1158 1933; x_wconf 94' lang='lat' dir='ltr'><strong>l)</strong></span> <span class='ocrx_word' id='word_1_162' title='bbox 1177 1850 1226 1913; x_wconf 82' lang='grc' dir='ltr'><strong>καὶ</strong></span> <span class='ocrx_word' id='word_1_163' title='bbox 1239 1847 1312 1925; x_wconf 87' lang='grc' dir='ltr'><em>ἴσως</em></span> <span class='ocrx_word' id='word_1_164' title='bbox 1340 1909 1345 1915; x_wconf 87' lang='grc'>.</span> 
     </span>
     <span class='ocr_line' id='line_1_17' title="bbox 70 1944 1312 2041; baseline 0.002 -29"><span class='ocrx_word' id='word_1_165' title='bbox 70 1944 196 2034; x_wconf 66' lang='grc' dir='ltr'><em>εὐήθως</em></span> <span class='ocrx_word' id='word_1_166' title='bbox 217 1946 281 2032; x_wconf 76' lang='grc' dir='ltr'><strong>ἔχω</strong></span> <span class='ocrx_word' id='word_1_167' title='bbox 302 1947 374 2035; x_wconf 80' lang='grc' dir='ltr'><strong><em>παρ’</em></strong></span> <span class='ocrx_word' id='word_1_168' title='bbox 394 1951 517 2041; x_wconf 75' lang='grc' dir='ltr'><strong><em>ἐμαυτῷ</em></strong></span> <span class='ocrx_word' id='word_1_169' title='bbox 521 2003 531 2030; x_wconf 86' lang='grc'><strong><em>,</em></strong></span> <span class='ocrx_word' id='word_1_170' title='bbox 554 1947 600 2017; x_wconf 73' lang='grc' dir='ltr'><strong>ὅτι</strong></span> <span class='ocrx_word' id='word_1_171' title='bbox 622 1951 674 2017; x_wconf 74' lang='grc' dir='ltr'><strong>οὐκ</strong></span> <span class='ocrx_word' id='word_1_172' title='bbox 696 1949 766 2017; x_wconf 74' lang='lat' dir='ltr'><strong>dito</strong></span> <span class='ocrx_word' id='word_1_173' title='bbox 788 1980 816 2017; x_wconf 83' lang='grc' dir='ltr'><strong>τι</strong></span> <span class='ocrx_word' id='word_1_174' title='bbox 837 1959 916 2018; x_wconf 69' lang='lat' dir='ltr'><strong>notri</strong></span> <span class='ocrx_word' id='word_1_175' title='bbox 934 1950 1009 2017; x_wconf 77' lang='lat' dir='ltr'><strong>oded</strong></span> <span class='ocrx_word' id='word_1_176' title='bbox 1030 1950 1118 2016; x_wconf 77' lang='grc' dir='ltr'><strong><em>καλόν</em></strong></span> <span class='ocrx_word' id='word_1_177' title='bbox 1134 1946 1155 2034; x_wconf 70' lang='grc' dir='ltr'><strong><em>ἧ</em></strong></span> <span class='ocrx_word' id='word_1_178' title='bbox 1169 1947 1312 2038; x_wconf 80' lang='grc' dir='ltr'><strong><em>η’ἒκείνον</em></strong></span> 
     </span>
     <span class='ocr_line' id='line_1_18' title="bbox 70 2048 1312 2145; baseline 0.002 -31"><span class='ocrx_word' id='word_1_179' title='bbox 70 2051 125 2114; x_wconf 78' lang='grc' dir='ltr'><strong>τοῦ</strong></span> <span class='ocrx_word' id='word_1_180' title='bbox 145 2049 290 2114; x_wconf 81' lang='grc' dir='ltr'><strong><em>καλοῦ”</em></strong></span> <span class='ocrx_word' id='word_1_181' title='bbox 258 2077 314 2116; x_wconf 75' lang='grc' dir='ltr'><strong>ατε</strong></span> <span class='ocrx_word' id='word_1_182' title='bbox 339 2054 488 2138; x_wconf 78' lang='grc' dir='ltr'><strong><em>παρουσία</em></strong></span> <span class='ocrx_word' id='word_1_183' title='bbox 509 2054 566 2120; x_wconf 72' lang='grc' dir='ltr'><strong>εἴτε</strong></span> <span class='ocrx_word' id='word_1_184' title='bbox 587 2055 723 2120; x_wconf 83' lang='grc' dir='ltr'><strong><em>κοινωνία</em></strong></span> <span class='ocrx_word' id='word_1_185' title='bbox 745 2054 800 2120; x_wconf 81' lang='lat' dir='ltr'><strong>ri&#39;ce</strong></span> <span class='ocrx_word' id='word_1_186' title='bbox 825 2051 888 2145; x_wconf 74' lang='grc' dir='ltr'><strong>ὅπῃ</strong></span> <span class='ocrx_word' id='word_1_187' title='bbox 912 2048 954 2141; x_wconf 65' lang='grc' dir='ltr'><em>δὴ</em></span> <span class='ocrx_word' id='word_1_188' title='bbox 972 2049 1066 2119; x_wconf 75' lang='grc' dir='ltr'><strong>καί“</strong></span> <span class='ocrx_word' id='word_1_189' title='bbox 1046 2078 1129 2131; x_wconf 87' lang='grc' dir='ltr'><strong><em>οπως</em></strong></span> <span class='ocrx_word' id='word_1_190' title='bbox 1153 2076 1312 2138; x_wconf 75' lang='grc' dir='ltr'><strong><em>προσγενο-</em></strong></span> 
     </span>
     <span class='ocr_line' id='line_1_19' title="bbox 72 2148 1313 2248; baseline 0.003 -32"><span class='ocrx_word' id='word_1_191' title='bbox 72 2148 162 2237; x_wconf 68' lang='grc' dir='ltr'><strong><em>μένη·</em></strong></span> <span class='ocrx_word' id='word_1_192' title='bbox 183 2150 276 2218; x_wconf 86' lang='lat' dir='ltr'><strong>oo&#39;</strong></span> <span class='ocrx_word' id='word_1_193' title='bbox 237 2180 294 2242; x_wconf 73' lang='grc' dir='ltr'><strong>γαρ</strong></span> <span class='ocrx_word' id='word_1_194' title='bbox 317 2151 361 2220; x_wconf 75' lang='grc' dir='ltr'><strong>ἔτι</strong></span> <span class='ocrx_word' id='word_1_195' title='bbox 381 2159 469 2221; x_wconf 77' lang='grc' dir='ltr'><strong><em>τοῦτο</em></strong></span> <span class='ocrx_word' id='word_1_196' title='bbox 488 2159 727 2243; x_wconf 73' lang='grc' dir='ltr'><strong><em>ὃιὶοχορίζομαι,</em></strong></span> <span class='ocrx_word' id='word_1_197' title='bbox 748 2156 810 2222; x_wconf 72' lang='grc' dir='ltr'><strong>ἀλλ’</strong></span> <span class='ocrx_word' id='word_1_198' title='bbox 827 2153 873 2223; x_wconf 82' lang='grc' dir='ltr'><strong>ὅτι</strong></span> <span class='ocrx_word' id='word_1_199' title='bbox 896 2161 942 2248; x_wconf 73' lang='grc' dir='ltr'><strong>τῷ</strong></span> <span class='ocrx_word' id='word_1_200' title='bbox 960 2160 1042 2247; x_wconf 72' lang='grc' dir='ltr'><strong><em>καλῷ</em></strong></span> <span class='ocrx_word' id='word_1_201' title='bbox 1059 2150 1156 2220; x_wconf 76' lang='grc' dir='ltr'><strong><em>πάντα</em></strong></span> <span class='ocrx_word' id='word_1_202' title='bbox 1178 2151 1217 2220; x_wconf 67' lang='lat' dir='ltr'><strong>tu*</strong></span> <span class='ocrx_word' id='word_1_203' title='bbox 1237 2159 1313 2220; x_wconf 75' lang='grc' dir='ltr'><strong><em>καλοὶ</em></strong></span> 
     </span>
     <span class='ocr_line' id='line_1_20' title="bbox 72 2254 1313 2346; baseline 0 -27"><span class='ocrx_word' id='word_1_204' title='bbox 72 2255 198 2341; x_wconf 52' lang='grc' dir='ltr'><strong>γίγνεται</strong></span> <span class='ocrx_word' id='word_1_205' title='bbox 215 2254 302 2321; x_wconf 82' lang='grc' dir='ltr'><strong><em>καλα</em></strong></span> <span class='ocrx_word' id='word_1_206' title='bbox 323 2265 357 2321; x_wconf 80' lang='grc' dir='ltr'><strong>ἰοί</strong></span> <span class='ocrx_word' id='word_1_207' title='bbox 376 2285 444 2322; x_wconf 83' lang='lat' dir='ltr'><strong>cero</strong></span> <span class='ocrx_word' id='word_1_208' title='bbox 464 2265 663 2342; x_wconf 76' lang='lat' dir='ltr'><strong>simpliciter,</strong></span> <span class='ocrx_word' id='word_1_209' title='bbox 683 2273 814 2346; x_wconf 79' lang='lat' dir='ltr'><strong>ingenua</strong></span> <span class='ocrx_word' id='word_1_210' title='bbox 836 2275 865 2324; x_wconf 85' lang='lat' dir='ltr'><strong>ct</strong></span> <span class='ocrx_word' id='word_1_211' title='bbox 876 2266 1016 2342; x_wconf 78' lang='lat' dir='ltr'><strong>sortasse</strong></span> <span class='ocrx_word' id='word_1_212' title='bbox 1037 2268 1180 2340; x_wconf 82' lang='lat' dir='ltr'><strong>imperite</strong></span> <span class='ocrx_word' id='word_1_213' title='bbox 1210 2271 1313 2336; x_wconf 81' lang='lat' dir='ltr'><strong>teneo,</strong></span> 
     </span>
     <span class='ocr_line' id='line_1_21' title="bbox 76 2362 1314 2442; baseline -0.002 -22"><span class='ocrx_word' id='word_1_214' title='bbox 76 2362 159 2420; x_wconf 77' lang='lat' dir='ltr'><strong>nihil</strong></span> <span class='ocrx_word' id='word_1_215' title='bbox 176 2362 266 2421; x_wconf 81' lang='lat' dir='ltr'><strong>aliud</strong></span> <span class='ocrx_word' id='word_1_216' title='bbox 283 2385 347 2421; x_wconf 83' lang='lat' dir='ltr'><strong>rem</strong></span> <span class='ocrx_word' id='word_1_217' title='bbox 367 2363 463 2419; x_wconf 83' lang='lat' dir='ltr'><em>ullum</em></span> <span class='ocrx_word' id='word_1_218' title='bbox 478 2363 621 2440; x_wconf 83' lang='lat' dir='ltr'><strong>pulcram</strong></span> <span class='ocrx_word' id='word_1_219' title='bbox 650 2362 785 2442; x_wconf 82' lang='lat' dir='ltr'><strong>efficere,</strong></span> <span class='ocrx_word' id='word_1_220' title='bbox 813 2370 875 2421; x_wconf 84' lang='lat' dir='ltr'><strong>uici</strong></span> <span class='ocrx_word' id='word_1_221' title='bbox 904 2370 993 2440; x_wconf 82' lang='lat' dir='ltr'><strong>ipsi</strong></span> <span class='ocrx_word' id='word_1_222' title='bbox 1002 2385 1046 2421; x_wconf 83' lang='lat' dir='ltr'><strong>uc</strong></span> <span class='ocrx_word' id='word_1_223' title='bbox 1068 2363 1222 2442; x_wconf 77' lang='lat' dir='ltr'><strong>pulcri</strong></span> <span class='ocrx_word' id='word_1_224' title='bbox 1251 2368 1314 2419; x_wconf 81' lang='lat' dir='ltr'><strong>eive</strong></span> 
     </span>
     <span class='ocr_line' id='line_1_22' title="bbox 73 2461 1314 2540; baseline -0.001 -21"><span class='ocrx_word' id='word_1_225' title='bbox 73 2468 282 2539; x_wconf 72' lang='lat' dir='ltr'><strong>praesentiam</strong></span> <span class='ocrx_word' id='word_1_226' title='bbox 301 2463 615 2532; x_wconf 16' lang='lat' dir='ltr'><strong>cive—communionem</strong></span> <span class='ocrx_word' id='word_1_227' title='bbox 634 2468 695 2519; x_wconf 80' lang='grc' dir='ltr'><strong><em>α’νο</em></strong></span> <span class='ocrx_word' id='word_1_228' title='bbox 714 2463 882 2539; x_wconf 83' lang='lat' dir='ltr'><strong>ubicunque</strong></span> <span class='ocrx_word' id='word_1_229' title='bbox 903 2471 933 2518; x_wconf 81' lang='lat' dir='ltr'><strong>et</strong></span> <span class='ocrx_word' id='word_1_230' title='bbox 958 2463 1215 2540; x_wconf 75' lang='lat' dir='ltr'><strong>quomodocunque</strong></span> <span class='ocrx_word' id='word_1_231' title='bbox 1233 2461 1314 2518; x_wconf 84' lang='lat' dir='ltr'><strong>illud</strong></span> 
     </span>
     <span class='ocr_line' id='line_1_23' title="bbox 75 2559 1314 2639; baseline -0.002 -21"><span class='ocrx_word' id='word_1_232' title='bbox 75 2566 238 2618; x_wconf 73' lang='lat' dir='ltr'><strong>occesserit</strong></span> <span class='ocrx_word' id='word_1_233' title='bbox 248 2604 256 2635; x_wconf 93' lang='lat'><strong>,</strong></span> <span class='ocrx_word' id='word_1_234' title='bbox 278 2560 330 2618; x_wconf 82' lang='lat' dir='ltr'><strong>ltoc</strong></span> <span class='ocrx_word' id='word_1_235' title='bbox 349 2581 407 2617; x_wconf 86' lang='grc' dir='ltr'><strong>παπ</strong></span> <span class='ocrx_word' id='word_1_236' title='bbox 427 2560 583 2617; x_wconf 80' lang='lat' dir='ltr'><strong>discerno:</strong></span> <span class='ocrx_word' id='word_1_237' title='bbox 605 2561 656 2617; x_wconf 84' lang='lat' dir='ltr'><strong>ced</strong></span> <span class='ocrx_word' id='word_1_238' title='bbox 665 2604 674 2634; x_wconf 93' lang='lat'><strong>,</strong></span> <span class='ocrx_word' id='word_1_239' title='bbox 690 2561 847 2639; x_wconf 82' lang='lat' dir='ltr'><strong>pulcro</strong></span> <span class='ocrx_word' id='word_1_240' title='bbox 861 2560 976 2637; x_wconf 83' lang='lat' dir='ltr'><strong>pulcro</strong></span> <span class='ocrx_word' id='word_1_241' title='bbox 995 2566 1095 2617; x_wconf 82' lang='lat' dir='ltr'><strong>oncoio</strong></span> <span class='ocrx_word' id='word_1_242' title='bbox 1110 2559 1314 2638; x_wconf 74' lang='lat' dir='ltr'><strong>pulcrofiem&#39;,</strong></span> 
     </span>
     <span class='ocr_line' id='line_1_24' title="bbox 73 2654 1314 2738; baseline -0.001 -24"><span class='ocrx_word' id='word_1_243' title='bbox 73 2658 243 2717; x_wconf 80' lang='lat' dir='ltr'><strong>contendo.»</strong></span> <span class='ocrx_word' id='word_1_244' title='bbox 268 2655 301 2738; x_wconf 80' lang='lat'><strong>2)</strong></span> <span class='ocrx_word' id='word_1_245' title='bbox 328 2656 408 2716; x_wconf 90' lang='lat' dir='ltr'><strong>Hinc</strong></span> <span class='ocrx_word' id='word_1_246' title='bbox 425 2679 505 2717; x_wconf 86' lang='lat' dir='ltr'><strong>orsus</strong></span> <span class='ocrx_word' id='word_1_247' title='bbox 522 2656 667 2732; x_wconf 85' lang='lat' dir='ltr'><strong>Socrates,</strong></span> <span class='ocrx_word' id='word_1_248' title='bbox 689 2671 722 2716; x_wconf 92' lang='lat' dir='ltr'><strong>ut</strong></span> <span class='ocrx_word' id='word_1_249' title='bbox 739 2656 880 2716; x_wconf 91' lang='lat' dir='ltr'><strong>hactenus</strong></span> <span class='ocrx_word' id='word_1_250' title='bbox 899 2654 935 2715; x_wconf 92' lang='lat' dir='ltr'><strong>de</strong></span> <span class='ocrx_word' id='word_1_251' title='bbox 954 2656 1057 2737; x_wconf 87' lang='lat' dir='ltr'><strong>pulcro</strong></span> <span class='ocrx_word' id='word_1_252' title='bbox 1069 2701 1078 2731; x_wconf 92' lang='lat'><strong>,</strong></span> <span class='ocrx_word' id='word_1_253' title='bbox 1106 2657 1146 2715; x_wconf 92' lang='lat' dir='ltr'><strong>ita</strong></span> <span class='ocrx_word' id='word_1_254' title='bbox 1176 2655 1314 2736; x_wconf 89' lang='lat' dir='ltr'><strong>deinceps</strong></span> 
     </span>
     <span class='ocr_line' id='line_1_25' title="bbox 74 2752 1314 2835; baseline -0.002 -22"><span class='ocrx_word' id='word_1_255' title='bbox 74 2753 109 2813; x_wconf 90' lang='lat' dir='ltr'><strong>de</strong></span> <span class='ocrx_word' id='word_1_256' title='bbox 127 2753 355 2835; x_wconf 84' lang='lat' dir='ltr'><strong>magnitudine,</strong></span> <span class='ocrx_word' id='word_1_257' title='bbox 375 2754 412 2814; x_wconf 90' lang='lat' dir='ltr'><strong>dc</strong></span> <span class='ocrx_word' id='word_1_258' title='bbox 432 2756 571 2833; x_wconf 81' lang='lat' dir='ltr'><strong>qualitate</strong></span> <span class='ocrx_word' id='word_1_259' title='bbox 590 2769 618 2815; x_wconf 90' lang='lat' dir='ltr'><strong>et</strong></span> <span class='ocrx_word' id='word_1_260' title='bbox 636 2755 800 2834; x_wconf 87' lang='lat' dir='ltr'><strong>quantitate</strong></span> <span class='ocrx_word' id='word_1_261' title='bbox 819 2752 944 2814; x_wconf 90' lang='lat' dir='ltr'><strong>disserit.</strong></span> <span class='ocrx_word' id='word_1_262' title='bbox 987 2755 1096 2813; x_wconf 84' lang='lat' dir='ltr'><strong>Pa1··ite1</strong></span> <span class='ocrx_word' id='word_1_263' title='bbox 1114 2752 1152 2812; x_wconf 89' lang='lat' dir='ltr'><strong>ab</strong></span> <span class='ocrx_word' id='word_1_264' title='bbox 1171 2753 1235 2827; x_wconf 91' lang='lat' dir='ltr'><strong>his,</strong></span> <span class='ocrx_word' id='word_1_265' title='bbox 1256 2753 1314 2828; x_wconf 91' lang='lat' dir='ltr'><strong>ait,</strong></span> 
     </span>
    </p>

    <p class='ocr_par' dir='ltr' id='par_1_3' title="bbox 65 2851 1332 4109">
     <span class='ocr_line' id='line_1_26' title="bbox 75 2851 1314 2962; baseline 0 -52"><span class='ocrx_word' id='word_1_266' title='bbox 75 2852 260 2936; x_wconf 86' lang='lat' dir='ltr'><strong>aspeciebus</strong></span> <span class='ocrx_word' id='word_1_267' title='bbox 268 2853 433 2962; x_wconf 82' lang='lat' dir='ltr'><strong>perfectis,</strong></span> <span class='ocrx_word' id='word_1_268' title='bbox 454 2874 499 2915; x_wconf 86' lang='lat' dir='ltr'><strong>res</strong></span> <span class='ocrx_word' id='word_1_269' title='bbox 517 2874 636 2962; x_wconf 83' lang='lat' dir='ltr'><strong>magnae</strong></span> <span class='ocrx_word' id='word_1_270' title='bbox 666 2867 696 2913; x_wconf 90' lang='lat' dir='ltr'><strong>et</strong></span> <span class='ocrx_word' id='word_1_271' title='bbox 723 2873 850 2933; x_wconf 84' lang='lat' dir='ltr'><strong>parvae,</strong></span> <span class='ocrx_word' id='word_1_272' title='bbox 879 2873 1008 2931; x_wconf 89' lang='lat' dir='ltr'><strong>quaeque</strong></span> <span class='ocrx_word' id='word_1_273' title='bbox 1036 2853 1115 2934; x_wconf 89' lang='lat' dir='ltr'><strong>paris</strong></span> <span class='ocrx_word' id='word_1_274' title='bbox 1140 2865 1168 2910; x_wconf 91' lang='lat' dir='ltr'><strong>et</strong></span> <span class='ocrx_word' id='word_1_275' title='bbox 1195 2851 1314 2930; x_wconf 88' lang='lat' dir='ltr'><strong>imparis</strong></span> 
     </span>
     <span class='ocr_line' id='line_1_27' title="bbox 75 2939 1314 3034; baseline -0.005 -22"><span class='ocrx_word' id='word_1_276' title='bbox 75 2966 142 3013; x_wconf 90' lang='lat' dir='ltr'><strong>sunt</strong></span> <span class='ocrx_word' id='word_1_277' title='bbox 161 2950 296 3026; x_wconf 87' lang='lat' dir='ltr'><strong>numeri,</strong></span> <span class='ocrx_word' id='word_1_278' title='bbox 317 2972 423 3011; x_wconf 89' lang='lat' dir='ltr'><strong>nomen</strong></span> <span class='ocrx_word' id='word_1_279' title='bbox 443 2950 562 3025; x_wconf 89' lang='lat' dir='ltr'><strong>habent,</strong></span> <span class='ocrx_word' id='word_1_280' title='bbox 583 2951 692 3034; x_wconf 89' lang='lat' dir='ltr'><strong>quippe</strong></span> <span class='ocrx_word' id='word_1_281' title='bbox 711 2950 871 3031; x_wconf 88' lang='lat' dir='ltr'><strong>specierum</strong></span> <span class='ocrx_word' id='word_1_282' title='bbox 891 2950 1010 3009; x_wconf 80' lang='lat' dir='ltr'><strong>illarum</strong></span> <span class='ocrx_word' id='word_1_283' title='bbox 1026 2950 1192 3030; x_wconf 86' lang='lat' dir='ltr'><strong>participes.</strong></span> <span class='ocrx_word' id='word_1_284' title='bbox 1217 2939 1314 3008; x_wconf 79' lang='lat' dir='ltr'><strong>Teium</strong></span> 
     </span>
     <span class='ocr_line' id='line_1_28' title="bbox 75 3046 1314 3132; baseline 0 -23"><span class='ocrx_word' id='word_1_285' title='bbox 75 3051 164 3132; x_wconf 84' lang='lat' dir='ltr'><strong>igitur</strong></span> <span class='ocrx_word' id='word_1_286' title='bbox 181 3070 298 3125; x_wconf 87' lang='lat' dir='ltr'><strong>rerum,</strong></span> <span class='ocrx_word' id='word_1_287' title='bbox 329 3063 362 3108; x_wconf 91' lang='lat' dir='ltr'><strong>ut</strong></span> <span class='ocrx_word' id='word_1_288' title='bbox 387 3048 473 3109; x_wconf 91' lang='lat' dir='ltr'><strong>modo</strong></span> <span class='ocrx_word' id='word_1_289' title='bbox 500 3048 649 3124; x_wconf 83' lang='lat' dir='ltr'><strong>diximus,</strong></span> <span class='ocrx_word' id='word_1_290' title='bbox 679 3049 734 3108; x_wconf 90' lang='lat' dir='ltr'><strong>hae</strong></span> <span class='ocrx_word' id='word_1_291' title='bbox 760 3046 839 3128; x_wconf 91' lang='lat' dir='ltr'><strong>apud</strong></span> <span class='ocrx_word' id='word_1_292' title='bbox 867 3048 1056 3108; x_wconf 87' lang='lat' dir='ltr'><strong>Platonem</strong></span> <span class='ocrx_word' id='word_1_293' title='bbox 1034 3069 1096 3109; x_wconf 83' lang='lat' dir='ltr'><strong>sive</strong></span> <span class='ocrx_word' id='word_1_294' title='bbox 1115 3069 1230 3109; x_wconf 88' lang='lat' dir='ltr'><strong>caussae</strong></span> <span class='ocrx_word' id='word_1_295' title='bbox 1252 3049 1314 3111; x_wconf 88' lang='lat' dir='ltr'><strong>sive</strong></span> 
     </span>
     <span class='ocr_line' id='line_1_29' title="bbox 75 3146 1315 3229; baseline 0.001 -23"><span class='ocrx_word' id='word_1_296' title='bbox 75 3148 157 3208; x_wconf 88' lang='lat' dir='ltr'><strong>ideae</strong></span> <span class='ocrx_word' id='word_1_297' title='bbox 175 3161 254 3208; x_wconf 89' lang='lat' dir='ltr'><strong>sunt.</strong></span> <span class='ocrx_word' id='word_1_298' title='bbox 296 3146 383 3222; x_wconf 89' lang='lat' dir='ltr'><strong>Quod</strong></span> <span class='ocrx_word' id='word_1_299' title='bbox 405 3147 475 3207; x_wconf 87' lang='lat' dir='ltr'><strong>hinc</strong></span> <span class='ocrx_word' id='word_1_300' title='bbox 508 3148 686 3229; x_wconf 84' lang='lat' dir='ltr'><strong>intelligitur</strong></span> <span class='ocrx_word' id='word_1_301' title='bbox 714 3147 848 3206; x_wconf 85' lang='lat' dir='ltr'><strong>maxime.</strong></span> <span class='ocrx_word' id='word_1_302' title='bbox 891 3147 1025 3208; x_wconf 88' lang='lat' dir='ltr'><strong>Carmina</strong></span> <span class='ocrx_word' id='word_1_303' title='bbox 1053 3147 1079 3205; x_wconf 90' lang='lat' dir='ltr'><strong>is</strong></span> <span class='ocrx_word' id='word_1_304' title='bbox 1105 3147 1138 3206; x_wconf 90' lang='lat' dir='ltr'><strong>in</strong></span> <span class='ocrx_word' id='word_1_305' title='bbox 1166 3147 1315 3208; x_wconf 89' lang='lat' dir='ltr'><strong>civitatem</strong></span> 
     </span>
     <span class='ocr_line' id='line_1_30' title="bbox 76 3237 1315 3328; baseline -0.002 -21"><span class='ocrx_word' id='word_1_306' title='bbox 76 3247 232 3328; x_wconf 82' lang='lat' dir='ltr'><strong>perfectam</strong></span> <span class='ocrx_word' id='word_1_307' title='bbox 251 3246 303 3305; x_wconf 87' lang='lat' dir='ltr'><strong>illa</strong></span> <span class='ocrx_word' id='word_1_308' title='bbox 325 3244 470 3306; x_wconf 86' lang='lat' dir='ltr'><strong>duntaxat</strong></span> <span class='ocrx_word' id='word_1_309' title='bbox 488 3245 624 3321; x_wconf 88' lang='lat' dir='ltr'><strong>admisit,</strong></span> <span class='ocrx_word' id='word_1_310' title='bbox 651 3268 724 3325; x_wconf 89' lang='lat' dir='ltr'><strong>quae</strong></span> <span class='ocrx_word' id='word_1_311' title='bbox 742 3237 835 3305; x_wconf 77' lang='lat' dir='ltr'><strong>crinon</strong></span> <span class='ocrx_word' id='word_1_312' title='bbox 855 3245 996 3305; x_wconf 90' lang='lat' dir='ltr'><strong>haberent</strong></span> <span class='ocrx_word' id='word_1_313' title='bbox 1024 3243 1096 3306; x_wconf 89' lang='lat' dir='ltr'><strong>boni</strong></span> <span class='ocrx_word' id='word_1_314' title='bbox 1126 3260 1154 3305; x_wconf 90' lang='lat' dir='ltr'><strong>et</strong></span> <span class='ocrx_word' id='word_1_315' title='bbox 1178 3246 1260 3324; x_wconf 92' lang='lat' dir='ltr'><strong>justi.</strong></span> <span class='ocrx_word' id='word_1_316' title='bbox 1283 3244 1315 3326; x_wconf 83' lang='grc'><strong>3)</strong></span> 
     </span>
     <span class='ocr_line' id='line_1_31' title="bbox 76 3343 1315 3427; baseline -0.002 -22"><span class='ocrx_word' id='word_1_317' title='bbox 76 3345 107 3405; x_wconf 89' lang='lat' dir='ltr'><strong>ln</strong></span> <span class='ocrx_word' id='word_1_318' title='bbox 128 3344 178 3404; x_wconf 91' lang='lat' dir='ltr'><strong>his</strong></span> <span class='ocrx_word' id='word_1_319' title='bbox 199 3344 306 3402; x_wconf 84' lang='lat' dir='ltr'><strong>bonum</strong></span> <span class='ocrx_word' id='word_1_320' title='bbox 324 3358 352 3403; x_wconf 87' lang='lat' dir='ltr'><strong>et</strong></span> <span class='ocrx_word' id='word_1_321' title='bbox 363 3351 488 3421; x_wconf 79' lang='lat' dir='ltr'><strong>justum</strong></span> <span class='ocrx_word' id='word_1_322' title='bbox 508 3343 626 3402; x_wconf 89' lang='lat' dir='ltr'><strong>nonita</strong></span> <span class='ocrx_word' id='word_1_323' title='bbox 647 3348 781 3427; x_wconf 90' lang='lat' dir='ltr'><strong>proprie,</strong></span> <span class='ocrx_word' id='word_1_324' title='bbox 806 3361 839 3406; x_wconf 88' lang='lat' dir='ltr'><strong>ut</strong></span> <span class='ocrx_word' id='word_1_325' title='bbox 855 3344 967 3424; x_wconf 90' lang='lat' dir='ltr'><strong>accepit</strong></span> <span class='ocrx_word' id='word_1_326' title='bbox 988 3343 1173 3426; x_wconf 77' lang='lat' dir='ltr'><strong>Aristoteles,</strong></span> <span class='ocrx_word' id='word_1_327' title='bbox 1199 3364 1315 3403; x_wconf 91' lang='lat' dir='ltr'><strong>caussae</strong></span> 
     </span>
     <span class='ocr_line' id='line_1_32' title="bbox 77 3438 1315 3522; baseline -0.002 -21"><span class='ocrx_word' id='word_1_328' title='bbox 77 3457 160 3518; x_wconf 88' lang='lat' dir='ltr'><strong>sunt,</strong></span> <span class='ocrx_word' id='word_1_329' title='bbox 181 3441 289 3521; x_wconf 87' lang='lat' dir='ltr'><strong>quibus</strong></span> <span class='ocrx_word' id='word_1_330' title='bbox 309 3439 471 3516; x_wconf 88' lang='lat' dir='ltr'><strong>efficiatur,</strong></span> <span class='ocrx_word' id='word_1_331' title='bbox 493 3456 525 3501; x_wconf 88' lang='lat' dir='ltr'><strong>ut</strong></span> <span class='ocrx_word' id='word_1_332' title='bbox 546 3442 653 3522; x_wconf 89' lang='lat' dir='ltr'><strong>optima</strong></span> <span class='ocrx_word' id='word_1_333' title='bbox 675 3444 735 3503; x_wconf 89' lang='lat' dir='ltr'><strong>sint</strong></span> <span class='ocrx_word' id='word_1_334' title='bbox 757 3445 927 3505; x_wconf 83' lang='lat' dir='ltr'><strong>incivitate</strong></span> <span class='ocrx_word' id='word_1_335' title='bbox 955 3441 1102 3515; x_wconf 87' lang='lat' dir='ltr'><strong>carmina,</strong></span> <span class='ocrx_word' id='word_1_336' title='bbox 1132 3438 1183 3499; x_wconf 90' lang='lat' dir='ltr'><strong>scd</strong></span> <span class='ocrx_word' id='word_1_337' title='bbox 1213 3440 1315 3516; x_wconf 86' lang='lat' dir='ltr'><strong>ideae,</strong></span> 
     </span>
     <span class='ocr_line' id='line_1_33' title="bbox 78 3534 1315 3622; baseline -0.003 -22"><span class='ocrx_word' id='word_1_338' title='bbox 78 3541 124 3602; x_wconf 85' lang='lat' dir='ltr'><strong>sed</strong></span> <span class='ocrx_word' id='word_1_339' title='bbox 142 3540 281 3621; x_wconf 84' lang='lat' dir='ltr'><strong>exempla</strong></span> <span class='ocrx_word' id='word_1_340' title='bbox 297 3540 426 3620; x_wconf 81' lang='lat' dir='ltr'><strong>perfecte</strong></span> <span class='ocrx_word' id='word_1_341' title='bbox 445 3553 530 3614; x_wconf 91' lang='lat' dir='ltr'><strong>sunt,</strong></span> <span class='ocrx_word' id='word_1_342' title='bbox 561 3561 634 3618; x_wconf 92' lang='lat' dir='ltr'><strong>quae</strong></span> <span class='ocrx_word' id='word_1_343' title='bbox 665 3541 813 3601; x_wconf 88' lang='lat' dir='ltr'><strong>intuentes</strong></span> <span class='ocrx_word' id='word_1_344' title='bbox 840 3546 941 3622; x_wconf 77' lang='lat' dir='ltr'><strong>poetae</strong></span> <span class='ocrx_word' id='word_1_345' title='bbox 969 3537 1111 3597; x_wconf 88' lang='lat' dir='ltr'><strong>imitando</strong></span> <span class='ocrx_word' id='word_1_346' title='bbox 1140 3534 1315 3597; x_wconf 89' lang='lat' dir='ltr'><strong>studuerunt</strong></span> 
     </span>
     <span class='ocr_line' id='line_1_34' title="bbox 79 3635 1316 3722; baseline -0.003 -24"><span class='ocrx_word' id='word_1_347' title='bbox 79 3638 254 3722; x_wconf 87' lang='lat' dir='ltr'><strong>exprimere.</strong></span> <span class='ocrx_word' id='word_1_348' title='bbox 291 3638 447 3720; x_wconf 79' lang='lat' dir='ltr'><strong>Participia</strong></span> <span class='ocrx_word' id='word_1_349' title='bbox 466 3637 586 3698; x_wconf 92' lang='lat' dir='ltr'><strong>omnino</strong></span> <span class='ocrx_word' id='word_1_350' title='bbox 605 3635 676 3695; x_wconf 82' lang='lat' dir='ltr'><strong>boni</strong></span> <span class='ocrx_word' id='word_1_351' title='bbox 692 3638 822 3718; x_wconf 90' lang='lat' dir='ltr'><strong>justique</strong></span> <span class='ocrx_word' id='word_1_352' title='bbox 842 3637 970 3698; x_wconf 90' lang='lat' dir='ltr'><strong>carmina</strong></span> <span class='ocrx_word' id='word_1_353' title='bbox 995 3635 1035 3694; x_wconf 94' lang='lat' dir='ltr'><strong>sic</strong></span> <span class='ocrx_word' id='word_1_354' title='bbox 1063 3648 1168 3710; x_wconf 91' lang='lat' dir='ltr'><strong>erunt,</strong></span> <span class='ocrx_word' id='word_1_355' title='bbox 1199 3650 1231 3696; x_wconf 91' lang='lat' dir='ltr'><strong>ut</strong></span> <span class='ocrx_word' id='word_1_356' title='bbox 1262 3657 1316 3705; x_wconf 47' lang='lat' dir='ltr'><strong>ex-,</strong></span> 
     </span>
     <span class='ocr_line' id='line_1_35' title="bbox 75 3722 1315 3816; baseline -0.004 -19"><span class='ocrx_word' id='word_1_357' title='bbox 75 3755 188 3815; x_wconf 85' lang='lat' dir='ltr'><strong>pressae</strong></span> <span class='ocrx_word' id='word_1_358' title='bbox 221 3735 253 3793; x_wconf 93' lang='lat' dir='ltr'><strong>in</strong></span> <span class='ocrx_word' id='word_1_359' title='bbox 279 3756 351 3803; x_wconf 55' lang='lat' dir='ltr'><strong>‚cera</strong></span> <span class='ocrx_word' id='word_1_360' title='bbox 379 3737 518 3816; x_wconf 85' lang='lat' dir='ltr'><strong>imagines</strong></span> <span class='ocrx_word' id='word_1_361' title='bbox 543 3731 599 3794; x_wconf 75' lang='lat' dir='ltr'><strong>roei</strong></span> <span class='ocrx_word' id='word_1_362' title='bbox 625 3722 721 3795; x_wconf 79' lang='lat' dir='ltr'><strong>educo</strong></span> <span class='ocrx_word' id='word_1_363' title='bbox 742 3752 810 3797; x_wconf 91' lang='lat' dir='ltr'><strong>sunt</strong></span> <span class='ocrx_word' id='word_1_364' title='bbox 837 3735 1011 3816; x_wconf 80' lang='lat' dir='ltr'><strong>participes,</strong></span> <span class='ocrx_word' id='word_1_365' title='bbox 1033 3732 1134 3812; x_wconf 90' lang='lat' dir='ltr'><strong>quiin</strong></span> <span class='ocrx_word' id='word_1_366' title='bbox 1153 3733 1236 3813; x_wconf 81' lang='lat' dir='ltr'><strong>signo</strong></span> <span class='ocrx_word' id='word_1_367' title='bbox 1255 3749 1315 3809; x_wconf 89' lang='lat' dir='ltr'><strong>cst,</strong></span> 
     </span>
     <span class='ocr_line' id='line_1_36' title="bbox 72 3831 1315 3913; baseline -0.002 -21"><span class='ocrx_word' id='word_1_368' title='bbox 72 3835 156 3897; x_wconf 84' lang='lat' dir='ltr'><strong>unde</strong></span> <span class='ocrx_word' id='word_1_369' title='bbox 176 3847 246 3892; x_wconf 90' lang='lat' dir='ltr'><strong>sunt</strong></span> <span class='ocrx_word' id='word_1_370' title='bbox 262 3853 423 3913; x_wconf 84' lang='lat' dir='ltr'><strong>expressae.</strong></span> <span class='ocrx_word' id='word_1_371' title='bbox 465 3835 546 3908; x_wconf 88' lang='lat' dir='ltr'><strong>Quae</strong></span> <span class='ocrx_word' id='word_1_372' title='bbox 566 3835 857 3909; x_wconf 82' lang='lat' dir='ltr'><strong>cectcdiscrevisse,</strong></span> <span class='ocrx_word' id='word_1_373' title='bbox 888 3854 947 3892; x_wconf 91' lang='lat' dir='ltr'><strong>non</strong></span> <span class='ocrx_word' id='word_1_374' title='bbox 977 3831 1051 3890; x_wconf 91' lang='lat' dir='ltr'><strong>levis</strong></span> <span class='ocrx_word' id='word_1_375' title='bbox 1072 3845 1148 3890; x_wconf 89' lang='lat' dir='ltr'><strong>certe</strong></span> <span class='ocrx_word' id='word_1_376' title='bbox 1178 3833 1315 3901; x_wconf 83' lang='lat' dir='ltr'><strong>momenti</strong></span> 
     </span>
     <span class='ocr_line' id='line_1_37' title="bbox 69 3928 1304 4008; baseline 0.001 -22"><span class='ocrx_word' id='word_1_377' title='bbox 69 3949 116 3993; x_wconf 88' lang='lat' dir='ltr'><strong>res</strong></span> <span class='ocrx_word' id='word_1_378' title='bbox 137 3945 193 3991; x_wconf 87' lang='lat' dir='ltr'><strong>est.</strong></span> <span class='ocrx_word' id='word_1_379' title='bbox 236 3932 355 3991; x_wconf 82' lang='lat' dir='ltr'><strong>caussas</strong></span> <span class='ocrx_word' id='word_1_380' title='bbox 387 3932 427 3991; x_wconf 87' lang='lat' dir='ltr'><strong>ita</strong></span> <span class='ocrx_word' id='word_1_381' title='bbox 454 3954 550 3992; x_wconf 90' lang='lat' dir='ltr'><strong>rerum</strong></span> <span class='ocrx_word' id='word_1_382' title='bbox 578 3957 638 3994; x_wconf 91' lang='lat' dir='ltr'><strong>non</strong></span> <span class='ocrx_word' id='word_1_383' title='bbox 666 3934 698 3992; x_wconf 93' lang='lat' dir='ltr'><strong>in</strong></span> <span class='ocrx_word' id='word_1_384' title='bbox 729 3932 833 4007; x_wconf 86' lang='lat' dir='ltr'><strong>rebus,</strong></span> <span class='ocrx_word' id='word_1_385' title='bbox 864 3928 915 3991; x_wconf 92' lang='lat' dir='ltr'><strong>scd</strong></span> <span class='ocrx_word' id='word_1_386' title='bbox 943 3930 975 3988; x_wconf 89' lang='lat' dir='ltr'><strong>in</strong></span> <span class='ocrx_word' id='word_1_387' title='bbox 1004 3928 1121 3988; x_wconf 90' lang='lat' dir='ltr'><strong>homine</strong></span> <span class='ocrx_word' id='word_1_388' title='bbox 1141 3930 1304 4008; x_wconf 80' lang='lat' dir='ltr'><strong>quaerimus</strong></span> 
     </span>
     <span class='ocr_line' id='line_1_38' title="bbox 65 4024 1332 4109; baseline -0.002 -24"><span class='ocrx_word' id='word_1_389' title='bbox 65 4024 272 4091; x_wconf 78' lang='lat' dir='ltr'><strong>Pulcerrimae</strong></span> <span class='ocrx_word' id='word_1_390' title='bbox 291 4029 466 4090; x_wconf 79' lang='lat' dir='ltr'><strong>exstiterunt</strong></span> <span class='ocrx_word' id='word_1_391' title='bbox 485 4030 606 4090; x_wconf 87' lang='lat' dir='ltr'><strong>Phidiae</strong></span> <span class='ocrx_word' id='word_1_392' title='bbox 625 4046 752 4106; x_wconf 88' lang='lat' dir='ltr'><strong>statuae,</strong></span> <span class='ocrx_word' id='word_1_393' title='bbox 775 4051 834 4090; x_wconf 92' lang='lat' dir='ltr'><strong>non</strong></span> <span class='ocrx_word' id='word_1_394' title='bbox 853 4028 921 4109; x_wconf 89' lang='lat' dir='ltr'><strong>quia</strong></span> <span class='ocrx_word' id='word_1_395' title='bbox 939 4027 971 4087; x_wconf 91' lang='lat' dir='ltr'><strong>in</strong></span> <span class='ocrx_word' id='word_1_396' title='bbox 1000 4047 1095 4085; x_wconf 88' lang='lat' dir='ltr'><strong>rerum</strong></span> <span class='ocrx_word' id='word_1_397' title='bbox 1125 4040 1228 4085; x_wconf 88' lang='lat' dir='ltr'><strong>natura</strong></span> <span class='ocrx_word' id='word_1_398' title='bbox 1250 4024 1332 4106; x_wconf 74' lang='lat' dir='ltr'><strong>per-²</strong></span> 
     </span>
    </p>
   </div>
   <div class='ocr_carea' id='block_1_3' title="bbox 64 4193 339 4213">
    <p class='ocr_par' dir='ltr' id='par_1_4' title="bbox 64 4193 339 4213">
     <span class='ocr_line' id='line_1_39' title="bbox 64 4193 339 4213; baseline -0.004 -2"><span class='ocrx_word' id='word_1_399' title='bbox 64 4193 339 4213; x_wconf 45' lang='grc' dir='ltr'>Ἠ</span> 
     </span>
    </p>
   </div>
   <div class='ocr_carea' id='block_1_4' title="bbox 108 4298 1236 4387">
    <p class='ocr_par' dir='ltr' id='par_1_5' title="bbox 108 4298 1236 4387">
     <span class='ocr_line' id='line_1_40' title="bbox 108 4298 1236 4387; baseline -0.008 -25"><span class='ocrx_word' id='word_1_400' title='bbox 108 4308 137 4371; x_wconf 78' lang='lat' dir='ltr'><strong>tt</strong></span> <span class='ocrx_word' id='word_1_401' title='bbox 157 4310 311 4380; x_wconf 75' lang='lat' dir='ltr'><strong>Legendmn</strong></span> <span class='ocrx_word' id='word_1_402' title='bbox 329 4300 475 4387; x_wconf 79' lang='grc' dir='ltr'><strong><em>α’τίχνοος,</em></strong></span> <span class='ocrx_word' id='word_1_403' title='bbox 494 4313 564 4382; x_wconf 88' lang='lat' dir='ltr'><strong>quod</strong></span> <span class='ocrx_word' id='word_1_404' title='bbox 581 4314 657 4366; x_wconf 87' lang='lat' dir='ltr'><strong>unice</strong></span> <span class='ocrx_word' id='word_1_405' title='bbox 674 4312 783 4365; x_wconf 81' lang='lat' dir='ltr'><strong>vocibus</strong></span> <span class='ocrx_word' id='word_1_406' title='bbox 802 4299 904 4380; x_wconf 79' lang='grc' dir='ltr'><strong><em>ἁπλῶς</em></strong></span> <span class='ocrx_word' id='word_1_407' title='bbox 922 4322 948 4364; x_wconf 90' lang='lat' dir='ltr'><strong>et</strong></span> <span class='ocrx_word' id='word_1_408' title='bbox 965 4298 1087 4384; x_wconf 75' lang='grc' dir='ltr'><strong><em>αίηθῶς</em></strong></span> <span class='ocrx_word' id='word_1_409' title='bbox 1105 4305 1236 4357; x_wconf 85' lang='lat' dir='ltr'><strong>convenit.</strong></span> 
     </span>
    </p>
   </div>
   <div class='ocr_carea' id='block_1_5' title="bbox 110 4398 582 4563">
    <p class='ocr_par' dir='ltr' id='par_1_6' title="bbox 110 4398 582 4563">
     <span class='ocr_line' id='line_1_41' title="bbox 110 4398 454 4470; baseline 0.017 -12"><span class='ocrx_word' id='word_1_410' title='bbox 110 4405 138 4470; x_wconf 86' lang='lat'><strong>2)</strong></span> <span class='ocrx_word' id='word_1_411' title='bbox 157 4398 325 4460; x_wconf 60' lang='grc' dir='ltr'><strong><em>νοααὲοοο.</em></strong></span> <span class='ocrx_word' id='word_1_412' title='bbox 346 4406 375 4460; x_wconf 91' lang='lat' dir='ltr'><strong>c.</strong></span> <span class='ocrx_word' id='word_1_413' title='bbox 392 4408 424 4460; x_wconf 89' lang='grc' dir='ltr'><strong>ο.</strong></span> <span class='ocrx_word' id='word_1_414' title='bbox 450 4456 454 4465; x_wconf 89' lang='grc'>.</span> 
     </span>
     <span class='ocr_line' id='line_1_42' title="bbox 111 4489 582 4563; baseline 0.004 -19"><span class='ocrx_word' id='word_1_415' title='bbox 111 4489 582 4563; x_wconf 53' lang='lat' dir='ltr'><strong>oumumcmu</strong></span> 
     </span>
    </p>
   </div>
   <div class='ocr_carea' id='block_1_6' title="bbox 1082 4575 1136 4633">
    <p class='ocr_par' dir='ltr' id='par_1_7' title="bbox 1082 4575 1136 4633">
     <span class='ocr_line' id='line_1_43' title="bbox 1082 4575 1136 4633; baseline 0.037 -2"><span class='ocrx_word' id='word_1_416' title='bbox 1082 4575 1136 4633; x_wconf 87' lang='lat'><strong>23*</strong></span> 
     </span>
    </p>
   </div>
   <div class='ocr_carea' id='block_1_7' title="bbox 0 0 1407 5048">
    <p class='ocr_par' dir='ltr' id='par_1_8' title="bbox 0 0 1407 5048">
     <span class='ocr_line' id='line_1_44' title="bbox 0 0 1407 5048; baseline 0 0"><span class='ocrx_word' id='word_1_417' title='bbox 0 0 1407 5048; x_wconf 95' lang='lat' dir='ltr'><strong> </strong></span> 
     </span>
    </p>
   </div>
  </div>
 </body>
</html>
