2796 5048
594 206 604 225 '
661 214 722 275 tat

82 384 171 445 tionis
191 396 324 453 nostrae3
347 392 537 439 veruntamen
557 398 617 437 non
633 377 703 437 talia
717 378 771 437 hos
788 394 848 435 esse
862 372 1202 454 impedimentacsnset,
1220 372 1300 450 qualia

81 504 141 543 non
163 469 303 561 superare
319 479 468 558 possimus.
510 476 572 537 luto
592 497 661 536 vero
681 476 735 535 hoc
756 474 788 533 in
809 473 912 553 primis
930 471 1083 553 proposito
1102 471 1300 550 imaginemur

79 581 126 640 his
147 578 302 660 speluncae
322 577 490 656 proposuit,
512 590 562 650 ut,
591 571 831 655 quemadmodum
850 591 920 643 nos,
947 568 1060 630 mundo
1081 562 1187 653 ὁρατῷ
1204 569 1303 643 relicta,

79 680 141 760 ipsa
161 679 308 736 intuentes
329 668 413 758 αὐτῷ
434 673 479 758 τῷ
495 673 538 757 νῷ
565 690 682 736 aeterna
703 673 765 733 veri
796 669 992 751 exemplaria,
1024 669 1064 729 ad
1086 672 1152 730 veri
1175 670 1304 729 scientiam

80 776 300 848 accederemus,
331 776 455 835 doceret.
497 775 607 834 Iccirco
627 793 686 831 non
707 769 886 830 retinebatur
914 786 1093 850 magnopere
1123 767 1306 850 philosophus,

80 875 245 953 quominus
264 887 384 932 naturae
403 873 567 947 humanae,
585 890 671 951 quam
693 869 840 927 inlinitum
858 865 1005 941 hahebat,
1023 888 1187 948 congruam
1208 865 1306 925 esseho

81 974 169 1031 minis
190 973 222 1031 in
244 973 305 1031 veri
327 973 449 1031 scientia
478 971 706 1052 progressionem
736 966 923 1025 existimaret.
965 966 1178 1040 Quinetiam,
1205 984 1308 1024 conscu-

80 1085 197 1129 tancum
218 1068 272 1128 hoc
292 1091 409 1151 prorsus
438 1070 568 1129 Platonis
596 1065 798 1149 philosophiae
818 1082 898 1138 etse,
926 1080 963 1123 ex
982 1065 1045 1142 ejus
1059 1062 1222 1125 dialectica
1240 1076 1309 1144 patet

80 1171 153 1228 Tota
174 1168 244 1227 haec
254 1214 263 1242 ,
285 1182 317 1227 ut
335 1168 483 1244 vidimus,
504 1167 652 1228 cernendo
672 1161 898 1244 jungendoque,
920 1163 978 1221 iano
998 1162 1193 1223 inveniendo
1213 1178 1310 1244 progat-

79 1266 169 1326 ditur.
213 1265 368 1326 Cerncndo
389 1288 434 1327 res
455 1268 602 1342 declarat,
628 1262 781 1345 jungendo
799 1258 837 1320 ad
854 1261 1058 1321 conclusiones
1078 1275 1110 1320 et
1125 1259 1243 1341 judicia
1260 1280 1311 1343 ptr·

77 1368 178 1441 venit3
201 1365 267 1440 sed,
287 1384 361 1442 quae
381 1368 537 1444 conjunxit
556 1364 735 1437 identidem,
755 1378 861 1420 novam
882 1378 916 1419 ea
938 1358 1037 1420 denuo
1046 1360 1143 1420 hahet
1152 1356 1310 1442 exploranti

76 1463 277 1542 cernendique
298 1464 465 1541 materiem,
487 1465 566 1524 unde
584 1484 676 1524 novae
696 1463 765 1521 item
786 1461 847 1521 sive
868 1458 1084 1519 conductiones
1100 1461 1168 1521 sive
1188 1461 1311 1539 conjunt-

79 1562 173 1619 tiones
192 1562 346 1634 oriuntur,
369 1574 400 1619 ut
425 1563 599 1622 inveniendi
628 1582 680 1621 nec
699 1559 802 1619 modus
821 1576 874 1618 nec
889 1558 958 1617 finis
978 1573 1124 1640 appareat
1147 1555 1189 1638 l).
1231 1555 1328 1615 lnhit·

81 1672 177 1718 autem
196 1657 278 1717 Plato
298 1679 357 1717 non
376 1675 557 1739 praesentem
583 1672 695 1719 tantum
719 1658 795 1717 hanc
816 1656 1011 1716 eruditionem
1032 1671 1168 1717 nostram
1188 1656 1312 1738 respexit,

79 1757 145 1831 sed,
166 1778 232 1816 cum
253 1757 443 1817 immortalem
472 1778 533 1818 esse
563 1761 691 1818 animum
712 1769 866 1829 statueret,
891 1755 970 1834 quod
988 1757 1022 1815 in
1043 1756 1103 1815 hoc
1122 1774 1260 1838 corpora,
1275 1772 1312 1835 pa

79 1854 132 1913 hos
149 1876 267 1930 sensus,
288 1870 426 1936 tanquam
457 1858 600 1932 nuncios,
630 1854 716 1916 nohis
736 1872 907 1934 cognoscere
936 1875 996 1913 non
1018 1853 1147 1929 liceret,
1166 1853 1202 1913 id
1219 1855 1312 1914 futurae

80 1954 159 2012 vitae
177 1951 355 2014 destinarit:
377 1969 409 2014 ut
418 1955 631 2034 quodammodo
641 1953 784 2033 quadrare
805 1954 838 2012 in
854 1955 917 2031 ejus
936 1950 1161 2034 philosophiam
1182 1950 1311 2023 rideatur,

79 2050 158 2129 quod
176 2051 213 2110 de
234 2040 422 2113 monumento
443 2074 509 2112 cum
538 2049 783 2134 inscriptionibus
808 2051 1070 2112 Hemsterhusiano
1100 2050 1270 2111 monuimus
1283 2047 1312 2129 2).

81 2150 212 2210 Eatenus
231 2171 312 2211 nunc
334 2150 451 2231 quidem
478 2174 549 2226 nos,
579 2165 612 2210 ut
633 2151 686 2210 ille
708 2152 766 2225 ait,
793 2149 952 2209 derorum
982 2151 1184 2218 universitate
1200 2146 1313 2226 judicate

80 2269 249 2329 possumus,
270 2263 413 2328 quatenus
434 2271 487 2310 nos
508 2253 570 2328 ejus
591 2251 727 2309 certiores
749 2268 849 2308 sensus
869 2248 901 2308 hi
924 2249 1014 2309 nostri
1034 2248 1177 2325 facinns;
1204 2263 1238 2308 ut
1254 2264 1314 2319 vett,

82 2345 184 2404 relicto
202 2346 257 2403 hoc
287 2366 424 2427 corpore,
454 2348 569 2407 animus
599 2368 651 2428 per
671 2348 744 2406 alios
765 2347 889 2406 nuncios
917 2346 989 2406 alias
1008 2347 1222 2409 universitatis
1241 2359 1315 2430 pam

82 2441 235 2523 explorare
257 2445 401 2523 coeperit,
433 2445 466 2504 in
498 2460 647 2505 aeternum
677 2444 834 2527 procedere
861 2446 893 2504 in
931 2464 1026 2503 rorum
1057 2445 1189 2506 scientia
1220 2444 1314 2529 poterit

85 2539 302 2620 Quodammodo
322 2541 393 2601 hacc
415 2542 479 2603 dixi
501 2545 533 2603 in
556 2543 772 2626 philosophiam
794 2541 924 2603 Platonis
943 2541 1110 2622 quadrare:
1133 2564 1206 2604 narn
1226 2544 1315 2625 depar
1353 2538 1355 2605 Ι

81 2638 162 2699 tibus
182 2638 305 2714 mundi,
337 2641 505 2700 etiamnunc
539 2663 592 2701 nos
622 2661 757 2702 sensuum
788 2642 904 2702 defectu
931 2640 1116 2718 latentibus,
1150 2658 1191 2703 ne
1213 2642 1314 2704 verbm

81 2738 201 2818 quidem
223 2737 303 2818 apud
331 2752 458 2799 veterem
486 2740 713 2821 philosophum
748 2740 819 2816 sed,
845 2734 924 2818 quod
955 2752 1130 2819 perpetuam
1150 2738 1278 2800 hominia
1294 2740 1314 2799 ia

87 2837 151 2897 veri
171 2837 292 2895 scientia
325 2839 553 2917 progressionem
581 2839 704 2912 attinet,
736 2838 825 2919 plane
846 2836 1081 2896 Hemsterhusius
1104 2839 1259 2898 Platonem
1276 2858 1316 2898 ex-

14 2941 20 2953 ·
84 2935 204 3014 pressit„
239 2935 317 2992 Hinc
347 2948 442 2994 autern
470 2934 609 3013 judicare
635 2935 720 2994 nohis
751 2934 869 2994 tandem
894 2935 971 3011 juste
1001 2932 1039 2993 de
1068 2954 1144 2996 vera
1165 2936 1314 3018 philosophi

87 3029 226 3089 modestia
247 3029 325 3091 licet.

155 3225 213 3283 De
235 3230 725 3310 modostiephiloaophi,
755 3253 840 3289 cum
873 3232 1273 3305 sonsufocasltols'a

205 3350 208 3356 ·
249 3347 352 3384 suco
381 3334 614 3386 immensos
642 3337 1000 3407 maximorumque
1028 3348 1176 3388 rarum

501 3428 642 3485 studio
667 3435 919 3503 conjunctu.

134 3609 280 3667 admirata
300 3611 394 3667 omnis
425 3625 499 3669 aetas
521 3612 551 3668 in
584 3610 729 3669 Socratica
759 3611 943 3693 philosophia
963 3610 1178 3670 verecundiam
1199 3609 1319 3672 modesti·

96 3726 198 3783 amque
218 3719 268 3764 est.
312 3708 384 3764 Nam
405 3726 472 3765 cum
494 3721 521 3765 et
551 3706 666 3788 physici
688 3723 715 3767 ct
746 3709 936 3790 metaphysici
957 3728 1071 3767 caussas
1091 3711 1319 3789 exquirerent,t

95 3803 202 3881 quibus
223 3803 403 3861 declararent
424 3805 539 3878 omnia,
559 3805 688 3863 Socrates
708 3806 776 3865 satis
806 3805 950 3881 hahebat,
981 3808 1004 3865 si
1026 3820 1116 3866 semet
1139 3810 1204 3890 ipse
1223 3822 1320 3887 coguut·

96 3915 181 3959 ceret.
225 3897 355 3959 Fuerunt
374 3915 486 3974 autem,
507 3903 557 3980 qui
589 3904 803 3983 suspicarentur
831 3903 921 3980 inde,
951 3904 1039 3983 magis
1058 3902 1139 3964 hanc
1159 3903 1321 3988 philosophi·

97 4016 143 4055 am
164 3997 202 4056 ad
222 3998 375 4057 retinenda
396 3998 547 4057 hominum
566 4000 681 4074 studia,
709 4022 746 4059 nc
764 4001 884 4060 inutilia
914 4001 962 4062 vel
980 4001 1067 4060 nimis
1087 4003 1184 4064 ardua
1201 4001 1322 4085 aggrede-

98 4109 219 4168 rentur,
240 4095 386 4174 quamad
408 4094 566 4155 excitanda
592 4096 755 4175 alendaque
767 4144 775 4171 ,
808 4113 902 4181 aptam
924 4100 1012 4158 luisse
1033 4110 1062 4157 et
1083 4100 1321 4163 accommodatam.

137 4317 162 4380 1)
182 4318 229 4371 Cff.
249 4336 315 4388 quae
334 4320 367 4372 de
385 4319 425 4373 his
444 4335 522 4403 supra
540 4324 684 4376 monuimus
703 4341 729 4390 p.
747 4322 807 4375 28¹.

136 4401 164 4466 ll)
184 4401 260 4455 loitt'u
272 4422 297 4472 p.
312 4403 373 4456 378,
