2796 5048
696 219 755 278 564

111 399 177 468 ejas
194 390 274 467 fieri
295 394 430 465 poterit,
445 381 745 466 praetermittemus:
767 408 856 459 riam,
878 408 945 445 enm
975 386 1059 448 laute
1087 411 1106 446 a
1137 399 1168 448 te
1192 393 1267 448 lert
1295 415 1344 451 ee-

110 497 188 570 ooptr'
204 490 383 565 fuerimus,
403 486 486 545 laud
510 507 637 565 aequant
666 493 724 560 sit,
745 492 772 545 ei
801 507 858 543 aaa
873 492 950 563 part
969 496 998 544 ta
1017 488 1203 563 ammeca,
1225 498 1281 569 qai
1298 491 1343 555 lite

108 610 231 661 sumas,
258 592 392 643 etaim
421 591 643 665 excipiamur.»
680 581 709 664 l)
760 584 832 658 Quis
859 585 897 642 sit
925 599 1043 670 quartus
1070 585 1141 661 ille,
1172 608 1258 667 quem
1286 608 1341 647 me·

107 699 199 748 morat
223 683 369 756 Socrates,
399 704 415 742 a
444 681 543 742 multis
568 683 728 761 quaesitum
759 694 810 741 cst.
862 681 939 741 Mihi
963 683 1063 771 Siata,
1093 686 1138 745 ati
1165 687 1231 764 jam
1255 677 1344 766 signi-⁸

107 784 212 859 licavi,
231 793 319 844 semet
339 783 433 862 ipsum
453 780 570 841 videtur
588 794 735 862 spectasse.
779 779 920 859 Similiter
939 781 999 862 ipse
1021 778 1058 840 de
1080 804 1110 842 se
1130 784 1164 844 in
1183 782 1341 845 Phaedone

106 886 273 965 scripserat:
304 872 435 941 Πλάτων
466 875 514 953 δὲ,
547 872 648 956 olpac,
679 872 815 959 ἠσθένει·
845 876 936 939 Plato
967 890 1086 956 autem,
1116 894 1155 941 at
1181 887 1331 959 arbitror,

105 986 232 1043 adverset
261 984 433 1043 valetudine
467 983 629 1041 laborabat.
659 979 692 1061 2)
749 983 910 1061 Aegerrime
938 984 1051 1045 scilicet
1080 985 1281 1068 philosophus
1306 1010 1331 1048 eo

105 1083 223 1145 ridetur
247 1080 360 1143 traduci
387 1082 530 1162 potuisse,
553 1095 585 1140 ut
609 1080 643 1139 in
662 1079 786 1159 dialogis
804 1081 854 1141 sut
873 1081 934 1162 ipse
953 1084 1077 1164 personi
1104 1086 1251 1166 prodiret.
1293 1087 1329 1146 Sic

105 1181 173 1241 item
202 1180 311 1241 Cicero.
360 1181 396 1239 ln
426 1178 550 1259 dialogis
578 1181 613 1238 de
640 1187 777 1254 aratore,
808 1181 843 1237 de
870 1180 967 1240 alam
994 1186 1184 1258 oratoribus,
1218 1187 1255 1243 de
1290 1207 1331 1244 re-

101 1280 221 1357 publica
247 1279 358 1354 Crassi,
378 1278 522 1359 Scipionis
551 1277 730 1356 aliorumque
755 1298 905 1358 personam
933 1278 1084 1356 induerat,
1116 1302 1147 1341 se
1171 1284 1332 1344 occultave-

102 1393 165 1453 rat,
195 1378 286 1439 donec
310 1366 427 1438 tandem
454 1378 487 1436 in
516 1376 601 1435 libris
628 1379 663 1435 de
689 1375 819 1456 Legibus
839 1376 960 1456 aliisque
986 1376 1060 1436 bene
1080 1379 1184 1441 multis
1206 1403 1262 1442 suo
1279 1384 1332 1464 ipsc

94 1477 211 1558 ,prodiit
237 1477 364 1537 nomine.
422 1475 509 1551 Quod
547 1496 607 1568 nou
641 1475 796 1537 modestiae
831 1474 965 1554 equidem
997 1477 1090 1537 tribui
1120 1478 1233 1540 velim:
1263 1480 1333 1545 hanc

100 1597 159 1635 non
187 1594 357 1656 magnopere
386 1575 418 1633 in
447 1573 613 1648 veteribus,
645 1573 763 1632 minime
792 1574 921 1632 omnium
948 1575 980 1633 in
1008 1575 1169 1652 Cicerone,
1197 1600 1330 1659 agnosco;

101 1670 153 1735 sed
185 1692 345 1754 repugnare
373 1672 406 1732 id
434 1671 612 1752 dialogorum
642 1671 748 1731 rationi
782 1670 959 1749 videbatur,
985 1675 1019 1732 in
1048 1674 1164 1752 quibus
1185 1699 1250 1736 non
1276 1699 1330 1737 ma-

98 1772 161 1853 gis,
191 1792 276 1852 quam
303 1772 335 1831 in
364 1769 542 1831 dramatibus
571 1768 706 1850 tragicis,
739 1769 963 1830 existimabatur
989 1771 1147 1848 decorum,
1181 1795 1215 1863 se
1244 1777 1343 1857 ipsun·

34 1912 38 1919 -
99 1871 259 1933 ostendere.
300 1871 407 1931 Iccirco
433 1870 514 1929 Plato
535 1884 677 1951 postremo
706 1867 821 1927 demum
848 1869 902 1928 sub
931 1869 1052 1951 hospitis
1071 1871 1268 1934 Atheniensis
1284 1898 1330 1935 no-

98 1971 176 2029 mine
195 1991 223 2029 se
242 1967 390 2050 prodidit,
411 1988 498 2048 eoque
521 1969 686 2050 pervenisse
706 1969 746 2027 ita
765 1966 899 2042 videtur,
927 1983 959 2028 ut
980 1969 1106 2049 primum
1126 1970 1161 2030 in
1183 1972 1326 2054 Apologia

99 2082 129 2130 et
152 2066 311 2128 Phaedone
336 2069 462 2127 nominis
488 2067 532 2126 sui
559 2067 734 2126 mentionem
751 2065 876 2141 iaceret,
898 2081 959 2127 tum
977 2069 1009 2127 in
1034 2068 1157 2129 Timaeo
1177 2071 1323 2131 scribendo

97 2168 152 2229 lroc
170 2166 278 2227 laceret
294 2165 437 2226 Socratem
460 2166 577 2225 Timaeo
594 2164 738 2224 dicentem
749 2187 762 2246 ².
778 2157 882 2224 οὐκοῦν
903 2161 959 2226 adv
978 2161 1078 2228 τῶνδέ
1097 2190 1130 2228 τε
1154 2162 1259 2251 ἔργον,
1276 2168 1317 2231 καὶ

27 2296 30 2305 ·
97 2259 135 2327 ro*
161 2258 237 2347 ὑπὲρ
261 2264 317 2326 τοῦ
346 2257 476 2337 ἀπόντος
503 2259 690 2344 ἀναπληροῦν
715 2259 822 2344 pipam
850 2291 909 2350 quo
924 2256 1125 2352 nempehaud
1146 2273 1271 2334 obscure
1287 2275 1323 2335 in·

97 2368 223 2441 dicaret,
252 2388 331 2426 suam
354 2365 392 2424 ab
417 2366 470 2425 illo
496 2367 668 2427 sententiam
697 2353 864 2451 explicitam
894 2370 991 2430 fuisse.
1034 2369 1090 2431 Sed
1110 2370 1150 2430 de
1169 2394 1329 2434 sermonum

96 2465 222 2548 dapibus
242 2462 410 2541 rideamus,
440 2464 546 2545 quihus
576 2464 718 2527 Socratem
744 2466 789 2527 illi
818 2469 972 2548 excepturi
991 2482 1083 2529 eraut.
1131 2472 1277 2554 «Cupio,
1296 2472 1332 2530 ait

79 2564 240 2636 ¹Socrates,
270 2558 416 2624 ciuitatem
444 2564 571 2639 hancce,
600 2586 687 2644 quam
712 2565 812 2626 verbis
837 2565 1038 2640 condidimus,
1060 2588 1161 2649 reapse
1182 2572 1328 2650 vigentem

51 2710 54 2719 .
95 2677 179 2743 atque
205 2665 237 2722 in
266 2677 343 2724 motu
371 2675 398 2721 ct
425 2664 539 2724 actione
560 2662 766 2745 contemplari,
791 2666 875 2724 sicuti
907 2665 971 2743 quis
991 2665 1149 2742 animalia,
1170 2668 1237 2729 sive
1256 2671 1330 2752 picta

94 2760 377 2841 sive-quiescentia,
407 2780 524 2821 cernere
551 2777 633 2822 aveat
657 2763 787 2823 viventia
817 2778 845 2822 et
872 2764 1022 2843 agentia.»
1067 2765 1155 2840 Quod
1175 2782 1327 2848 postquam

93 2858 226 2934 dixerat,
254 2860 365 2940 roganti
397 2861 423 2919 ei
452 2860 554 2945 recipit
582 2862 703 2935 Critias,
735 2877 767 2922 ut
792 2862 1013 2925 Atheniensium
1043 2864 1216 2941 civitatem,
1239 2868 1328 2949 qualis

86 2958 251 3025 secundum
269 2956 439 3018 traditiones
455 2961 661 3040 Aegyptiorum
680 2960 874 3034 sacerdotum,
894 2960 1035 3021 aSolone
1052 2963 1238 3042 celebratas,
1258 2986 1327 3027 sum·

64 3078 69 3083 ·
93 3079 144 3145 mo
165 3054 235 3117 olim
254 3057 359 3136 rigore
386 3056 497 3132 iuerat,
527 3080 616 3138 quum
641 3059 721 3119 bella
748 3081 814 3121 cum
843 3059 1003 3120 Atlantidis
1021 3061 1127 3129 incolis
1147 3081 1262 3144 agerat,
1283 3065 1327 3126 de

92 3128 209 3239 scribat.
240 3154 352 3215 Tum
330 3176 371 3215 sic
389 3156 500 3236 pergit:
529 3156 639 3232 «vide,
660 3156 807 3234 Socrates,
829 3159 962 3269 convivii
972 3205 981 3234 ‚
1002 3159 1080 3238 quod
1099 3160 1156 3220 tibi
1175 3174 1326 3243 paramus,

72 3232 319 3374 ¹‹lispopitionepn
354 3253 473 3315 -Placuit
493 3254 597 3330 nobis„
619 3270 660 3315 ut·
657 3259 819 3333 Timaeus,
839 3248 889 3317 ἅτε
911 3251 1050 3337 daapovop
1051 3251 1208 3382 ιικώῖατος
1221 3255 1327 3345 ἡμων,

89 3351 139 3415 eal
158 3346 226 3435 stipi
247 3345 366 3434 φύσεως
384 3350 439 3413 τοῦ
459 3373 570 3435 navtqg
591 3336 698 3417 atleta
718 3349 886 3434 pditara'
869 3381 956 3440 epyoa
968 3355 1183 3442 πεποιημένος·
1216 3373 1325 3443 quippe

87 3462 288 3541 astronomiae
319 3465 489 3515 nostrorum
517 3464 651 3517 amatam
676 3466 907 3538 peritissimae,
937 3471 1124 3544 maritasque
1154 3473 1190 3524 ia
1215 3473 1323 3528 reram

88 3565 204 3615 actara
233 3532 431 3636 cognoscenda
458 3564 618 3635 parratas,
649 3557 760 3638 primus
789 3557 887 3647 dicat,
917 3560 957 3620 ita
987 3576 1037 3638 ut,
1059 3561 1147 3622 ducto
1173 3570 1192 3625 a
1222 3565 1325 3629 mundi

88 3654 274 3736 generatione
299 3653 403 3728 initio,
433 3650 580 3733 adgeritis
603 3653 762 3715 humanum
787 3659 957 3738 perueniat:
980 3681 1030 3741 ego
1050 3675 1147 3722 autem
1165 3662 1323 3748 deinceps,

88 3753 247 3835 suscipiens
277 3751 407 3835 homines
436 3773 451 3809 a
481 3753 597 3812 Timaeo
625 3755 760 3834 genitos,
779 3777 800 3815 -a
831 3771 860 3816 te
886 3752 957 3818 vero'
974 3759 1141 3835 institutos,
1161 3764 1323 3824 secundum

88 3851 203 3913 Solonis
233 3870 388 3911 sermonem
420 3850 566 3932 legemque
592 3851 624 3911 in
643 3852 790 3932 judicium
808 3870 935 3916 vestrum
953 3857 1114 3933 adducam,
1137 3860 1323 3943 civitatisque

88 3950 177 4029 liujus
194 3950 273 4009 cives
300 3945 423 4007 efficiam
445 3970 511 4023 eos,
542 3951 592 4028 qui
616 3952 704 4032 prisci
731 3952 777 4013 illi
807 3953 996 4017 Athenienses
1014 3957 1153 4035 fuerunt,
1174 3980 1249 4040 quos
1264 3965 1322 4042 jam

85 4050 241 4113 exstinctos
269 4068 367 4107 sacrae
391 4048 596 4129 Aegyptiorum
623 4049 724 4110 literae
754 4050 784 4109 in
814 4051 909 4111 lucem
938 4073 953 4112 e
978 4055 1106 4117 tenebris
1132 4056 1322 4135 eduxerunt,

119 4360 144 4422 i)
166 4360 222 4415 tas.
241 4359 282 4413 tt.
301 4362 332 4413 A.
352 4360 383 4410 B.

118 4445 146 4512 2)
165 4446 256 4509 Phaet.
272 4445 316 4497 59.
334 4445 366 4496 Β.
