2774 5048
654 234 713 295 est

59 400 130 456 daus
151 417 240 456 userns
262 398 359 472 lepore
378 398 499 455 dicendi
510 442 518 472 ,
539 409 737 475 aspernatum
758 417 818 455 esse
840 418 925 455 miens
954 408 1052 458 animi
1073 422 1233 480 sennenque
1244 409 1301 478 ju¹

60 497 191 569 esuum
197 501 394 573 primumque
403 502 595 571 instituisse,
616 495 812 576 (quamquam
823 497 934 571 idfuit
955 497 1141 558 Socraticum
1158 499 1301 578 manime)

60 616 118 655 nete
127 639 139 671 ,
158 594 235 673 quid
249 602 315 671 ipss
334 602 481 670 sentiret,
501 597 673 671 ostendere,
696 597 747 654 sed
765 605 872 653 contra
891 597 941 668 id,
961 599 1038 675 quod
1054 606 1178 676 quisque
1197 620 1300 657 sesen-

60 701 121 752 tirs
140 695 287 768 dixisset,
307 694 475 772 disputare.
517 694 599 752 Hine
620 695 692 752 baec
721 701 874 752 recentior
897 692 1062 754 Academia
1084 703 1239 756 emanavit
1256 695 1299 777 l).

60 790 109 851 llli
131 791 223 872 igitur
244 791 359 851 edictis
368 792 578 871 sententiisque
599 792 725 853 Socratis
746 805 774 851 et
796 792 925 852 Platonis
944 796 1119 855 sententiam
1142 795 1198 875 ipsi
1221 816 1301 853 seiam

61 889 113 950 hec
136 891 371 970 gratissimorum
391 892 562 951 auctoritate
591 891 829 973 philosophorum
860 891 1061 950 commendare
1083 907 1111 953 et
1131 891 1301 952 confirmare

60 986 204 1048 solebant.
231 989 269 1048 Et
283 1008 352 1048 sane
381 1001 440 1049 tota
468 1008 567 1049 eorum
594 987 780 1070 philosophia
801 990 975 1048 sententiam
996 990 1145 1065 Platonis,
1167 991 1301 1051 sensibus

61 1084 112 1146 ἧι
131 1084 225 1144 ullam
246 1084 333 1146 fidem
354 1086 518 1147 habendam
540 1107 616 1162 esse,
639 1086 795 1146 referebat:
824 1107 995 1166 quamquam
1016 1089 1160 1168 augebant
1183 1091 1299 1163 omnia,

60 1183 109 1263 qai
130 1183 310 1244 imitatorum
331 1184 391 1243 lere
411 1205 472 1245 mos
492 1198 553 1259 est,
574 1199 603 1244 et
622 1183 700 1258 nihil
721 1205 780 1243 csse
803 1204 902 1245 verum
924 1186 1154 1248 contendebant.
1186 1189 1299 1265 Itaque

60 1283 220 1343 Arcesilas
230 1328 238 1358 ,
259 1296 292 1343 ut
310 1283 368 1343 alio
387 1283 450 1343 loeo
467 1282 545 1343 idem
565 1284 667 1343 Cicero
677 1329 685 1358 ‚
708 1285 838 1363 negabat
855 1306 916 1342 esse
932 1286 1118 1362 quidquam,
1137 1289 1299 1365 quodeciri

57 1389 156 1457 pesse
166 1425 176 1455 ,
194 1402 231 1440 ne
245 1382 327 1440 illud
345 1384 465 1460 quidem
484 1389 599 1459 ipsum,
622 1384 699 1460 quod
720 1381 861 1440 Socrates
882 1384 941 1440 sibi
961 1383 1143 1457 reliquisset.
1169 1386 1221 1445 Sic
1239 1407 1297 1444 om·

58 1486 113 1539 eis
134 1480 233 1539 latere
251 1466 387 1540 censebat
412 1488 447 1538 in
475 1482 603 1555 occulto,
635 1503 728 1558 neque
754 1501 814 1539 esse
843 1482 1027 1559 quidquam,
1044 1484 1121 1561 quod
1138 1489 1224 1541 cerni
1243 1495 1300 1540 aut

55 1578 199 1659 intelligi
214 1589 329 1655 posset:
350 1581 459 1657 quibus
478 1581 513 1639 de
533 1587 651 1640 caussis
668 1581 751 1637 nibil
768 1589 1010 1658 oportereneque
1024 1582 1184 1659 profiteri,
1206 1604 1299 1660 neque

55 1675 221 1757 effrenare
238 1698 437 1756 quemquam,
455 1695 547 1753 neque
563 1685 734 1737 assensione
752 1660 937 1754 dpprobare:
956 1680 1147 1759 cohibereque
1166 1700 1297 1758 semper,

55 1776 145 1834 st'ub
158 1783 243 1834 omne·
261 1776 350 1854 lapsu
369 1784 523 1842 continere
541 1783 765 1836 temeritatem:
785 1785 862 1853 quae
882 1785 949 1834 tum
969 1771 1045 1835 esset
1063 1785 1211 1858 insignis,
1227 1800 1297 1836 cum

55 1883 116 1933 nest
126 1875 221 1950 salsa
244 1885 301 1933 aut
329 1882 489 1956 incognita
508 1896 557 1934 res
586 1876 832 1956 approbaretur:
859 1894 953 1951 neque
980 1875 1032 1932 boc
1049 1877 1215 1954 quidquam
1235 1899 1296 1935 esse

55 1979 209 2051 inspius,
225 1993 315 2051 quaen
333 1981 500 2054 cognitioni
519 1984 549 2032 et
572 1979 759 2052 perceptioni
779 1978 978 2031 assensionem
999 1977 1298 2052 approbationemque

55 2090 272 2151 praecurrere.
293 2071 376 2131 Huic
385 2079 504 2130 rationi
523 2073 599 2150 quod
618 2081 688 2130 erat
704 2078 954 2147 coessentaneune,
964 2074 1171 2147 faciebat,ut
1189 2084 1297 2132 contra

55 2175 196 2231 mnium
211 2177 379 2229 sententias
397 2172 461 2229 dies
470 2177 543 2246 jam
553 2174 712 2248 plerosque
740 2169 915 2245 deduceret,
936 2178 990 2244 ut,
1008 2192 1077 2228 cuns
1096 2178 1129 2228 in
1143 2173 1244 2230 eadem
1264 2193 1299 2228 re

55 2275 153 2345 pus-to
170 2276 339 2328 contrariis
355 2275 390 2327 in
412 2272 555 2346 partibus
573 2277 723 2328 nimenta
743 2273 899 2326 rationum
918 2275 1152 2344 invenirentur,
1161 2271 1299 2346 facilius

55 2368 95 2426 ab
113 2375 249 2445 utraque
255 2377 345 2446 porte
353 2375 486 2427 assensio
504 2375 720 2426 sustineretur.
732 2365 860 2426 -Honc
880 2366 1077 2425 Academiam
1096 2391 1228 2429 nocam
1239 2391 1295 2447 ap-.

55 2464 198 2540 putent:
208 2485 286 2543 quae
303 2465 382 2523 mibi
399 2473 492 2523 retu
503 2485 517 2523 s
527 2466 669 2523 uidetur:
689 2467 837 2543 siquidem
845 2465 1001 2526 Platonem
1012 2468 1113 2524 esiila
1130 2479 1229 2527 vetere
1239 2491 1301 2525 nu-

55 2582 233 2638 meramus,
253 2570 344 2639 cujus
361 2570 395 2621 in
416 2565 506 2623 libris
525 2565 607 2622 nihil
622 2564 805 2642 affirmatur
823 2570 899 2621 etin
915 2573 1211 2642 utramquepartem
1222 2567 1297 2624 neul-

55 2662 329 2737 ts-els'sserssntur,
349 2663 385 2720 de
401 2665 536 2722 omnibu
555 2668 737 2741 quaeritur,
766 2662 848 2719 nibil
865 2669 944 2719 certi
966 2662 1085 2719 dicitur
1105 2659 1138 2741 2)
1144 2683 1157 2731 ,·
1179 2653 1229 2720 sed
1249 2673 1300 2721 ta·
1369 2710 1374 2719 ,

55 2780 130 2819 m
145 2760 225 2836 etta,
243 2782 335 2840 quam
353 2769 474 2840 eaposui
483 2805 492 2836 ,
511 2770 614 2818 aetus:
634 2760 706 2818 baec
716 2804 725 2834 ,
744 2780 820 2819 noea
839 2765 1033 2817 nominetur:
1053 2781 1129 2837 quae
1146 2764 1297 2837 usquead

59 2857 252 2919 carumdem
259 2861 431 2938 perducta,
450 2868 504 2938 qui
523 2841 654 2937 quartus
674 2860 711 2917 ab
726 2858 870 2917 Arcesila
872 2859 966 2932 suit,
985 2865 1019 2914 in
1030 2859 1131 2917 eadem
1142 2858 1301 2918 Arcesilae

57 2964 184 3019 ratione
200 2966 374 3037 permanut
392 2954 433 3037 3).

84 3044 242 3129 'indicere
263 3056 351 3117 nobis
371 3054 409 3115 de
440 3056 610 3133 Protagorae
640 3054 836 3132 similiumque
858 3052 919 3112 sive
940 3052 1133 3133 sophistarum
1154 3055 1215 3116 sive
1236 3054 1300 3135 phi-

60 3152 250 3236 losophorum
270 3153 387 3235 placitis
405 3167 466 3213 tum
485 3152 602 3212 demum
623 3153 741 3227 licebit,
763 3165 912 3232 postquam
934 3151 980 3210 his
990 3151 1120 3212 Platonis
1129 3155 1301 3213 sententiam

61 3249 101 3313 tle
132 3251 196 3310 veri
223 3243 319 3312 amai
348 3249 403 3312 soi
424 3244 508 3324 ὄντος
543 3251 663 3312 scientie
686 3250 912 3331 apposuerimus.
959 3249 1108 3310 Videntur
1138 3264 1233 3311 autem
1255 3251 1301 3310 illi

61 3351 154 3410 metis
173 3372 242 3412 sane
264 3352 373 3413 finibus
399 3353 562 3417 doctrinam
593 3370 672 3409 suam
695 3347 898 3429 descripsisse,
928 3349 1085 3409 relerentes
1111 3349 1221 3429 quippe
1240 3369 1302 3408 eam

59 3446 101 3509 ad
121 3447 216 3509 solum
238 3451 381 3511 mundum
402 3449 647 3532 adspectabilem‚
670 3461 701 3505 ut
728 3445 816 3504 facile
837 3444 969 3504 conseras
990 3465 1038 3511 eos
1061 3464 1125 3502 rum
1146 3444 1302 3524 speluncae

59 3544 231 3607 Platonicae
250 3549 357 3609 incolis
368 3595 376 3623 ,
397 3549 448 3627 qni
469 3560 583 3628 praeter
606 3543 720 3602 umbras
741 3542 979 3614 simulacrorum,
1000 3561 1071 3619 quas
1085 3540 1178 3600 oculis
1196 3562 1302 3601 cerne-

58 3642 154 3719 bene,
175 3645 254 3705 nihil
274 3667 333 3706 csse
352 3667 451 3722 verum
472 3642 708 3703 arbitrabantur:
731 3640 785 3699 hac
806 3653 903 3699 tamen
921 3638 1091 3718 exceptione
1102 3684 1112 3715 ,
1124 3651 1157 3697 ut
1167 3642 1301 3700 nonnul-

58 3739 211 3803 liborum
231 3743 492 3825 philosophorum,
522 3740 630 3820 quippe
660 3737 785 3818 captivis
808 3735 872 3794 illis
890 3734 974 3813 longe
994 3735 1199 3815 sapientiores,
1223 3739 1302 3798 nihil

58 3839 185 3900 omnino
205 3861 264 3900 cese
286 3862 388 3903 verum
417 3852 603 3918 certumque,
633 3855 670 3894 ne
689 3833 768 3893 illud
793 3832 912 3913 quidem
933 3832 1045 3912 ipsum,
1076 3833 1154 3914 quod
1172 3835 1302 3895 Socrates

58 3936 121 3999 sibi
139 3935 323 4017 reliquisset,
341 3938 419 3998 nihil
441 3957 471 3996 sc
490 3936 582 4010 scire,
599 3929 794 3993 deirevcrint,
816 3927 928 4005 Quodsi
948 3929 1019 3989 haec
1040 3944 1082 3991 cst
1103 3933 1222 3996 istorum
1231 3932 1303 4013 phi-

59 4033 249 4117 losephorum
272 4035 422 4112 conditio,
441 4056 501 4095 non
521 4032 577 4092 erit
596 4028 683 4090 facile
693 4075 703 4106 ,
721 4029 772 4109 qui
791 4050 851 4088 non
872 4026 1026 4087 escendere
1045 4049 1111 4088 eum
1132 4030 1251 4089 Platone
1270 4031 1302 4089 in

96 4259 124 4325 1)
143 4263 195 4314 Cic.
207 4264 237 4314 de
251 4263 322 4315 Orat.
339 4260 382 4313 111.
399 4260 441 4310 18.

96 4342 134 4411 ill
144 4346 231 4400 Veluti
245 4348 272 4400 in
290 4347 432 4400 Theaeteto
453 4345 485 4395 de
504 4343 625 4395 scientia:
645 4341 678 4392 de
696 4339 763 4390 ideis
781 4338 807 4390 h.
827 4339 844 4390 Ι.
863 4352 915 4389 non
935 4335 1061 4405 consevit
1079 4334 1183 4388 cicero,

96 4432 127 4498 3)
146 4431 292 4485 cionem.
314 4433 332 4484 l.
349 4429 390 4482 12.
