2796 5048
707 227 767 287 1¹06

125 413 183 465 ne,
203 391 261 450 imo
279 409 348 451 vero
365 386 403 447 de
423 390 542 447 seientia
559 388 667 469 placita
686 387 818 468 proxime
845 382 982 445 accedere
1000 381 1040 443 ad
1061 380 1199 443 Platonis
1215 381 1357 443 dormiam

127 487 316 550 viderentur:
336 506 508 565 quamquam
529 483 757 565 philosophandi
775 482 812 543 de
829 481 877 543 his
904 480 1048 542 rationem
1067 500 1088 543 a
1104 479 1264 541 Platonica
1280 479 1357 541 diver·

122 584 263 643 sissimam
291 596 477 663 usurparunt.
521 585 616 658 Quam
637 582 758 640 rationis
786 593 904 640 notasse
932 577 1160 651 diversitatem,
1191 591 1224 636 ut
1242 579 1358 660 sophistis

126 678 245 739 tandem
263 681 451 761 sceptieisquo
470 694 498 740 et
518 682 570 740 toti
591 679 771 739 fluitantium
791 675 1029 759 philosophorum
1048 675 1133 754 genti
1155 673 1358 753 teatesliquen·

126 776 166 837 do
184 777 351 851 Platonem,
370 775 557 854 dijudicandi
568 777 685 850 causei,
696 796 894 857 apponamus,
913 794 974 834 non
992 772 1176 854 poenitebit.
1220 772 1357 833 Audiamus

124 875 292 935 Ciceronem
310 874 433 933 Stoicam
459 873 623 940 doctrinam
650 874 755 933 veteris
774 871 945 932 Academiae
962 869 1148 950 disciplinae
1171 884 1356 950 opponentne

126 971 292 1046 Plurima,
310 973 360 1047 ait,
380 971 463 1030 Zeno
472 981 506 1030 in
517 974 575 1030 s'lla
594 980 688 1030 tertia
698 971 901 1048 philosophiae
914 979 1004 1049 ports
1020 996 1057 1007 -
1075 988 1157 1046 quae
1178 980 1244 1029 erat
1260 967 1292 1027 in
1306 969 1356 1029 rati·

123 1042 181 1128 dne
198 1082 226 1128 et
245 1069 416 1129 disserendo
437 1101 468 1111 -
490 1075 685 1128 mutauit-in
706 1074 911 1146 quaprimum
926 1069 962 1129 ds
978 1068 1117 1127 sentibus
1127 1072 1215 1142 ipsis
1232 1067 1357 1145 quaeda·

123 1167 206 1224 dieii
225 1187 300 1225 nova
321 1165 369 1245 l).·
388 1188 461 1244 quos
478 1175 599 1224 onnetos
620 1163 652 1245 2)
670 1185 731 1224 esse
750 1171 870 1225 censuit
887 1188 902 1223 e
920 1165 1052 1244 quadam
1071 1172 1170 1242 quasi
1188 1166 1356 1243 impulsione,

123 1265 224 1322 adlata
250 1271 460 1322 eatrinssaus:
483 1285 573 1341 quum
594 1265 647 1323 ille
659 1258 837 1342 φαντασίαν,
859 1284 912 1323 nos
931 1268 1071 1323 oleum
1087 1263 1356 1338 appellemaslisst:

123 1371 155 1420 et
172 1370 327 1419 teneamus
348 1362 400 1420 lsoo
418 1364 538 1419 uerbum
561 1364 701 1438 quidem:
720 1371 783 1422 erit
802 1371 882 1422 enim
902 1362 1048 1423 utendum
1068 1368 1105 1419 in
1125 1362 1254 1438 reisque
1271 1382 1356 1419 serare

124 1479 162 1516 ue
177 1465 305 1536 saepius.
351 1459 411 1518 Sed
434 1461 475 1517 ad
504 1461 596 1534 leaeo,
621 1481 698 1539 quae
727 1468 794 1520 risa
813 1470 887 1520 sunt
905 1470 935 1519 et
953 1464 1041 1536 quasi
1068 1467 1205 1533 occepso
1225 1460 1357 1531 sermm,

123 1564 324 1613 assensionem
351 1557 497 1636 adjungit
524 1564 718 1617 animorum.-
746 1580 837 1637 quam
864 1580 927 1618 esss
946 1558 1014 1615 vult
1031 1562 1068 1614 in
1088 1557 1181 1617 nadis
1196 1562 1357 1640 minent

123 1653 340 1712 voluntariam.
385 1653 469 1713 Visis
498 1677 557 1712 non
586 1660 722 1716 omnibus
750 1659 936 1736 adjungebat
962 1656 1053 1729 fidam
1064 1698 1075 1729 ,
1104 1656 1162 1713 aad
1191 1660 1236 1713 s'is
1262 1652 1356 1723 mlta,

122 1770 200 1828 quae
214 1758 373 1828 propriam
384 1754 536 1830 quandam
551 1753 695 1812 dolerent
711 1757 948 1814 declarationem
961 1773 1070 1811 aarum
1093 1773 1233 1826 rerum,
1250 1755 1355 1829 quaesi·

123 1848 287 1907 darentur:
303 1851 337 1907 id
356 1859 458 1907 autem
477 1857 593 1924 visum,
613 1873 681 1910 oum
710 1860 811 1929 ipsum
824 1873 884 1930 per
902 1873 933 1911 ss
960 1860 1169 1924 cerneretur,
1199 1866 1355 1925 compre

124 1946 348 2006 densilile.
391 1947 511 2006 Feralia
530 1948 626 2006 liaeo?
646 1976 677 1987 -
698 1948 759 2009 Nos
779 1972 866 2024 vero,
886 1955 1007 2027 inquit:
1027 1968 1168 2025 quonam
1191 1955 1275 2007 enim
1291 1943 1355 2003 medo

121 2034 307 2124 nardinum
335 2045 474 2104 diceres?
493 2048 613 2122 -sed,
633 2069 701 2105 eum
726 2059 882 2125 arreptum
901 2055 973 2123 jam
990 2055 1021 2104 et
1046 2047 1355 2122 approbationem,

123 2145 933 2220 comprehensionemappellodat,similems‘is
949 2145 1057 2216 rodus,
1080 2162 1354 2223 quaestionum·

123 2241 291 2299 darentur:
312 2262 347 2299 oa·
366 2262 423 2317 quo
444 2248 537 2298 etium
561 2263 666 2299 nomen
686 2244 738 2301 lsoo
767 2244 914 2315 duraret,
943 2263 1012 2300 oum
1031 2263 1063 2298 eo
1082 2243 1177 2299 rerba
1196 2251 1271 2301 ants
1287 2258 1354 2297 nent

123 2339 183 2393 toli
198 2344 232 2394 in
253 2359 288 2395 re
309 2358 383 2395 usus
403 2347 496 2395 esset:
508 2339 716 2417 plurimisque
725 2343 803 2399 idem
822 2348 907 2400 noris
925 2335 1123 2417 antimum
1143 2346 1235 2399 enim
1248 2330 1355 2412 &esdad

124 2454 198 2491 usus
216 2444 270 2493 eat.
314 2432 397 2513 Quod
415 2445 518 2493 autem
546 2447 615 2493 erat
640 2459 730 2495 sesssu
751 2440 1012 2516 comprehensum,
1028 2437 1063 2495 iol
1080 2444 1193 2514 ipsum
1211 2453 1354 2499 sensum

123 2531 310 2606 appellabat,
329 2542 373 2606 st,
392 2539 421 2592 si
438 2541 485 2590 ita
504 2544 574 2592 erat
592 2537 855 2612 eomprehensum,
876 2546 911 2593 ut
929 2536 1055 2594 oonrells'
1079 2542 1214 2597 rasione
1233 2557 1290 2599 tun
1299 2553 1353 2612 pt·

121 2638 184 2701 set,
203 2635 482 2689 seientiamnin
504 2633 915 2708 aliter,inseientiam
927 2633 1119 2692 nominabat:
1141 2655 1255 2712 seque
1273 2636 1352 2691 matr

121 2734 307 2791 teretets'am
336 2737 496 2808 opinio,
524 2753 599 2809 quae
629 2742 704 2802 estet
731 2733 882 2789 imdeoilla
907 2741 938 2791 et
956 2717 1024 2789 eum
1043 2731 1134 2806 falsa
1155 2739 1352 2814 incognitaqss

119 2834 294 2886 eommunis.
339 2827 399 2886 Sed
417 2836 502 2886 inter
517 2836 676 2887 erientiam
695 2841 725 2887 et
734 2837 931 2889 inscientiam
951 2830 1252 2906 comprehensionem
1260 2828 1349 2897 illan,

120 2944 211 2999 quam
222 2925 304 2999 diat,
315 2927 492 3000 collocabat,
508 2947 630 3004 eamque
639 2950 733 3005 neque
744 2935 777 2985 in
792 2935 896 3002 raetis,
906 2949 999 3006 neque
1009 2933 1165 3003 inpraoe's
1175 2925 1349 2994 ammiti,

121 3021 172 3077 sed
180 3023 235 3077 soli
246 3043 261 3078 o
272 3025 396 3081 reden
407 3024 427 3081 d
437 3045 456 3080 u
467 3046 497 3081 m
508 3046 569 3082 esse
578 3005 749 3104 dieeduts3)
768 3025 804 3085 ld
814 3026 876 3101 ille,
887 3024 976 3105 quod,
987 3023 1063 3084 idem
1073 3037 1208 3086 testante
1218 3025 1347 3091 (litem,

118 3130 198 3194 gestu
215 3119 394 3180 conficiebat.
438 3120 537 3197 Nam,
548 3144 641 3200 quam
650 3131 783 3184 extensis
792 3125 915 3203 digitis,
936 3123 1165 3198 ait,adass·sam
1175 3118 1345 3183 munisse

119 3215 260 3272 tenderat
270 3259 278 3289 ,
299 3239 316 3273 o
325 3225 339 3274 i
347 3240 362 3276 s
372 3239 392 3274 u
402 3241 432 3276 m
441 3264 450 3293 ,
460 3223 614 3294 inquiebat
623 3266 632 3296 ‚
643 3223 817 3298 hujusmodi
826 3231 871 3280 est
881 3245 891 3278 :
901 3221 1008 3280 deinde
1019 3265 1028 3293 ,
1038 3242 1108 3278 eum
1114 3223 1266 3300 paullum
1280 3221 1346 3299 digi-

118 3321 163 3369 tos
181 3321 422 3390 constrinxerat,
453 3339 659 3378 aasentias
686 3321 879 3397 hujusmodi:
908 3327 992 3391 tum,
1011 3316 1197 3396 eum'plane
1216 3338 1345 3396 Μιμα-

118 3398 202 3467 serat
212 3431 408 3492 pugnumque
429 3419 575 3492 fecerat,
594 3441 610 3476 o
621 3440 675 3476 om
680 3440 702 3494 p
713 3439 755 3476 re
766 3420 785 3475 la
797 3440 811 3475 e
821 3440 841 3474 n
853 3424 913 3476 sio
924 3439 944 3474 n
956 3439 1009 3474 em
1026 3417 1118 3475 illam
1142 3438 1211 3477 ease
1229 3419 1344 3477 astu:

119 3525 177 3581 qua
198 3530 234 3566 ea
253 3515 457 3572 similitudine
479 3523 570 3573 etiam
598 3538 701 3574 nomen
725 3524 751 3573 ei
773 3522 821 3573 rei
830 3561 838 3588 ,
864 3517 939 3588 quad
959 3525 1029 3571 ante
1049 3518 1256 3591 nonsatis-at,
1270 3504 1344 3575 tard-

122 3606 213 3684 ληψιν
232 3614 385 3686 imposuit.
429 3611 504 3672 Cum
521 3612 624 3672 autem
651 3615 767 3680 laenam
794 3635 918 3670 manum
936 3615 1112 3670 admoverat
1129 3616 1267 3676 etillum
1281 3637 1344 3696 pag-

123 3728 197 3762 num
216 3719 300 3765 orote
319 3712 561 3784 vehementerque
585 3721 819 3788 compresserat,
840 3719 902 3770 soi
908 3717 1067 3773 entiam
1084 3712 1184 3772 talem
1204 3736 1266 3774 esee
1283 3717 1343 3773 dier
1390 3790 1392 3795 Ι

117 3806 186 3878 aar,
207 3811 297 3880 eujus
317 3818 494 3884 compotem,
517 3817 579 3867 niae‘
597 3818 761 3886 sapientem
773 3831 861 3883 ‚esse
879 3817 1027 3867 neminem
1048 3805 1088 3886 4).

148 4044 171 4110 l)
190 4047 273 4099 Acuta
292 4048 394 4100 Ernest.
419 4053 521 4112 conjicit
547 4069 624 4102 noae:
645 4053 720 4104 novis
740 4054 809 4104 enim
830 4053 918 4105 verbis
942 4051 1061 4103 utebatur
1079 4050 1140 4103 lere
1157 4052 1254 4120 Zen03
1275 4056 1346 4109 aedit

113 4134 238 4199 proximis
248 4137 369 4185 occurrit:
384 4137 546 4204 plurimisque
559 4141 622 4188 idem
640 4140 709 4188 noos's
724 4139 804 4188 verbis
814 4138 861 4203 (no
871 4157 911 4189 oa
926 4141 990 4190 enim
1001 4133 1108 4198 dicebat)
1129 4152 1249 4194 mest.

145 4213 173 4279 2)
192 4218 233 4268 Sia
251 4218 312 4270 Ern.
332 4221 467 4272 emendat:
489 4222 567 4290 vulgo
581 4226 687 4286 moetos.

144 4299 174 4365 3)
193 4300 243 4352 cic.
263 4306 343 4354 Aaou,
361 4302 379 4353 l.
403 4304 443 4356 11.
463 4305 502 4355 (li.
522 4306 588 4356 Plut.
607 4309 637 4358 de
651 4308 718 4376 plne.
730 4308 790 4375 plsil.
808 4308 848 4358 lv.
867 4309 891 4356 8.

142 4383 167 4448 4)
187 4386 238 4439 cio.
256 4392 306 4440 eod.
325 4389 358 4440 ll.
378 4391 419 4440 41.
