2774 5048
675 274 733 334 tte

96 434 210 499 oroorai
230 451 298 496 sunt
309 482 317 510 ,
346 437 378 516 hi
398 434 507 517 κριταὶ·
530 453 560 497 ιιι
578 437 729 497 audientes
747 437 778 495 hi
799 450 856 497 tres
876 438 952 495 sint:
973 430 1193 519 impositionis,
1217 433 1303 521 torric

95 557 125 601 et
155 532 282 619 θεωρός.
327 538 440 611 Quibus
459 540 499 597 ita
520 534 684 617 dispositis,
705 535 742 595 de
761 535 884 614 singulis
901 536 946 596 bis
965 538 1086 598 dicendi
1104 539 1254 618 generibus
1268 540 1303 599 ita

92 643 169 721 agit,
198 655 229 701 ut
258 633 400 698 ἐκτίνων
422 636 471 697 δεῖ
490 629 662 719 προτρέπειν
687 631 735 693 καὶ
760 626 950 714 ἀποτρέπειν,
977 631 1009 696 ἐκ
1032 633 1121 697 τίνων
1146 640 1303 720 κατηγορεῖν

92 738 140 799 καὶ
158 722 434 822 ἅπολογεῖπθαι,ἐ’ν
451 736 539 800 τίνων
555 732 656 816 ψέγειν
669 733 717 795 καὶ
733 729 856 795 ἐπαινεῖν
876 738 1007 819 exploret
1023 760 1056 797 ac
1076 736 1197 819 probet:
1211 738 1303 817 quibus

91 840 210 902 adhibet
236 844 378 918 maxime,
405 863 478 922 quae
504 840 683 922 explicuerat
702 838 734 896 iu
762 836 1020 919 praecedentibus,
1048 829 1087 896 roi
1107 830 1303 917 ἐνθυμήματι

91 940 224 1015 Etenim,
254 941 332 1020 quod
360 941 457 1016 addit,
486 937 553 1018 περὶ
575 932 631 1019 yrip
658 931 771 997 τούτων
797 933 846 996 καὶ
872 930 903 996 ἓν
923 929 1037 998 τούτων
1055 931 1093 999 roi
1113 931 1303 1021 ἐνθυμήματα

91 1032 209 1118 λέγεται.
233 1039 263 1121 1)
1143 1101 1152 1113 ,

130 1124 308 1200 Documento
327 1140 413 1200 nobis
430 1141 499 1202 baec
520 1144 614 1224 operis
634 1142 810 1202 aristotelici
837 1143 1045 1221 argumentatio
1074 1158 1132 1219 est,
1162 1144 1303 1226 perfecisti

88 1254 232 1298 auctorem
250 1238 299 1313 id,
319 1238 397 1319 quod
417 1242 449 1300 in
470 1242 608 1322 Sophiste
633 1256 660 1301 et
687 1240 815 1299 Politice
836 1238 916 1298 Plato
934 1260 999 1298 cum
1020 1240 1227 1317 inchoaverat,
1251 1246 1303 1303 trhr

89 1336 253 1396 iaciendum
282 1354 473 1419 praeceperat.
494 1330 501 1403 J
515 1341 556 1399 Ut
585 1340 632 1398 hic
659 1339 861 1419 sophisticam,
882 1338 922 1395 ita
949 1336 1119 1397 rhetoricam
1147 1340 1303 1403 Aristotelea

87 1434 232 1495 cernendo
247 1435 452 1517 iungendoque
469 1439 622 1521 explicuit.
664 1439 841 1516 Quamquam
866 1436 939 1494 ratio
967 1436 1116 1516 utriusque
1145 1436 1303 1519 philosophi

88 1534 201 1591 divorsa
221 1548 271 1593 est.
313 1533 398 1592 Plato
420 1537 501 1614 quasi
530 1534 682 1594 nobiscum
709 1535 840 1613 quaerit,
871 1532 1007 1614 indagat,
1034 1534 1171 1595 invenire
1198 1533 1303 1595 nudet:

87 1651 147 1688 non
169 1630 208 1690 ita
227 1631 411 1708 Aristoteles3
443 1633 493 1692 sed
513 1652 585 1712 quae
606 1654 700 1692 secum
720 1634 780 1713 ipse
800 1646 883 1691 antea
903 1645 931 1690 et
948 1633 1093 1711 quaesivit
1112 1647 1141 1693 ct
1162 1631 1303 1713 indagavit

87 1742 114 1787 ct
134 1729 268 1804 invenit,
288 1730 355 1810 apta
375 1731 459 1791 nobis
478 1731 651 1815 discretione
669 1744 697 1790 et
717 1730 905 1811 dispositione
922 1731 1068 1811 proponit.
1119 1732 1221 1810 Itaque
1238 1750 1303 1789 con·

88 1826 258 1906 parantibus
275 1828 344 1888 baec
366 1829 451 1889 nobis
471 1822 805 1911 utriusque'philosophi
826 1829 949 1909 scripta,
979 1830 1013 1890 in
1030 1828 1162 1890 Platonis
1190 1828 1302 1911 dialogis

86 1934 218 1984 inventio
238 1924 354 2002 ubivis,
377 1928 408 1986 in
428 1929 590 1989 Aristotelis
609 1949 677 1989 vero
696 1928 892 2009 disputatione
905 1935 1097 1986 inventorum
1117 1936 1298 2007 repositione

85 2027 297 2084 demonstratio
322 2028 458 2087 occurrit.
508 2032 533 2087 A
561 2025 785 2087 demonstrando
813 2025 908 2084 aliena
929 2028 961 2085 in
990 2026 1035 2085 bis
1054 2025 1294 2106 disquisitionibus

82 2122 211 2182 Platonis
230 2125 302 2183 ratio
321 2138 380 2184 est:
402 2126 567 2185 Aristoteles
587 2145 655 2187 vero
665 2169 674 2198 ,
695 2124 827 2203 quamvis
845 2144 904 2182 non
929 2144 981 2204 per
1001 2125 1181 2206 syllogismos
1208 2142 1293 2207 proce·

86 2221 154 2295 dat,
175 2236 272 2281 tamen
292 2222 412 2303 probare
431 2222 514 2282 nobis
533 2236 560 2282 et
578 2223 773 2284 demonstrare
791 2222 961 2280 sententiam
978 2243 1057 2283 suam
1076 2224 1192 2284 studet:
1223 2236 1251 2282 ut
1264 2238 1290 2279 ex

84 2322 246 2397 definiendi
263 2320 348 2380 modo
367 2320 550 2401 intelligitur.
592 2322 681 2395 Nam,
711 2321 772 2395 rei,
801 2319 836 2377 de
857 2340 911 2398 qua
938 2321 1049 2401 agitur,
1079 2321 1233 2396 definitio,
1259 2318 1288 2377 uti

84 2417 162 2498 apud
180 2417 328 2477 Platonem
347 2418 494 2478 cernendo
509 2419 716 2500 jungendoquc
735 2418 887 2477 invenitur
909 2418 1045 2494 tandem,
1072 2420 1112 2479 ita
1141 2417 1220 2500 apud
1238 2416 1289 2478 hri·

85 2504 211 2575 stobelem
232 2517 371 2575 continuo
390 2518 527 2597 ponitur:
550 2518 655 2598 incipit
683 2516 719 2574 ab
747 2517 809 2596 ipsa
836 2513 1007 2574 definitione
1032 2516 1201 2598 disputatio.
1239 2514 1287 2575 Otr·

85 2615 173 2687 nino,
195 2628 227 2672 ut
247 2614 279 2673 in
300 2614 421 2695 legendo
439 2616 558 2675 Platone
578 2637 635 2674 una
653 2634 717 2673 cum
737 2613 835 2673 Eleate
853 2612 900 2673 vel
914 2612 1028 2673 Socrate
1046 2617 1129 2694 quasi
1148 2632 1288 2683 venamur,

83 2714 122 2770 ita
142 2712 303 2791 legentibus
321 2713 500 2772 Aristotelem
522 2727 619 2773 auctor
647 2713 748 2785 nobis,
769 2711 847 2790 quod
866 2719 963 2790 cepit,
984 2713 1129 2774 ostendit:
1152 2715 1193 2774 sic
1213 2726 1288 2773 autm

69 2810 208 2903 ,osffndit
219 2856 227 2885 ‚
248 2825 281 2870 ut
308 2811 411 2885 simul,
432 2833 488 2890 qua
518 2810 603 2871 illud·
623 2813 734 2871 ratione
755 2811 821 2870 i..e.
843 2810 948 2888 quibus
968 2812 1177 2893 partitionibus
1195 2828 1222 2873 et
1239 2830 1287 2870 rou·

83 2902 269 2967 ductionibus
296 2923 440 2968 assecutus
460 2909 568 2984 suerit,
599 2908 803 2988 intelligamus.
846 2907 893 2966 Sic
911 2908 999 2988 plane
1018 2909 1089 2970 baec
1108 2910 1213 2971 ordine
1236 2926 1287 2990 pro·

83 3004 187 3064 cedens
207 3005 366 3066 Aristotelis
384 3007 555 3088 disceptatio
575 3008 739 3066 Platonicae
758 3008 877 3066 rationis
898 3008 1088 3068 continuatio
1098 3018 1172 3069 est:'
1192 2996 1287 3089 pericii

84 3103 262 3183 discipulus,
283 3104 361 3183 quod
380 3107 513 3185 magister
532 3105 690 3165 inchoavit.

124 3200 230 3259 Verum
256 3202 374 3283 propius
402 3203 485 3262 etiam
504 3203 584 3262 Plato
604 3203 640 3262 ab
661 3202 823 3261 Aristotelis
848 3202 1011 3282 synthetica
1038 3202 1099 3262 sive
1128 3198 1285 3283 syllogistica

84 3300 191 3358 ratione
210 3299 313 3359 abfuit.
356 3301 392 3359 In
411 3301 465 3360 bac
484 3301 636 3375 methodo,
658 3315 690 3360 ut
707 3320 743 3359 ex
762 3300 877 3360 laudata
896 3299 1058 3361 Aristotelis
1082 3298 1285 3381 argumentatio

83 3419 119 3456 ne
136 3410 227 3478 patet,
249 3400 433 3475 definitionis
451 3400 482 3457 in
502 3400 604 3481 primis
623 3400 717 3478 agitur
742 3398 903 3478 diligentia.
916 3399 948 3457 1F
950 3397 1158 3459 undamentum
1182 3400 1233 3459 illa
1253 3405 1284 3455 etl

82 3498 143 3556 sive
162 3499 226 3557 fons
247 3498 396 3557 universae
414 3484 628 3578 disputationis.
671 3499 706 3557 In
727 3497 866 3557 Phaedro
881 3512 975 3557 autem
996 3497 1096 3572 Plato,
1117 3494 1196 3577 quod
1217 3490 1283 3555 modo

82 3597 387 3670 commemoravimus,
419 3596 597 3676 syntheticae
625 3595 805 3656 delinitionis
833 3608 860 3655 et
894 3597 1034 3655 rationem
1073 3609 1101 3654 et
1138 3592 1281 3676 exemplum

82 3692 172 3753 dedit.
195 3692 226 3773 2)
275 3696 316 3754 De
345 3693 497 3753 dialectica
526 3693 708 3773 eloquentiae
735 3693 902 3754 adhibenda
929 3695 1044 3775 proprie
1064 3694 1158 3774 agitur
1187 3694 1219 3751 in
1241 3688 1280 3748 bot

80 3791 210 3871 dialogo:
242 3792 404 3870 disquisitio
423 3793 459 3853 de
478 3814 571 3852 amore
587 3793 713 3874 exempli
731 3793 885 3853 adducitur
913 3794 1020 3853 caussa.
1070 3791 1171 3872 Lysias
1198 3782 1280 3849 sic'dt

80 3890 134 3948 hoc
152 3905 318 3970 argumento
341 3893 491 3972 scripserat
502 3921 519 3966 ,·
533 3905 564 3950 ut
583 3892 683 3951 nullus
709 3905 832 3951 exstaret
850 3893 883 3951 in
903 3893 1031 3951 oratione
1051 3890 1132 3951 ordo.
1174 3888 1278 3948 Socrattt

81 4003 173 4047 autem
194 4010 209 4047 a
229 3987 399 4047 delinitione
428 3989 602 4049 ordiendum
630 3993 789 4071 praecipit,
819 3992 934 4071 ipseque
960 3990 998 4050 de
1017 3989 1117 4050 eodem
1136 3990 1278 4067 argumento

81 4084 230 4159 dicturus,
260 4088 319 4159 sic,
351 4089 393 4146 uti
412 4090 614 4163 meminimus,
636 4110 757 4148 amorem
778 4088 890 4149 desinit.
933 4090 982 4148 Est
1004 4088 1073 4163 ille,
1095 4089 1155 4162 ait,
1184 4108 1202 4165 η
1226 4074 1276 4141 tltfl‘

81 4275 330 4285 —-——-—

115 4395 139 4457 1)
162 4396 331 4450 Continentur
354 4401 416 4453 haee
434 4403 532 4452 libetur.
557 4401 574 4451 l.
599 4401 637 4452 Cl.
660 4402 689 4451 ll.
712 4402 733 4452 1.

111 4478 137 4533 2l
160 4484 235 4533 initio
255 4501 280 4551 p.
303 4483 361 4536 261.
