2796 5048
671 197 730 256 432

84 368 185 426 situum
216 376 276 435 est,
306 361 352 418 bis
380 360 439 419 dato
468 380 527 417 esse
555 372 692 437 quatuor,
723 372 831 438 partem
863 370 921 417 toto
950 358 1095 416 minorem
1114 377 1190 431 esse,
1216 358 1303 417 similia

83 466 190 523 omnia.
234 458 307 518 lude
338 461 444 517 veritas
470 460 498 515 iu
532 456 617 515 relius
646 456 835 516 arithmeticis
863 470 891 515 et
920 457 1122 536 geometricis,
1151 478 1221 535 quae
1248 458 1307 516 nulli

83 559 263 622 dubitationi
294 555 420 614 obnoxia
448 569 507 614 est:
539 554 667 634 indeque
692 553 819 628 accidit,
842 559 989 632 ut„quae'
1006 555 1173 614 mechanici
1193 571 1221 614 et
1237 571 1309 615 astro-

85 661 164 719 nonai
184 659 325 734 antiquo,
348 656 378 712 iu
397 654 499 734 primis
519 654 677 711 recentiore
698 674 768 712 aevo
780 639 977 733 repererunt,
1007 653 1083 711 adeo
1101 653 1162 711 sint
1182 675 1263 727 vera,
1288 669 1309 711 ut

84 780 121 816 ex
143 758 178 813 iis
199 753 286 812 hodie
303 773 399 810 rerum
419 751 586 810 coelestium
607 765 718 810 constet
736 753 827 825 ratio,
859 765 887 810 et
906 749 1081 833 praedicant
1108 764 1173 811 tuto
1201 767 1312 812 astrono-

84 857 144 927 mi,
167 874 240 932 quae
260 851 297 909 ad
317 850 447 909 descetus
468 849 536 908 solis
557 861 641 927 atque
662 848 750 908 lunae
768 864 797 909 et
816 863 990 909 cometarum
1014 849 1146 909 reditum
1163 853 1313 930 pertinent,

84 955 190 1013 omnia.
232 950 268 1010 Id
298 950 386 1029 igitur
413 949 519 1007 veritas
546 945 625 1029 apud
652 947 800 1009 Platonem
825 961 876 1008 est.
923 948 983 1006 Nec
999 948 1130 1008 refertur
1149 949 1222 1008 haee
1240 950 1314 1008 solun

87 1052 125 1111 ad
146 1051 197 1109 has
217 1047 407 1128 quantitatis,
428 1045 577 1125 qualitatis
597 1048 761 1124 similesque
781 1048 931 1106 notiones:
953 1046 990 1105 de
1012 1046 1103 1105 rebus
1123 1046 1213 1106 bonis
1230 1062 1257 1107 et
1265 1070 1314 1106 na-

86 1151 142 1223 lis,
165 1147 201 1206 de
219 1146 330 1227 pulcris
351 1157 379 1202 et
400 1143 561 1224 turpibus,
575 1144 612 1203 de
628 1145 716 1222 justis
736 1158 765 1204 et
783 1145 901 1222 injustis
928 1144 1066 1215 similiter
1089 1167 1146 1205 nos
1174 1166 1243 1206 vere
1267 1169 1315 1228 pro

86 1247 226 1307 nunciare
245 1244 363 1302 statuite
386 1242 470 1301 modo
490 1242 584 1323 ipsum
603 1243 733 1318 bonum,
764 1243 858 1324 ipsum
873 1245 986 1321 justum
1004 1243 1226 1324 pulcrumque,
1254 1245 1316 1324 quod
1357 1258 1359 1325 l

84 1348 136 1405 uni
158 1343 248 1401 menti
269 1355 366 1422 patet,
388 1341 497 1399 intueri
518 1355 603 1421 atque
626 1342 663 1401 ad
682 1330 764 1401 illud
784 1343 898 1423 exigere
926 1363 972 1401 res
990 1343 1077 1403 hasce
1096 1364 1202 1405 omnes
1220 1342 1317 1405 didiae
1357 1332 1359 1415 l

84 1447 182 1504 rimus.

124 1540 183 1600 Sed
201 1538 284 1598 aliud
305 1551 346 1597 est
367 1557 434 1596 vere
451 1536 488 1596 de
508 1537 594 1597 rebus
611 1539 747 1615 judicare
767 1561 799 1599 ac
822 1541 1039 1621 pronunciare,
1060 1541 1151 1602 aliud
1161 1588 1171 1618 ,
1195 1550 1317 1607 cantetis

81 1652 269 1700 consecutum
297 1643 458 1694 seientiam
486 1656 554 1696 esse.
598 1639 803 1697 Confuderunt
831 1638 902 1698 haec
922 1638 982 1697 fere
1002 1638 1201 1721 philosophi:
1223 1640 1317 1700 etinde
1357 1634 1359 1641 ’

83 1750 164 1798 tanta
185 1737 238 1797 illa
257 1735 455 1815 quaestionis,
482 1738 556 1813 quid
576 1747 621 1795 eat
642 1736 782 1795 veritas?
804 1735 972 1796 difficultas.
1015 1728 1252 1798 nascentiis·
1271 1741 1316 1799 site
1357 1790 1359 1797 .

82 1838 144 1897 veri
164 1838 226 1896 sive
244 1831 301 1894 reti
324 1826 409 1907 ὄντος
438 1847 507 1912 quot
537 1847 565 1893 et
592 1848 702 1912 quanta
723 1836 929 1912 requirantur,
960 1837 1131 1895 enumerari
1152 1839 1208 1897 vix
1227 1837 1315 1919 pessit:
1357 1850 1359 1857 '

83 1936 195 1995 homini
216 1949 292 1995 certe
312 1935 350 1995 ad
369 1955 430 1993 eam
450 1933 538 2014 plene
556 1932 791 2011 consequendam
811 1933 934 1993 facultas
951 1931 1041 1993 deest.
1086 1934 1264 2014 Requiaitur
1278 1954 1316 2004 co,

82 2046 113 2092 ut
143 2034 194 2093 has
225 2035 358 2094 notiones
387 2052 504 2106 omnes,
536 2053 606 2109 quas
635 2029 786 2106 diximus,
818 2045 876 2090 tam
903 2053 989 2113 puras
1009 2033 1219 2112 perfectasque
1238 2032 1316 2091 anina

83 2146 179 2192 nostro
196 2145 461 2212 repraesentemus,
484 2143 515 2187 ut
535 2131 568 2187 in
587 2129 673 2187 rebus
689 2129 861 2207 judicandis
881 2129 947 2188 falli
976 2152 1052 2190 non·
1065 2132 1228 2211 possimus.
1266 2132 1316 2189 Hac

82 2231 168 2289 multi
188 2229 405 2288 contenderunt
424 2228 503 2287 omni
523 2241 633 2287 aetate:
655 2226 734 2305 quod
753 2248 788 2284 ex
818 2227 963 2288 industria
993 2228 1218 2308 diligentiaque
1236 2242 1315 2310 patet,

80 2335 319 2408 quaeritantem
341 2335 406 2383 veri
416 2372 425 2400 ‚
446 2325 571 2403 itemque
591 2325 687 2406 pulcri
713 2326 850 2400 athoni,
882 2325 933 2386 sed
952 2327 1113 2408 praecipue
1132 2336 1203 2386 vera·
1222 2327 1315 2405 assequi

82 2440 151 2484 sunt
169 2426 266 2483 conati
289 2422 334 2503 l),
357 2436 488 2502 recteque
509 2438 704 2498 monuerunt,
735 2425 759 2483 si
779 2424 834 2484 hoc
863 2425 989 2505 reperire
1015 2424 1197 2485 mortalibus
1214 2426 1315 2495 liceret,

83 2522 163 2582 haud
182 2522 268 2581 facile
287 2523 324 2581 iis
345 2520 494 2601 obtingere
513 2524 675 2602 exoptatius
694 2522 853 2602 utiliusque
874 2523 1020 2604 negotium
1039 2544 1147 2603 posse:
1170 2522 1316 2584 recteadee

83 2622 216 2682 fecerunt
245 2620 355 2697 iidem,
385 2621 435 2698 qui
465 2621 654 2699 exquirerent
673 2620 751 2680 illud
771 2621 918 2681 indefesso
938 2620 1052 2680 studio:
1074 2619 1167 2681 modo
1187 2621 1244 2683 hoe
1261 2623 1316 2681 aui-

83 2718 324 2794 madvertiasent,
345 2719 580 2800 appropinquare
606 2718 679 2777 illue
698 2719 811 2779 homini
832 2718 939 2792 licere,
968 2719 1128 2799 pervenire
1150 2740 1214 2780 non
1232 2719 1315 2778 licere.

82 2820 153 2877 Nam
163 2864 171 2893 ,
193 2817 271 2897 quod
289 2816 436 2891 diximus,
458 2831 516 2876 tam
535 2817 678 2897 perlectae
700 2838 732 2875 eo
752 2817 942 2895 requiruntur
961 2815 1043 2890 veri,
1059 2817 1155 2896 ipsius
1173 2817 1232 2880 τοῦ
1245 2809 1315 2887 ὄντος

82 2917 233 2990 notiones,
256 2928 287 2973 ut
307 2915 372 2973 fatti
392 2936 451 2974 non
472 2915 632 2994 possimus:
655 2913 688 2973 id
709 2928 804 2972 autem
825 2914 876 2972 uni
902 2915 963 2973 Deo
991 2927 1033 2974 est
1060 2919 1230 2998 proprium.
1268 2917 1314 2977 sed

81 3014 119 3073 ad
139 3013 288 3072 scientiam
310 3014 392 3088 ueri,
411 3025 442 3070 ut
460 3026 571 3071 caetera
592 3011 722 3087 mittam,
744 3032 908 3093 caussarum
927 3014 1093 3091 praesertim
1114 3016 1243 3077 scientia
1259 3037 1314 3098 pus-

82 3110 202 3169 tulatur.
244 3111 321 3170 Leve
339 3108 371 3167 id
391 3110 538 3188 negotium
553 3122 594 3167 est
614 3110 645 3167 in
671 3109 757 3168 rebus
777 3109 907 3189 physicis
927 3122 955 3167 et
972 3109 1165 3173 mechanicis.
1210 3114 1313 3185 Metha·

81 3209 165 3266 nicus
187 3206 338 3266 machinae
368 3206 453 3265 nobis
479 3208 682 3286 ,cuiuscunque
718 3208 859 3266 rationem
886 3208 1025 3287 exponit,
1054 3213 1167 3271 caussis
1196 3228 1313 3273 motuum

80 3304 270 3364 ostendendis
289 3317 355 3384 apte
376 3301 424 3382 2),
446 3303 584 3384 physicus
606 3304 741 3364 similiter
757 3304 892 3363 fulminis
909 3318 937 3362 et
957 3306 1069 3364 tonitru
1085 3310 1232 3388 expositis
1240 3332 1314 3371 caus-

80 3405 138 3478 sis,
154 3424 199 3462 res
217 3402 269 3461 has
295 3401 461 3477 terribiles,
490 3399 597 3480 quihus
626 3401 838 3484 obstupuerunt
857 3422 969 3482 semper
998 3405 1156 3482 mortales,
1178 3410 1312 3491 explieat,

81 3516 109 3560 at
126 3499 335 3582 philosophus,
356 3500 404 3558 cui
425 3520 470 3557 res
486 3498 555 3559 item
574 3499 695 3559 morales
714 3521 746 3560 ac
766 3499 887 3560 divinae
901 3499 1099 3580 explorandae
1120 3519 1194 3565 sunt
1204 3551 1213 3581 ,
1229 3508 1254 3566 si
1269 3507 1314 3565 ha-

81 3619 144 3656 rum
166 3600 235 3657 item
256 3598 386 3657 omnium
407 3618 520 3657 caussas
540 3620 573 3657 ae
595 3599 797 3657 remotissimas
817 3592 909 3672 adeo,
930 3599 1081 3676 exquirere
1101 3601 1250 3684 uobisque
1262 3618 1313 3664 tra-

82 3696 150 3754 dere
172 3694 264 3767 velit,
285 3696 362 3754 Deu's
384 3696 438 3771 sit,
460 3697 520 3755 lere
541 3695 689 3771 dixerim,
710 3716 826 3755 necesse
846 3710 904 3770 est,
919 3694 957 3765 ,id
976 3709 1008 3753 ut
1027 3697 1175 3776 perficiat.

122 3790 203 3853 Talis
223 3791 312 3870 igitur
343 3813 409 3850 cum
427 3794 476 3852 ‘sit
507 3781 668 3868 remeatis,
703 3814 759 3871 qua
791 3793 848 3852 late
869 3807 965 3872 patet,
993 3802 1146 3871 seientia,
1169 3799 1252 3859 Plato
1270 3818 1313 3858 nos

84 3912 145 3949 earn
166 3888 317 3969 explorare
339 3903 366 3948 et
387 3892 520 3970 persequi
538 3892 643 3969 jussit,
663 3893 724 3972 ipse
745 3889 869 3949 definire
890 3891 1031 3970 nobisque
1050 3893 1190 3972 tradere,
1211 3912 1312 3959 utnon

82 3988 193 4067 potuit,
215 3988 255 4046 ita
277 3987 382 4048 noluit.
424 3987 574 4070 Sapientia
595 3988 707 4048 scilicet
737 3989 799 4068 ipsa
820 4003 880 4064 est,
911 4010 983 4067 quae
1008 3991 1088 4050 Deo:
1109 4014 1176 4054 non
1197 3995 1313 4056 studium

82 4085 256 4166 sapientiae,
280 4106 339 4144 non
360 4084 563 4167 philosophia,
592 4106 664 4164 quae
695 4084 808 4144 homini
839 4087 988 4149 convenit.
1031 4087 1089 4147 Hle
1108 4105 1210 4153 autem
1227 4107 1312 4153 atten-

80 4223 336 4232 ——-—-----—

79 4377 101 4427 H
114 4295 145 4430 l}
162 4295 219 4345 vid.
238 4292 315 4360 Diog.
336 4293 421 4345 laert.
439 4292 493 4347 Vll.
511 4293 554 4346 46.
573 4294 645 4347 Sext.
664 4295 738 4362 Emp.
757 4298 813 4348 ade.
831 4296 933 4363 bops'cee
947 4295 966 4348 1.
984 4295 1050 4360 152,
1077 4295 1136 4352 227.
1160 4301 1217 4355 Cic.
1234 4301 1305 4353 Arei.
