2796 5048
677 226 738 286 ¹:55

83 380 197 457 babet,
225 402 283 461 quo
309 397 436 442 mentem
464 384 605 444 continuo
625 399 751 445 nostram
771 384 922 461 advertat,
953 409 1007 446 nec
1032 389 1113 449 omui
1131 401 1174 449 est
1189 409 1279 464 sane,
1297 391 1323 450 si

81 480 179 543 vitam
198 478 350 538 hominum
370 468 518 559 moresque
535 480 730 566 attendimus,
750 484 1010 545 verisimilitudine
1027 484 1210 547 destitutum.
1251 488 1323 546 Nam

66 588 200 659 'nutum
218 576 316 652 abest,
337 590 369 636 ut
387 597 457 636 suus
475 577 617 638 habeatur
630 581 761 657 justitiae
781 580 892 655 honos,
912 595 943 640 ut
963 583 1085 661 injusti,
1105 585 1156 661 qui
1177 585 1243 642 item
1265 585 1323 645 cal·
1383 603 1387 609 ·

79 672 141 735 lidi
170 675 248 748 sint,
279 673 313 732 in
340 674 454 733 coelum
476 676 607 735 ferantur
627 677 782 753 laudibus,
806 693 1030 738 contemnantur
1050 700 1118 740 vero
1133 682 1206 757 justi
1228 703 1261 741 ac
1280 683 1324 741 ri·-

79 770 221 832 deantur.
263 771 302 831 Et
318 793 388 833 vero
405 772 485 831 nihil
504 773 639 834 accidere
656 776 690 834 in
709 777 770 839 rita
790 774 919 837 crebrius
936 775 1089 850 videmus,
1118 798 1204 856 quam
1224 793 1257 837 ut
1273 779 1324 837 in·

73 870 171 950 justis
190 870 285 945 hene,
312 871 398 947 justis
418 870 493 930 male
509 872 557 931 sit.
600 872 727 949 Verum,
756 886 806 949 ut,
828 874 943 954 cognite
959 874 1076 948 caussa,
1102 895 1162 957 rem
1179 874 1323 954 dijudice-
1370 923 1373 931 .

76 988 149 1027 nus
176 979 271 1041 recte,
301 969 395 1048 ipsum
414 967 566 1027 audiamus
585 969 853 1051 Thrasymachum,
883 972 917 1031 in
935 971 1055 1031 Politia
1073 970 1203 1031 Platonis
1222 986 1251 1032 et
1269 973 1324 1032 ista

77 1080 113 1127 ot
131 1065 192 1125 alia
212 1064 321 1145 placita
339 1065 574 1145 profundentem.

75 1206 80 1217 .
123 1163 163 1222 In
191 1161 306 1242 dialogo
327 1162 435 1237 hoece,
463 1184 549 1242 quem
567 1163 604 1224 de
623 1164 678 1224 hoc
700 1168 762 1247 ipso
781 1180 967 1247 argumento,
988 1164 1025 1225 de
1040 1167 1155 1244 justitia
1174 1180 1203 1225 et
1220 1166 1320 1225 felici-

61 1273 162 1353 tate,
190 1259 381 1341 philosophus
401 1261 534 1341 scripsit,
565 1276 597 1321 ut
624 1277 828 1325 convenerunt
853 1265 886 1321 in
905 1262 1027 1344 Cephali
1048 1265 1125 1325 senis
1141 1263 1247 1338 aedes,
1266 1265 1318 1342 qui

76 1359 118 1419 im
148 1357 249 1416 Piraeo
276 1356 445 1433 habitabat,
471 1379 536 1417 cum
564 1361 615 1419 alii
635 1361 737 1436 multi,
757 1376 819 1420 tum
839 1360 969 1420 Socrates
985 1374 1016 1420 et
1033 1360 1165 1436 Glauco,
1186 1362 1321 1420 oriuntur

76 1456 230 1517 continuo
247 1453 285 1514 de
301 1457 382 1533 justo
400 1469 430 1515 et
448 1455 485 1515 de
500 1459 615 1534 justitia
638 1479 799 1533 sermones,
829 1458 988 1536 inquibus
1003 1459 1130 1539 primum
1150 1458 1322 1538 Thrasyma-

74 1552 176 1629 etrus,
202 1567 265 1612 tum
293 1554 354 1634 ipse
383 1573 450 1612 eum
468 1554 619 1614 Glaucone
639 1570 668 1618 et
684 1555 842 1615 Adimanto
859 1555 990 1616 Socrates
1008 1569 1103 1636 partes
1121 1554 1242 1617 dicendi
1259 1574 1323 1615 ma-

75 1652 164 1711 xime
183 1649 280 1715 habet.
322 1652 395 1710 Nam
414 1661 596 1731 posteaquam
615 1674 679 1714 cnm
697 1652 876 1728 Simonidis,
905 1668 971 1713 tum·
984 1653 1107 1713 aliorum
1128 1655 1161 1713 in
1176 1653 1323 1732 justitiam

75 1748 166 1813 dieu
185 1748 409 1829 interrogando,
431 1763 463 1808 ut
481 1751 611 1824 solebat,
632 1751 798 1832 exploravit
816 1750 966 1824 Socrates,
984 1749 1219 1830 Thrasymachus
1239 1749 1321 1808 hunc

76 1837 246 1927 derepente
269 1861 298 1906 et
315 1847 379 1921 ira,
408 1860 441 1905 ut
460 1848 638 1928 apparebat,
663 1849 877 1909 excandescens
898 1847 987 1927 plane
1007 1848 1194 1928 aggreditur:
1216 1846 1321 1906 nulll-

76 1965 142 2025 que
163 1957 292 2006 retentus
311 1944 508 2019 verecundie,
526 1947 599 2023 quid
619 1948 725 2015 sentiat
745 1946 781 2004 de
797 1945 933 2023 justitia,
955 1945 1048 2004 libere
1068 1959 1096 2004 et
1114 1945 1210 2026 palam
1229 1944 1320 2023 profi-

75 2055 172 2109 tetur.
202 2043 378 2107 Exclamant
400 2043 489 2126 igitur
508 2045 649 2103 continuo
672 2064 765 2122 oquae
786 2063 852 2117 vos,
869 2042 1045 2117 oSoerates,
1065 2043 1182 2121 inquit,
1203 2041 1319 2100 demen-

74 2141 124 2205 tia
141 2153 235 2216 tenet,
253 2140 389 2202 cedentes
399 2140 483 2206 vobis
494 2141 642 2201 invicem?
671 2141 783 2217 Quodsi
798 2162 833 2224 *re
851 2162 918 2202 vera
935 2161 1018 2199 nosse
1031 2141 1115 2220 cupis
1127 2141 1237 2217 justum
1246 2139 1320 2216 quid

75 2224 138 2312 sit,
159 2259 197 2298 ue
217 2239 360 2319 interroga
379 2240 472 2300 solum
491 2259 565 2300 neve
587 2241 704 2302 vincere
722 2240 894 2318 concupisce
905 2236 1155 2319 reprehendendo,
1171 2250 1319 2316 postquam

75 2335 139 2397 tibi
157 2357 328 2416 responsum
347 2338 438 2397 fuerit
449 2356 491 2380 ·-
500 2337 533 2398 id
551 2337 663 2396 scilicet
682 2350 794 2411 tenens,
810 2335 928 2395 facilius
948 2355 1007 2395 esse
1025 2335 1213 2414 interrogare,
1232 2353 1319 2411 quam

75 2433 303 2514 respondere..
322 2433 373 2495 sed
389 2447 421 2494 tu
440 2436 502 2515 ipse
521 2432 664 2514 responde
684 2454 717 2491 ac
738 2433 802 2508 die,
821 2454 941 2512 quaeso,
960 2432 1033 2511 quid
1053 2453 1112 2491 esse
1119 2434 1131 2509 j
1138 2446 1232 2490 ustum
1244 2432 1317 2489 exis-

75 2531 187 2591 times:
208 2551 264 2590 nec
284 2552 354 2593 vero
369 2532 442 2592 mihi
463 2531 562 2605 dicas,
580 2551 639 2590 esse
656 2529 735 2589 illud
755 2533 833 2608 quod
852 2540 981 2607 oporte,
1000 2529 1048 2592 vel
1061 2531 1139 2607 quod
1159 2531 1236 2609 utile
1254 2539 1319 2601 art,

75 2627 131 2690 vel
148 2631 226 2706 quod
242 2637 399 2706 conuenit,
416 2629 463 2688 vel
476 2630 554 2708 quod
573 2629 694 2686 luorum
712 2627 824 2706 offert,
844 2627 895 2688 vel
911 2629 988 2705 quod
1002 2630 1126 2706 prodeat
1133 2648 1148 2696 ;
1165 2626 1216 2686 sed
1231 2624 1319 2706 plane

75 2730 158 2791 mihi
176 2741 364 2807 accurateque
381 2727 447 2803 dic,
475 2728 549 2807 quid
568 2747 627 2786 esse
646 2726 726 2787 illud
745 2740 848 2806 putes:
879 2746 947 2783 nam
964 2724 1044 2783 haud
1065 2724 1215 2783 admittam
1232 2724 1318 2799 eqni-

76 2828 169 2901 dem,
195 2825 246 2884 ubi
277 2825 347 2885 talia
377 2825 461 2885 nabis
490 2838 658 2905 argumenta
686 2820 899 2903 attulerisal)
929 2821 1043 2897 Quibus
1061 2820 1148 2880 dictis
1168 2820 1318 2902 perculsus

76 2925 214 2985 Socrates
233 2917 269 2962 -4
286 2944 354 2982 nam
375 2914 453 2982 ferae
472 2924 526 3002 iste
546 2924 638 2981 instar
656 2923 689 2980 in
709 2924 803 3002 ipsum
821 2914 1004 3000 caeterosque
1021 2920 1102 2998 quasi
1121 2919 1318 2997 discerpturus

75 3035 253 3105 prorueret,
274 3034 306 3080 ut
322 3021 468 3102 perterriti
488 3033 676 3102 pavescerent
694 3052 730 3064 -
748 3018 874 3079 adhaec
892 3019 981 3098 igitur
998 3017 1165 3076 tremiscens
1185 3015 1315 3074 Socrates

80 3140 129 3179 «o
151 3118 378 3199 Thrasymache,
398 3119 509 3197 inquit,
529 3136 566 3176 ne
585 3129 618 3175 tu
637 3118 677 3175 ita
696 3109 730 3174 in
740 3138 793 3176 nos
809 3118 937 3177 saevias:
958 3136 1026 3175 nam
1037 3115 1062 3173 si
1072 3115 1105 3173 in
1115 3112 1315 3192 disquireqdis

76 3214 246 3278 rationibus
273 3214 348 3297 lapsi
378 3236 495 3290 sumus,
513 3233 622 3295 egoque
641 3227 671 3272 et
690 3214 754 3288 hic,
777 3236 830 3294 pro
848 3228 926 3273 certo
943 3212 1063 3289 habeto,
1083 3212 1193 3272 invitos
1210 3228 1317 3270 errasse

77 3335 147 3379 uos.
189 3312 256 3374 Noli
277 3314 356 3374 enim
373 3314 537 3373 existimare
547 3352 560 3388 ,-
580 3312 605 3371 si
624 3332 726 3370 aurum
745 3331 962 3390 quaereremus,
989 3330 1119 3370 noanon
1139 3322 1242 3389 sponte
1262 3328 1318 3365 no-

75 3412 188 3473 bismet
214 3412 291 3492 ipsos
318 3411 352 3470 in
380 3409 584 3490 disquisitione
604 3429 733 3469 cessuros
753 3430 813 3475 esse
834 3422 863 3467 et
881 3409 1083 3468 inventionem
1105 3405 1315 3484 impedituros:

76 3529 164 3571 nuuc
188 3520 304 3583 autem,
334 3530 400 3568 cum
414 3509 558 3586 justitiam
575 3527 763 3584 quaeramus,
783 3526 843 3563 retu
861 3505 954 3563 multo
973 3523 1042 3563 auro
1063 3501 1149 3580 longe
1169 3500 1316 3580 pretiosio·

76 3627 162 3681 rem,
182 3607 281 3687 inepte
300 3605 374 3667 adeo
391 3606 470 3665 inter
490 3627 543 3666 nos
562 3603 678 3678 cedere,
699 3623 752 3662 nec
774 3602 853 3661 omui
872 3586 969 3660 studio
989 3598 1104 3672 anniti,
1126 3609 1158 3655 ut
1177 3596 1263 3676 quale
1281 3599 1318 3655 is·

76 3703 137 3766 tud
154 3705 191 3763 sit
208 3717 354 3785 appareat.
386 3703 495 3765 Verum
513 3701 653 3776 arbitror,
669 3721 688 3760 o
706 3699 807 3774 amice,
827 3697 963 3758 invenire
981 3695 1060 3755 illud
1077 3717 1148 3787 nou*
1158 3714 1316 3776 possums.

80 3800 280 3877 Quamobrem
308 3802 400 3865 nostri
413 3867 419 3878 ⁸
430 3800 560 3861 misereri
581 3820 649 3874 vos,
674 3798 785 3879 quippe
804 3797 967 3877 sapientes,
994 3793 1087 3854 multo
1105 3795 1195 3874 mque
1214 3791 1316 3866 decet,

77 3919 170 3980 quam
187 3899 283 3958 irasci.
314 3899 371 3957 Ille
392 3919 480 3973 vero,
497 3896 605 3957 auditis
625 3897 721 3971 hisce,
743 3896 777 3954 in
793 3893 953 3954 cachinnos
973 3893 1079 3951 effusus
1096 3906 1125 3952 et
1145 3890 1235 3972 plane
1246 3888 1316 3948 Sar·-

82 3996 211 4057 donium
240 3997 360 4072 ridens,
389 4018 405 4056 o
433 3995 593 4071 Hercules,
621 3996 680 4069 ait,
708 3993 780 4052 haec
808 3991 920 4052 scilicet
946 3990 1030 4050 solita
1059 4004 1101 4077 eg
1120 3988 1173 4047 illa
1192 3988 1315 4081 Socratis

80 4095 198 4155 ironia!
242 4095 384 4157 Noveram
402 4093 435 4153 id
455 4092 589 4173 equidem
609 4106 637 4151 et
656 4090 734 4150 hisce
754 4089 973 4169 praedixeram,
1005 4102 1032 4147 te
1051 4084 1168 4165 quidem
1190 4105 1249 4143 non
1270 4090 1319 4141 re'·

79 4212 275 4272 sponsurum,
303 4191 354 4252 sed
381 4211 499 4250 usurum
520 4188 615 4249 ironia
633 4209 692 4247 esse
711 4201 796 4266 atque
814 4187 911 4247 onnia
930 4185 1075 4244 facturum
1095 4182 1211 4261 potius,
1231 4202 1317 4259 quam

116 4388 145 4455 ι)
163 4391 201 4442 oe
219 4392 280 4460 aa.
298 4389 318 4440 1.
338 4388 398 4440 aas.
417 4389 445 4441 c.
461 4389 492 4440 u.
989 4424 993 4433 .
1046 4424 1107 4537 ο
