2774 5048
491 268 505 295 ὰ

88 433 162 493 fecta
180 444 249 492 sunt
265 428 362 512 pulcri
382 426 515 507 exempla
526 472 535 501 ,
557 397 607 484 sed
628 424 705 484 hanc
714 425 751 483 ob
762 444 900 496 caussam,
920 421 999 500 quod
1021 430 1150 500 specim
1170 424 1311 501 pulcritu-

87 534 169 591 dinis
189 536 331 589 animiam
342 528 494 604 quandam
514 533 637 583 intuens
657 531 690 581 in
710 544 801 600 eaque
824 523 959 599 defiens,
978 522 1019 579 ad
1034 522 1125 578 illiue
1144 523 1312 580 similitudi·

86 653 154 688 nem
168 639 266 687 artem
283 636 314 685 et
332 645 456 682 manum
474 625 636 704 dirigebat.
657 620 693 680 Id
713 620 817 680 melius
837 621 955 694 Cicero,
981 621 1065 697 cujus
1083 618 1157 678 haec
1176 633 1243 679 sunt
1262 639 1312 679 ver·

85 727 141 802 ba,
165 724 195 805 1)
223 744 310 803 quam
330 721 496 781 Aristoteles
515 720 675 801 perspexit.
697 716 729 798 2)
750 717 808 777 Sed
828 719 928 778 Cicero
947 715 1060 776 scilicet
1081 738 1144 776 non
1173 717 1313 777 scientiam

85 845 248 884 caussarum
267 821 412 895 hahebat,
433 840 519 899 quam
539 831 671 877 tueretur
691 837 723 875 ae
745 815 958 876 commendaret
977 814 1074 876 unice.

124 921 291 1000 Intelligere
310 918 380 977 hinc
401 937 534 998 magnam
552 929 663 996 partem
681 915 750 973 licet
771 914 936 975 Platonicae
958 910 1110 972 doctrinae
1131 926 1160 972 et
1189 913 1313 973 Aristote-

86 1020 160 1079 licae
178 1017 335 1078 discrimen
346 1039 355 1091 3
378 1012 429 1074 sed
439 1060 448 1090 ,
469 1037 526 1094 quo
545 1014 633 1094 magis
651 1012 847 1094 comparando
868 1014 960 1093 ipsius
989 1031 1175 1090 assequamur
1197 1009 1313 1070 Platonis

85 1117 123 1177 de
142 1115 253 1175 mundo
273 1110 372 1198 νοητῷ
391 1111 484 1192 deque
515 1113 589 1172 ideis
612 1113 806 1184 sententiam,
836 1110 890 1170 hoc
919 1106 1216 1170 animadvertendum
1243 1108 1312 1168 dein·

84 1235 152 1297 ceps
170 1230 221 1276 est.
262 1213 408 1274 Mundum
435 1209 662 1293 adspectahilem
692 1209 754 1270 sive
781 1209 935 1290 physicum
966 1205 1137 1268 Aristoteles
1165 1206 1198 1265 in
1219 1200 1312 1286 roqrir

82 1313 227 1373 mundum
244 1312 403 1374 transtulit.
447 1309 531 1371 Plato
550 1321 650 1368 contra
670 1307 702 1366 in
718 1307 798 1366 hunc
818 1306 950 1367 traduxit
977 1303 1207 1387 philosophum,
1237 1323 1266 1368 nt
1282 1307 1310 1367 de

83 1411 170 1471 rebus
190 1410 436 1492 adspectabilihus
455 1421 483 1467 et
501 1406 631 1487 physicis
652 1419 728 1464 recte
742 1403 898 1482 judicaret.
940 1407 1013 1464 Nam
1040 1423 1220 1483 persequens
1247 1405 1309 1464 hris-

82 1506 184 1568 toteles
194 1554 203 1584 ,
224 1505 302 1588 quod
321 1507 531 1567 inchoaverant
551 1503 644 1563 lonici
654 1549 663 1578 ,
684 1503 771 1561 rebus
789 1503 947 1585 exploratis
965 1501 1116 1583 physicis,
1145 1497 1184 1558 ad
1202 1521 1235 1561 ea
1253 1523 1309 1583 pro·

83 1606 186 1682 cessit,
207 1627 281 1686 quae
300 1626 386 1686 supra
404 1615 555 1677 naturam,
581 1593 657 1680 baio
681 1594 721 1661 rei
742 1591 852 1682 pvorutl
875 1614 977 1661 essent.
1019 1597 1108 1659 Unde
1139 1619 1201 1658 non
1227 1599 1309 1682 inepte

83 1698 203 1781 ejusde
224 1703 345 1764 scientia
365 1724 473 1762 summa
492 1724 563 1784 opus
589 1705 740 1763 continere
769 1704 881 1763 dicitur
899 1689 939 1760 toi
962 1690 1038 1778 persi
1057 1689 1095 1757 roi
1120 1690 1249 1777 φυσικὰ·
1275 1698 1309 1779 ip·

83 1823 146 1860 sum
165 1801 235 1862 inde
254 1822 359 1861 nomen
379 1802 533 1876 scientiae,
554 1803 780 1880 metaphysica,
802 1817 897 1862 ortum
917 1815 968 1860 est.
1011 1801 1132 1878 ltaque,
1155 1800 1200 1859 uti
1229 1800 1260 1857 in
1275 1817 1308 1855 re·

83 1898 138 1959 hus
156 1900 305 1980 physicis,
327 1900 366 1959 ita
386 1900 418 1959 in
439 1900 501 1982 ipso
521 1897 621 1991 νοητῷ
641 1899 752 1959 mundo
770 1922 830 1960 non
852 1901 909 1960 nisi
932 1920 1057 1959 caussas
1077 1896 1193 1956 studuit
1219 1894 1307 1974 exqui-

83 2019 154 2058 rere.
198 1998 326 2057 Platonis
344 2018 413 2058 vero
434 2000 578 2059 contraria
600 2001 658 2059 init
679 2000 712 2058 in
737 1997 972 2080 philosophando
991 1997 1049 2057 via.
1092 1995 1204 2075 Nempe
1230 1994 1260 2052 in
1282 2012 1306 2051 ea

82 2116 246 2176 progressus
266 2110 328 2170 est,
349 2098 580 2177 quamprimum
603 2109 754 2180 aperuerat
781 2096 929 2172 Socrates,
950 2110 1001 2171 ut,
1032 2093 1130 2153 missis
1147 2090 1305 2152 sublimibus

84 2194 147 2252 istis
166 2193 330 2252 lonicorum
355 2192 628 2273 disquisitionibus,
651 2194 791 2274 aquibus
811 2192 934 2253 difficile
962 2193 1070 2273 aliquis
1087 2189 1128 2267 ad
1148 2211 1178 2250 se
1198 2189 1305 2259 rediret,

84 2304 206 2348 asemet
225 2291 307 2371 ipso,
328 2289 365 2347 ab
382 2288 508 2351 hominis
527 2294 624 2353 animo
643 2291 846 2373 philosophiae
874 2289 994 2351 duceret
1023 2290 1164 2365 initium,
1196 2285 1303 2365 indeque

82 2387 120 2447 ad
149 2408 245 2446 rerum
275 2401 408 2447 naturam
435 2403 463 2447 et
488 2392 592 2450 mundi
617 2390 815 2465 conditorem,
844 2391 956 2465 Deum,
987 2387 1168 2447 escenderet.
1211 2384 1302 2444 lonicus

82 2485 168 2560 illos,
190 2486 342 2567 ipsumque
359 2488 558 2569 Anaxagoram
579 2490 736 2571 respiciens
764 2489 883 2565 Cicero,
905 2487 941 2548 de
970 2486 1085 2546 Socrate
1116 2482 1216 2560 dixit,
1241 2480 1300 2542 hun

81 2584 188 2659 fnisse,
218 2585 269 2665 qui
290 2606 304 2644 e
326 2585 412 2645 coelo.
429 2584 583 2647 devocaret
610 2586 834 2669 philosophiam.
877 2585 924 2645 Sic
953 2585 1030 2645 enim
1057 2581 1112 2642 ille
1139 2581 1300 2642 nobilissimo
1339 2568 1341 2587 '

81 2683 145 2742 loco
164 2683 196 2741 in
215 2682 389 2742 Tusculanis
409 2685 645 2762 quaestionibus:
668 2687 704 2742 ab
725 2691 855 2762 antiqua
873 2678 1061 2761 philosophia
1079 2669 1235 2760 aequiori
1259 2676 1298 2736 Sa-

79 2791 196 2839 cratem
207 2828 215 2857 ,
238 2789 291 2861 qui
311 2781 519 2857 Archelaum,
541 2782 747 2863 Anaxagorae
767 2762 970 2860 discipulum,
1000 2770 1168 2854 audierat,
1200 2779 1298 2837 numeri

80 2889 234 2957 motusque
261 2881 481 2937 tractabantur
509 2891 539 2938 et
568 2883 646 2939 unde
675 2889 775 2939 omnia
797 2876 978 2954 orirentur,
1010 2900 1102 2959 quoae
1130 2878 1296 2935 reciderent:

80 2978 267 3055 studioseque
286 2979 321 3035 ab
340 2978 389 3035 hir
408 2979 543 3037 siderum
565 2982 813 3060 magnitudines,
835 2979 1020 3053 interualla,
1041 2998 1155 3035 currus
1175 2981 1296 3054 anquire-

79 3079 193 3132 bantur
211 3086 241 3133 et
258 3086 369 3133 cuncta
390 3078 537 3137 coelestia.
583 3078 723 3138 Socrates
743 3055 846 3136 autem
865 3085 990 3156 primus
1016 3075 1240 3153 philosophiam
1260 3071 1295 3127 dr

80 3180 228 3231 vocavite
248 3175 323 3232 coelo
344 3181 425 3231 etin
446 3177 570 3233 urbibus
594 3178 750 3235 collocarit
772 3185 802 3233 et
829 3185 863 3234 in
888 3178 986 3235 domos
1016 3180 1112 3231 etiam
1143 3174 1295 3232 introdusit

80 3281 110 3328 et
130 3280 227 3352 coligit
246 3274 280 3330 de
301 3280 365 3329 vita
384 3282 414 3330 et
435 3276 566 3332 moribus
586 3278 731 3352 rebusque
752 3276 834 3333 bonis
856 3284 886 3331 et
904 3275 994 3331 malis
1011 3292 1170 3351 quaerere.
1193 3264 1224 3350 3)
1242 3267 1294 3328 Fan·

4 3396 6 3401 ·
80 3368 148 3427 dem
168 3370 340 3430 sententiam
360 3370 459 3430 Cicero
481 3370 585 3431 iisdem
603 3370 812 3452 propemodum
831 3371 928 3433 verbis
949 3370 1062 3451 saepius
1082 3360 1251 3449 usurpavit,
1274 3373 1295 3418 ¹1¹

77 3468 109 3525 in
130 3465 326 3526 Academicis:
351 3468 497 3528 Socrates
518 3471 594 3527 mihi
616 3472 755 3546 videtur,
785 3473 818 3528 td
845 3471 921 3548 quod
939 3478 1060 3528 constat
1086 3474 1176 3527 inter
1203 3481 1294 3529 omnen

77 3572 237 3638 primurn
258 3569 346 3626 rebus
364 3570 490 3627 occultis
508 3578 538 3626 et
557 3571 593 3627 ab
614 3578 680 3648 ipsa
701 3578 817 3627 natura
836 3568 1000 3643 involutis,
1027 3574 1061 3625 in
1083 3569 1195 3646 quibus
1221 3577 1294 3624 amnti

81 3671 152 3719 ante
172 3684 239 3722 cum
253 3666 423 3744 philosophi
443 3660 754 3745 occsapati'suerunt,
781 3674 949 3726 avocavisse
972 3663 1200 3744 philosophiam
1223 3654 1294 3720 atei

114 3956 229 4021 llilrat.
249 3958 660 4030 occubatoccubat).
1286 4016 1291 4038 ,

112 4046 139 4111 2)
158 4048 228 4100 Vidit
243 4052 348 4118 quidem
361 4051 539 4117 Aristoteles,
558 4064 682 4124 recteque
699 4037 779 4120 dixti,
798 4041 873 4108 natal
904 4040 1030 4124 μέθεξιν
1055 4038 1131 4107 εἶναι
1162 4040 1200 4107 roi
1223 4041 1292 4102 nulli

77 4138 139 4200 τῶν
160 4134 343 4220 συνωνύμων
359 4135 509 4224 ὁμώνυμα
529 4143 835 4227 consideratiorem.
859 4158 877 4208 l.
900 4175 926 4225 p.
952 4157 993 4209 16.
1017 4157 1081 4211 Sed·
1095 4157 1181 4208 haesit
1204 4154 1252 4205 iere
1271 4148 1288 4195 it

77 4250 166 4300 hisce:
189 4267 243 4303 non
263 4252 377 4317 formas,
402 4270 457 4307 non
478 4255 613 4324 exempla,
635 4272 690 4310 non
706 4244 951 4333 παραδείγματα,
977 4271 1046 4324 quae
1070 4270 1121 4310 nos
1142 4254 1286 4308 inimemor,

77 4344 142 4395 ideis
159 4347 295 4398 intellexit.

110 4428 136 4480 3l
159 4431 228 4482 Tusa.
241 4433 269 4494 Q.
288 4433 317 4482 V.
336 4435 360 4484 l.
