2796 5048
705 229 745 290 70

111 409 139 455 et
158 372 302 453 Phaedrus
322 391 403 451 hicce
412 437 421 467 ,
441 392 547 451 amanti
566 411 626 452 non
645 412 704 450 esse
717 390 952 472 gratificandum,
973 390 1023 451 sed
1038 393 1084 465 ei,
1104 393 1154 471 qui
1172 412 1235 452 non
1249 408 1338 455 amet:
1377 446 1382 452 .

111 493 189 552 hunc
206 491 283 550 enim
302 510 361 549 esse
380 503 601 572 temperantem,
630 489 714 548 illum
733 491 831 549 lurore
850 490 969 570 agitari:
997 491 1079 569 quasi
1107 489 1220 550 scilicet
1247 494 1363 555 omnis<

112 591 191 649 furor
207 587 371 669 culpandus
384 603 473 647 esset:
494 590 551 653 im'o
570 611 638 651 vero
655 580 693 646 eri
708 582 831 667 μέγιστα
844 586 906 649 τῶν
920 581 1047 668 ἅγαθαῖν
1063 581 1137 669 η’μΐν
1150 585 1279 669 γίγνεται
1294 582 1343 651 δαί

112 684 230 767 μανίας,
256 683 328 770 θείᾳ
352 680 451 764 μέντοι
473 673 554 748 δόσει
577 684 749 772 διδομένης·
771 693 910 750 bonorum
928 698 1062 749 αιααίαια
1080 693 1343 771 obtingentem&

107 792 338 870 perjurorum,
366 791 466 848 divino
495 793 613 868 quidam
638 786 763 851 ιιιίιτιιττ
791 793 905 849 datum.
947 789 1019 848 Nam
1047 809 1121 868 quae
1149 789 1275 871 Delphis
1302 804 1342 850 est

112 889 233 970 Pythia,
253 907 379 966 quaeque
398 887 534 947 Dodonae
553 903 620 947 sunt
638 890 813 963 sacerdotes,
835 888 931 946 furore
950 887 1079 966 agitatae*
1090 886 1181 946 multa
1206 900 1237 947 et
1255 908 1342 970 prae-

113 988 190 1048 clara
208 985 343 1066 privatim
361 985 534 1065 publiceque
549 987 582 1045 in
597 987 745 1047 Graeciam
759 986 947 1046 contulerunt
961 984 1104 1043 beneficia
1112 1009 1121 1061 ;
1149 987 1265 1069 mentis¹
1275 1007 1342 1048 vcro

112 1098 271 1167 compotes,
297 1083 400 1161 exigua
426 1082 474 1142 rel
497 1083 589 1144 nulla.
631 1084 741 1160 Quodsi
768 1097 957 1144 memorantes
978 1082 1121 1163 Sibyllam
1140 1096 1169 1142 et
1184 1098 1342 1165 quotquot,

113 1184 256 1245 divinitus
280 1180 384 1254 afflati,
414 1181 595 1240 vaticinandi
613 1171 684 1243 'arte
712 1180 869 1258 usi‘sunt,
892 1200 1057 1241 enumerare
1086 1181 1229 1257 velimus,
1258 1202 1343 1262 quam

105 1281 210 1342 multis
238 1278 385 1341 uerissime
413 1277 450 1337 de
470 1277 556 1338 rebus
572 1280 678 1340 futuris
696 1279 914 1363 praedixerint,
940 1292 969 1338 et
990 1279 1108 1359 longum
1130 1281 1344 1341 institueremus

111 1399 269 1441 sermonem
287 1390 314 1435 et
333 1373 411 1434 illud
428 1374 606 1453 diceremus,
625 1379 703 1458 quod
732 1378 866 1439 omnibus
888 1390 975 1459 patet.
1017 1378 1100 1436 Hanc
1127 1391 1217 1438 artem
1244 1380 1343 1440 vatici·

112 1478 205 1563 nandi
224 1490 333 1538 ueteres
351 1467 474 1554 μαναιήν
493 1475 650 1552 dixerunt,
671 1499 730 1537 non
750 1470 905 1558 μαντικήν,
920 1497 993 1554 quae
1011 1477 1202 1535 recentiorum
1222 1490 1265 1537 est
1281 1498 1343 1559 per·

115 1577 250 1651 versitas,
271 1571 378 1652 μανίαν
397 1577 504 1656 quippe
524 1574 737 1654 significantes,
758 1601 814 1659 qua
833 1580 919 1638 unice
942 1573 1100 1656 perficitur.
1135 1573 1220 1656 l)1n
1241 1576 1344 1638 avibus

114 1674 302 1737 observandis
324 1676 450 1735 humana
468 1673 615 1752 quaeritur
633 1676 766 1756 cogitatio
776 1724 784 1753 ,
804 1674 1018 1758 intelligentia,
1039 1672 1219 1751 disquisitio,
1240 1670 1344 1757 οἴησις,

113 1773 194 1848 νοῦς,
210 1769 336 1856 ἱστορία,
352 1775 430 1834 unde
445 1764 625 1852 οἰονοὶστική,
640 1796 713 1854 qnae
731 1775 818 1835 hodie
837 1790 958 1837 vocatur
980 1764 1152 1852 οἰωνιστικη.
1163 1772 1195 1855 2)
1216 1775 1275 1837 Sed
1293 1778 1345 1837 hac

113 1890 173 1935 arte
191 1890 298 1955 quanto
314 1875 367 1934 illa
382 1874 509 1934 nobilior
524 1888 565 1932 cst
580 1889 608 1932 ct
621 1873 738 1933 nomine
756 1889 784 1933 et
793 1895 843 1949 re,
862 1873 1108 1954 tantosprudcntil
1123 1874 1345 1957 humanlprae-

93 2027 95 2030 a
113 1973 245 2034 stabilior
262 1975 342 2032 furor
360 1987 418 2047 est,
438 1974 488 2051 qui
507 1971 651 2033 divinitus
667 1972 827 2030 excitatur:
848 1971 927 2051 quod
941 1973 997 2051 ipsi
1015 1972 1109 2030 testati
1128 1987 1197 2031 sunt
1216 1975 1370 2063 antiqui„

114 2086 146 2132 ut
164 2094 179 2131 e
198 2072 363 2132 nominibus
380 2070 565 2150 intelligitur.
606 2070 670 2129 Jam
688 2090 756 2128 vero
774 2068 1040 2148 ingravescentibus
1059 2069 1165 2128 morbis
1183 2084 1212 2130 et
1232 2073 1346 2132 calami·

113 2171 237 2246 tatibus,
257 2168 342 2229 furor
355 2190 415 2228 non
430 2169 574 2227 neminem
592 2180 712 2246 occupat
723 2180 734 2241 ,'
746 2180 775 2224 et
784 2212 793 2240 ,
809 2187 865 2245 quo
884 2165 945 2225 illis
963 2179 1048 2247 pacto
1066 2166 1183 2226 liberari
1202 2185 1347 2250 oporteat,

113 2270 303 2342 vaticinatus,
319 2266 477 2325 remedium
501 2285 598 2323 eorum
618 2265 742 2326 invenit.
783 2266 963 2345 confugiunt
982 2264 1028 2324 illi
1048 2264 1085 2324 ad
1103 2266 1229 2326 Deorum
1248 2284 1348 2350 preces

77 2398 82 2421 ι
115 2381 143 2427 et
155 2365 288 2424 cultum:
310 2364 389 2422 unde
403 2363 580 2444 expiationes
594 2362 826 2442 initiationesque
841 2364 1003 2438 consecuti,
1022 2364 1127 2443 integri
1144 2366 1271 2444 purique
1285 2366 1348 2426 red·

114 2464 225 2524 duntur
244 2464 281 2523 ad
303 2483 436 2543 praesens
458 2474 571 2543 tempus
595 2475 623 2520 et
642 2461 789 2537 futurum,
809 2482 861 2543 per
884 2475 993 2520 rectum
1012 2461 1091 2519 hunc
1118 2461 1246 2521 furorem
1264 2484 1349 2545 prae·

114 2564 238 2622 sentium
255 2556 469 2621 malorumisibi
490 2559 690 2619 liberationem
704 2560 897 2620 invenientes.
919 2561 1063 2619 Tertiusa
1081 2559 1173 2619 Musis
1190 2574 1233 2620 est
1248 2563 1345 2639 furor,

115 2662 165 2742 qui
184 2673 315 2719 tenerum
332 2660 527 2738 intactumque
542 2659 670 2717 animum
686 2678 845 2738 occupans,
861 2659 968 2717 excitat
983 2678 1048 2717 eum
1062 2659 1193 2738 afflatque
1210 2660 1346 2722 cantibus

115 2761 249 2839 omnique
272 2759 350 2840 poesi
361 2803 369 2833 ,
390 2772 474 2837 atque
495 2758 647 2817 innumera
670 2756 819 2815 celebrans
842 2758 1026 2835 antiquorum
1046 2758 1194 2833 facinora,
1218 2774 1347 2839 posteros

113 2859 249 2919 instituit.
275 2859 446 2936 Quicunque
465 2875 534 2915 vero
551 2856 613 2914 sine
632 2855 779 2915 Musarum
802 2854 898 2912 furore
916 2856 1041 2935 poeticas
1060 2857 1135 2915 fores
1152 2856 1232 2933 adit,
1253 2839 1347 2918 confi-

115 2955 187 3015 dens
196 3001 205 3031 ,
224 2969 283 3014 arte
301 2974 330 3014 se
349 2953 472 3032 quadam
488 2959 600 3034 poetam
619 2973 678 3011 esse
697 2972 868 3025 erasurum,
895 2972 949 3009 nec
969 2938 1030 3012 voti
1048 2954 1100 3013 ille
1118 2976 1232 3037 compos
1253 2957 1305 3019 fiet
1321 2971 1348 3017 et

112 3055 261 3115 evanescit
284 3055 344 3134 ipse
369 3072 435 3110 cum
458 3049 596 3131 prudenti
625 3071 674 3108 sua
702 3050 779 3129 poesi
807 3069 875 3129 prae
902 3048 1021 3108 illorum
1046 3053 1143 3132 poesi,
1165 3055 1215 3133 qui
1244 3055 1346 3117 divino

115 3153 246 3212 afflantur
269 3150 415 3239 numipe.»
445 3146 476 3228 3)
501 3148 537 3207 Et
553 3149 616 3206 ‘hoc
642 3146 759 3226 quidem
783 3148 920 3206 orationis
950 3168 1045 3207 cursu*
1063 3163 1091 3208 et
1116 3153 1198 3229 quasi
1227 3147 1345 3215 flumine

116 3250 247 3333 procedit
272 3249 409 3329 deinceps
428 3246 556 3305 Socrates
584 3244 623 3304 ad
649 3245 792 3319 furorem,
820 3246 870 3323 qui
887 3246 976 3305 amori
1002 3247 1095 3322 inest,
1121 3242 1342 3333 contenditqne,

118 3343 160 3422 ὥς
184 3341 230 3408 a’n'
257 3341 381 3430 εὐτυχίη
400 3341 574 3430 τῇμεγίστη
596 3337 678 3424 παρα
694 3341 776 3403 θεῶν
796 3335 818 3424 ἡ
838 3337 958 3426 τοιαύτη
980 3344 1072 3423 μανία
1084 3344 1215 3407 δίδοται·
1237 3352 1341 3429 liujus·

152 3596 177 3663 1)
196 3597 284 3650 Obiter
306 3595 347 3647 hie
374 3594 475 3645 Platoni
494 3592 672 3656 restituamus,
692 3590 775 3694 quod
784 3591 913 3644 excidisse
934 3593 1053 3685 videtur,
1076 3608 1110 3646 το
1133 3609 1158 3647 κ.
1180 3595 1339 3696 bependumt

119 3676 155 3744 οιί
172 3705 227 3763 γαρ
250 3676 285 3742 τίν
305 3674 360 3763 την
379 3674 534 3758 καλλίστην
553 3665 717 3758 τέχνην,7
697 3700 717 3762 η
736 3699 771 3736 το
794 3672 900 3756 μέλλον
920 3656 1064 3760 κρίνέται,
1086 3703 1158 3740 αυτο
1174 3681 1263 3743 τοῦτο
1278 3672 1341 3742 τοί·

116 3809 206 3863 νομα,
226 3807 266 3845 το
293 3785 327 3845 Κ
345 3775 546 3860 ἐμπλέκοντες,
569 3802 723 3862 μανικην
745 3773 932 3840 ἒκιίλισαν.-
957 3789 1013 3839 Non
1027 3791 1090 3839 enim
1101 3790 1279 3859 pulcarem
1300 3807 1348 3841 ar

114 3905 161 3946 tem
174 3927 206 3935 -
221 3895 266 3944 boc
275 3895 329 3961 ipso
348 3895 443 3944 nomine
464 3877 608 3963 (μανίας),
630 3892 724 3943 inserto
746 3883 792 3956 Κ,
813 3877 938 3963 μανικήν
958 3912 1095 3954 vocassent,

150 3983 175 4050 2)
193 3986 273 4037 Recte
292 3985 330 4036 sic
343 3984 429 4035 locum
441 3971 554 4036 servavit
567 3993 593 4035 et
603 3985 724 4051 explicuit
735 3988 850 4037 Hermiae
862 3986 967 4038 scholiis
980 3986 1012 4036 ad
1028 3984 1051 4035 h.
1065 3984 1083 4032 l.
1104 3983 1161 4034 Vid.
1177 3983 1231 4034 Ast.
1243 3985 1277 4036 ad
1293 3985 1316 4036 h.
1327 3981 1368 4033 l·

149 4068 175 4135 3)
194 4072 300 4121 Piaedr.
327 4068 384 4119 242.
405 4069 434 4119 Β.
455 4101 487 4110 -
505 4068 563 4120 245.
588 4069 618 4120 Α.
647 4069 705 4121 265.
729 4071 758 4122 Β.
783 4071 821 4122 Cf.
841 4071 915 4123 Plato
935 4072 993 4122 loire
1009 4088 1035 4137 p.
1056 4067 1115 4120 533.
1134 4069 1164 4119 Ε.
1185 4067 1244 4120 534.
1265 4069 1297 4120 Α.
1320 4064 1383 4120 σί

51 4180 57 4193 ·
115 4157 186 4226 Apol.
199 4159 225 4208 S.
240 4155 272 4206 22
288 4155 317 4205 Β.
331 4154 370 4204 Ex
390 4153 530 4205 Democriti
545 4154 645 4221 placitis
661 4157 805 4222 profecisse
820 4156 966 4219 Platonem,
980 4154 1150 4222 probabiliter
1166 4145 1389 4209 αοὶαιατλνοτλίἶι

116 4244 235 4296 Groene'us
247 4241 406 4309 Prosopogr.
421 4240 484 4291 Plat.
494 4256 519 4307 p.
533 4239 574 4290 tt.
587 4241 702 4293 Platonis
715 4243 748 4292 de
763 4244 837 4309 poesi
848 4245 991 4294 sententiae
1003 4241 1068 4293 hanc
1082 4239 1223 4291 Democriti
1239 4234 1380 4308 apporia

117 4328 197 4381 clem.
215 4327 289 4379 Alex.
306 4327 393 4377 strom
407 4325 449 4376 v1.
463 4343 489 4395 p.
483 4325 558 4377 .82t.
584 4311 733 4424 Ποιητης·
742 4311 818 4378 de*‘'
798 4340 875 4378 ασσα
895 4315 951 4396 μὲν
971 4312 1007 4379 ι’ίν
1027 4311 1131 4402 γράφη
1151 4339 1208 4395 μετ
1235 4313 1389 4381 ἔνθουκ

65 4468 67 4475 .
117 4410 243 4491 σιασμοῦ
262 4408 310 4471 καί
331 4407 411 4492 lepori
430 4404 605 4489 πνεύματος,
627 4403 700 4470 καλοὶ
720 4400 817 4490 κάρτα
839 4405 925 4468 ἐστίν.
