2796 5048
653 232 710 290 401

374 426 414 436 -
437 385 531 471 Χρεολ
553 385 590 451 δέ
609 410 642 453 σε
662 387 760 454 πάντα
781 389 954 477 πυθέσθαι,

312 485 393 572 ἤμέν
413 486 560 573 ἀληθείης
581 488 735 570 εὐπειθέος
756 491 875 579 σίτρεκές
895 489 988 580 ἦτορ,

311 587 368 674 aidax
396 588 514 677 βρότων
535 589 643 672 (λείξας,
666 597 722 684 τῇς
743 593 798 659 ουἰι
816 593 858 659 ἔνι
878 596 974 672 πίστις
995 593 1128 682 οἷληθής·

128 778 133 787 .
312 687 386 756 οἷλλιλ
409 692 446 757 οὐ
467 692 555 778 τῆσιλ1
575 692 629 779 ἀφ’
651 691 726 760 ὁδοῦ
747 694 882 783 διζήσιος
903 694 980 783 εἶργε
1001 695 1111 783 νόημα.
1137 707 1167 787 l)

100 812 182 889 Sed,
203 813 276 893 quid
296 815 428 874 sensibus
448 815 638 876 tribuendum
661 833 743 895 esset,
762 820 834 899 quid
846 843 906 880 non
916 820 1106 881 tribuendum
1116 867 1125 898 ,
1146 822 1220 902 quid
1238 826 1297 905 opi·

56 913 133 988 nio,
154 912 228 993 quid
249 913 369 972 scientia
380 959 389 988 ,
408 913 480 992 quid
500 911 556 973 rori
579 908 665 988 ὄντος
686 918 807 979 seientia
828 933 910 1003 esset,
922 939 975 977 nec
995 920 1193 996 Parmenides,
1215 923 1301 984 arvi.

54 1010 168 1086 detur,
183 1032 236 1070 nec
258 1009 335 1069 ullus
356 1011 551 1073 Eleaticorum
570 1015 638 1075 date
656 1013 743 1097 opera
764 1029 792 1074 et
812 1014 963 1075 dialectiea
983 1007 1099 1077 >ratione
1120 1023 1299 1099 eirposuerat.

55 1102 97 1169 Id
117 1108 210 1189 igitur
230 1109 299 1168 fecit
327 1109 427 1183 Plato,
457 1126 486 1171 et
505 1134 561 1191 quo
581 1113 613 1172 id
638 1113 724 1173 modo
750 1113 870 1189 feeerit,
899 1136 965 1174 cum
984 1135 1021 1173 ex
1040 1114 1095 1174 hac
1115 1117 1177 1194 ejus
1185 1162 1194 1191 ,
1214 1138 1300 1195 quam

53 1204 287 1287 descripsimus,
304 1206 336 1264 in
354 1205 510 1269 Theaeteto
540 1211 756 1292 disputatione,
785 1223 846 1269 tum
865 1232 902 1272 ex
923 1212 977 1288 iis,
996 1235 1069 1292 quae
1087 1211 1150 1272 illic
1168 1214 1299 1295 proxime

19 1330 23 1337 ·
53 1317 299 1384 consequuntur,
322 1301 435 1363 efficere
451 1303 529 1367 licet.

281 1495 386 1575 Quid
414 1504 611 1561 sensibus
637 1503 978 1563 tribuitPloto?
1000 1508 1103 1584 quid

361 1600 639 1658 tribuendum
669 1623 754 1660 esso
785 1603 1003 1682 negavit?

68 1812 72 1819 ·
99 1791 169 1851 Non
188 1790 292 1851 leviter
310 1790 408 1868 Plato,
435 1795 508 1873 quid
539 1795 673 1855 sensibus
694 1793 867 1871 debeamus,
886 1795 959 1876 quid
979 1819 1039 1856 non
1057 1797 1228 1873 debeamus,
1247 1798 1298 1856 in·

53 1888 194 1971 quisivit.
236 1888 301 1968 Huc
321 1872 418 1951 autem
439 1893 562 1952 maxime
582 1894 644 1970 ejus
665 1894 807 1951 sententia
819 1893 913 1953 redit:
934 1892 1012 1954 affici
1032 1917 1085 1976 per
1105 1916 1151 1955 eos
1171 1895 1300 1954 animum

54 1988 150 2049 rebus
170 1987 311 2061 externis,
341 1988 468 2071 indeque
490 1993 552 2069 ejus
582 1983 755 2072 παθήματα
779 1991 920 2073 quaedam
941 1982 1096 2071 exsistere,
1125 2013 1183 2051 esse
1204 2005 1299 2051 autem

53 2086 134 2147 baec
161 2077 332 2165 παθήματα
358 2090 498 2148 ‘scientiae
535 2091 654 2169 quidem
680 2092 830 2172 expertia,
866 2106 895 2151 at
930 2093 1092 2150 'necessaria
1120 2102 1236 2163 tamen,
1267 2101 1299 2147 ut

55 2180 156 2245 mens
173 2185 210 2244 iis
229 2184 368 2248 adhibeat
397 2186 553 2269 deinceps,
582 2210 656 2268 quae
675 2191 736 2271 ipsa
756 2209 809 2270 per
828 2209 858 2248 se
876 2189 1023 2270 percepit,
1045 2190 1065 2248 i.
1088 2211 1112 2248 e.
1133 2179 1170 2246 τιλ
1193 2179 1299 2267 νοητιλ,

10 2300 17 2361 ζ
54 2275 100 2344 τοὶ
122 2273 201 2342 ὄντα.
225 2284 261 2344 Id
288 2285 483 2365 comparando
505 2285 630 2346 subinde
657 2287 805 2362 illustrat,
826 2299 858 2345 ut
880 2283 912 2345 in
933 2286 1033 2345 eodem
1052 2287 1106 2347 boc
1127 2287 1302 2363 Theaeteto,

10 2402 12 2411 '
56 2385 116 2445 ubi
146 2384 310 2465 opiniones>
325 2384 457 2461 exquirit
486 2405 569 2443 veras
599 2399 629 2444 et
657 2385 753 2445 falsas.
789 2382 876 2445 Cerae
906 2386 1019 2444 confert
1048 2387 1196 2461 animum,
1226 2405 1299 2465 quae

10 2516 13 2543 :
59 2482 190 2544 aliunde
217 2481 318 2559 signa,
342 2502 415 2559 quae
445 2482 501 2561 ipsi
528 2482 754 2562 imprimuntur,
784 2484 900 2564 accipit.
951 2483 999 2541 Sic
1020 2484 1149 2542 animum
1178 2483 1218 2541 ait
1249 2503 1302 2562 per

58 2599 165 2640 sensus
185 2598 282 2636 rerum
310 2592 495 2637 externarum
515 2580 575 2640 sive
590 2581 679 2660 signa
706 2582 767 2641 sive
797 2581 903 2640 formas
922 2581 983 2641 sive
1011 2580 1150 2659 imagines
1176 2580 1300 2659 suscipe·

58 2698 104 2737 re.
149 2673 208 2735 Sed
238 2677 413 2756 comparatio
440 2689 588 2757 tantopere
609 2679 665 2758 ipsi
688 2678 793 2736 mentis
821 2690 941 2736 naturae
962 2691 990 2734 et
1009 2675 1193 2750 conditioni,
1213 2696 1299 2754 quam

60 2776 184 2854 linguae
202 2774 334 2833 referunt
344 2819 352 2849 ,
372 2776 529 2850 convenit,
555 2788 587 2832 ut
605 2787 664 2834 tota
678 2774 732 2834 hoc
753 2774 1001 2860 locoapponenda
1017 2773 1161 2834 videatur.
1208 2773 1301 2833 «Fin-

12 2906 17 2911 ·
58 2893 98 2954 ge
128 2871 222 2947 mibi,
252 2872 293 2930 ait
320 2871 469 2946 Socrates,
492 2872 534 2931 rei
566 2871 757 2935 declarandae
798 2892 913 2947 caussa,
936 2868 967 2930 ἐν
992 2873 1057 2944 ταῖς
1073 2872 1189 2950 ψυχαῖς
1214 2865 1324 2952 ἡμῶν4

60 2964 134 3032 ἐνέν
169 2965 291 3055 κήρινον
321 2968 486 3049 ἐκμαγεῖον,
517 2970 562 3055 τῷ
591 2966 649 3049 μὲν
676 2969 793 3049 μεῖζον,
825 2970 870 3056 τῷ
901 2967 1061 3046 δ’ἐλαττον,
1094 2970 1143 3031 καὶ
1172 2975 1216 3059 τῷ
1246 2969 1304 3052 ’μὲν

60 3069 284 3157 καθαρωτέρου
317 3071 425 3154 κηροῦ,
458 3067 503 3156 τῷ
539 3067 575 3132 δὲ
609 3068 854 3155 κοπρωιλεστέρου
882 3074 932 3135 καὶ
970 3065 1185 3159 σκληροτέρου,
1217 3073 1304 3148 ἐνίοις

60 3171 102 3237 δὲ
131 3168 307 3259 υγροτέρου,
338 3167 449 3239 ἐστι,ιλ1
480 3164 524 3247 οἷς
553 3172 683 3257 μετρίως
715 3169 850 3256 ἔχοντος·
883 3185 915 3235 in
944 3187 1057 3237 animia
1082 3186 1196 3238 nostris
1217 3181 1303 3259 fingo

60 3278 202 3360 effigiem
231 3299 368 3336 oeream:
396 3285 430 3333 τίι
459 3276 510 3333 boo
550 3285 713 3353 mojorem,
742 3286 888 3337 minorem
917 3285 950 3335 ιἰι
986 3279 1058 3336 illo:
1087 3283 1121 3332 ιἰι
1140 3277 1192 3334 doc
1217 3286 1305 3354 puri·

59 3380 129 3437 oris
148 3397 249 3451 ceros,
272 3377 451 3435 sordidioris
479 3371 650 3434 doriootsoe
674 3385 708 3434 ιἰι
729 3379 782 3435 illo
792 3399 807 3446 ,·
829 3385 863 3434 in
883 3377 1061 3453 quibusdam
1079 3374 1226 3431 mollioris
1237 3405 1244 3444 ,
1262 3382 1298 3429 ιἰι

60 3468 224 3534 nonnullis
239 3483 332 3533 otiam
350 3473 490 3530 modicae.
533 3474 650 3531 Donum
670 3473 726 3532 boc
749 3475 838 3552 igitur
860 3456 919 3531 esse
940 3472 1069 3530 dieamus
1088 3469 1238 3527 Musarum
1248 3490 1303 3527 rna·

60 3572 137 3647 tris,
157 3573 382 3652 Mnemosynae,
407 3566 456 3631 καί
474 3565 509 3641 ’ἐς
535 3568 637 3643 τοῦτο,
662 3561 681 3629 δ’
706 3593 735 3630 τι
757 3565 794 3630 dv
815 3568 1017 3649 βουληθῶμεν
1037 3566 1242 3647 μνημονεῦσαι
1264 3557 1306 3628 ὧν

59 3664 102 3733 dr
123 3663 238 3748 ἴδωμεν
258 3664 280 3750 ἢ
304 3663 475 3749 οἷκοιίσωμεν
495 3663 519 3750 ἢ
539 3665 623 3730 αὐτοὶ
646 3663 846 3753 ἐννοήσωμεν,
867 3664 1031 3750 ὑπέχοντας
1056 3663 1130 3729 αὖτέ
1153 3671 1219 3744 ταῖς
1240 3669 1306 3730 αἰσ-

57 3765 178 3854 θήσεσι
199 3769 249 3833 καί
276 3766 412 3846 ἐννοίαις,
441 3766 685 3847 οἷποτυιιοῦσθαι,
714 3765 813 3856 ὥσπερ
843 3769 1007 3834 δακτυλίων
1034 3775 1144 3853 σημεῖα
1166 3769 1308 3855 ἐνσημαι-

56 3867 283 3954 refrenarunt
304 3868 320 3935 ’ὁ
342 3871 400 3952 μὲν
420 3868 458 3934 dv
480 3866 611 3960 ἐκμαρῇ,
632 3868 826 3956 μνημονεύειν
847 3898 878 3936 τε
900 3874 949 3936 καί
972 3872 1172 3951 ἐπίστασθαι,
1195 3873 1251 3948 ἕως
1272 3867 1309 3933 do

57 3974 121 4064 ἐνῇ
128 3970 167 4038 vd
175 3971 298 4038 εἴδωλον
309 3967 415 4045 ositeri·
426 3969 497 4038 ὅταν
507 3974 542 4038 δὲ
553 3975 729 4064 ἐξαλειφθῇ,
738 3973 761 4059 ἢ
770 3972 817 4061 μή
821 3969 922 4041 οἷόντε
930 3973 1049 4060 γένηται
1060 3976 1231 4057 ἐκμανῆναι,
1242 3972 1306 4034 ἐπι·
1370 4022 1374 4037 „

54 4075 216 4160 λέλῆσθαί
234 4101 265 4140 τε
285 4078 334 4140 καί
345 4073 390 4160 μή
410 4075 603 4140 ἐπίστασθαί
616 4103 724 4159 nosque
734 4090 768 4140 ιἰι
786 4084 839 4141 illo
849 4128 857 4158 ,
869 4084 1016 4161 quidquid
1026 4102 1147 4152 eorum,
1166 4096 1242 4154 quae
1255 4078 1302 4134 ool

56 4184 203 4243 υἰιλανιαε
222 4185 270 4240 vol
287 4183 429 4241 audimus
450 4183 498 4240 ool
518 4189 578 4260 ipsi
595 4187 821 4259 recogitamus,
842 4181 975 4239 sensibus
995 4177 1219 4252 nationibusque
1236 4194 1304 4232 rus-

99 4367 132 4432 1)
153 4365 230 4433 Apud
242 4368 349 4436 stepo.
358 4369 384 4417 in
395 4368 463 4435 poe'ea'
473 4367 685 4434 philosophicam.
696 4362 737 4415 42.
756 4361 803 4413 ct.
820 4362 1007 4422 Fatlleborn,
1017 4361 1140 4425 Beytrdqe
1149 4356 1177 4407 P.
1189 4355 1215 4406 6.
1229 4354 1306 4421 poe.

55 4455 232 4514 Karsten,
248 4452 391 4504 ramento.
410 4469 435 4517 p.
450 4449 497 4514 30,
515 4449 557 4500 32.
890 4457 893 4462 ’

1071 4510 1110 4566 26
