2796 5048
592 226 648 285 155

50 384 188 470 'ot-ttyon
215 384 331 470 τέχνην,
345 384 380 449 eti
402 383 573 469 πρόςφορον
604 383 694 473 αὐτῇ·
734 412 861 471 magnae
888 384 1042 470 quaelihet
1068 370 1161 449 artes·
1177 392 1243 448 ute·

50 494 141 552 nilus
167 495 309 573 indigent
335 512 370 549 ae
400 494 624 551 sublimioribus
647 494 681 549 de
706 491 1135 567 natura'diseeptatienihus:
1168 490 1240 547 ltine

50 598 88 649 in
108 600 221 649 reseretis
245 593 416 649 sublimitas
440 602 469 648 et
499 599 543 649 oie
566 591 678 667 efficax
702 599 735 645 tn
755 597 861 666 quaeis
881 612 914 646 re
938 589 1122 666 perficiendd
1147 589 1241 645 ottin-

50 710 78 747 η
91 692 208 749 leontini
222 693 363 747 uidetur:
386 692 462 768 quod
475 691 611 747 Pericles
632 691 671 746 ad
690 695 808 768 ingenii
829 709 954 745 acumen
973 688 1127 763 eoljnneit.
1158 683 1239 742 Nam

50 790 162 863 udone,
183 789 285 861 eredo,
301 796 335 844 in
356 791 528 864 hujumodi
546 809 650 845 rerum
665 789 893 867 indagatorem,
914 774 1152 866 Anaxagoram,
1173 786 1238 842 suh·

50 894 127 945 aium
156 908 262 945 rerum
287 889 384 944 studio
406 889 539 946 imbutus
559 897 648 964 etque
672 887 711 962 ad
736 897 881 942 naturam
903 892 1012 943 mentis
1030 890 1239 960 amentiaeque

50 987 183 1060 dedens,
203 992 237 1042 iu
256 987 363 1063 quibus
382 987 496 1043 inultus
515 995 584 1043 erat
602 993 635 1042 in
656 986 842 1043 serononihue
861 982 1081 1062 Anaxagorae,
1108 983 1179 1039 hine
1199 982 1239 1038 ad

50 1085 126 1143 tonde
144 1094 244 1143 ortem
261 1092 364 1141 traeit
374 1129 381 1157 ,
392 1105 584 1162 quaeeunque
599 1091 628 1140 ei
646 1093 741 1143 essent
759 1092 983 1142 eonseottonea.»
1005 1077 1033 1160 Ι)
1048 1077 1105 1139 Sed
1114 1070 1249 1138 Pericles

50 1196 131 1241 rena
147 1181 319 1263 philosopho
337 1183 501 1258 institutus,
521 1197 550 1242 ut
564 1182 710 1261 singulare
723 1194 752 1239 et
768 1182 938 1238 inusitatum
955 1178 1101 1238 inveniret
1117 1176 1238 1243 dicendi

50 1300 115 1355 uus,
135 1282 218 1358 cujus
238 1301 310 1359 quae
326 1282 436 1355 sernia
460 1282 565 1356 fuerit,
587 1300 622 1338 ex
644 1279 823 1338 orationihus
850 1278 1042 1357 intelligitur,
1063 1296 1135 1354 quae
1159 1273 1244 1355 epud'
1283 1296 1286 1302 ·

50 1376 210 1458 hueydidem
230 1392 360 1453 exstant,
385 1376 417 1459 2)
437 1399 509 1457 quae
535 1398 603 1437 vero
625 1379 713 1436 fuerit
733 1362 922 1452 incivitate,
942 1375 1015 1433 belli
1035 1372 1236 1453 Peloponnesii

50 1476 199 1557 tenporibus,
220 1484 408 1550 auotoritas,
431 1478 491 1557 ipsa
512 1477 598 1553 hujus
622 1475 694 1534 belli
714 1476 834 1534 historia
853 1474 945 1535 docet.
975 1475 1007 1553 3)
1036 1469 1124 1530 Haud
1148 1470 1237 1530 dissi-

50 1573 90 1633 ilis
103 1576 189 1635 tuisse
208 1576 280 1633 ratio
306 1573 442 1650 videtur,
463 1597 518 1654 qua
537 1573 644 1633 deinde
663 1574 868 1641 Demosthenes
887 1571 925 1633 ad
945 1593 1067 1646 novum,
1088 1569 1139 1648 sed
1163 1569 1238 1627 illu-

50 1671 96 1730 tius
110 1674 214 1748 etiam,
236 1671 355 1732 dicendi
379 1695 468 1754 genus
495 1675 639 1754 pervenit.
682 1672 826 1731 Socratem
856 1694 916 1730 non
937 1670 1029 1730 vidit:
1051 1667 1238 1728 audiveritne

50 1767 171 1845 lennem,
193 1772 336 1830 incertum
356 1787 415 1848 est3
438 1771 488 1831 sed
510 1771 562 1829 hoc
587 1760 716 1844 constat,
743 1770 870 1828 Platonis
897 1790 961 1827 eum
985 1770 1091 1849 scripta
1117 1765 1217 1845 legisse
1227 1800 1257 1839 „s-

50 1866 112 1927 thus
129 1889 198 1928 sane
216 1869 346 1949 legendis
367 1893 427 1931 non
445 1871 559 1944 minus,
575 1889 661 1947 quam
675 1869 737 1949 ipso
753 1867 900 1927 audiendo
918 1867 1032 1927 Socrate
1042 1912 1051 1941 ,
1070 1860 1238 1943 μαιευτικῆς
1338 1938 1343 1951 .

50 1968 166 2026 macae
187 1968 327 2026 rationem
346 1970 492 2050 percipere
512 1969 616 2049 potuit,
638 1967 719 2047 Legit
735 1981 829 2026 autem
844 1987 909 2025 eum
929 1988 1038 2025 summo
1056 1966 1152 2026 studio
1161 2012 1170 2042 ,
1186 1964 1236 2026 ad·
1345 1966 1351 1975 ’

50 2062 156 2126 hadone
186 2086 310 2140 summa,
332 2081 362 2125 ut
383 2069 482 2127 Cicero
500 2080 628 2128 testatur.
665 2066 894 2139 «Lectitavisse,
923 2066 981 2139 ait,
1013 2065 1161 2125 Platonem
1178 2078 1237 2123 stu·

50 2180 104 2238 ose,
123 2162 271 2224 audivisse
289 2166 375 2223 etiam
398 2165 601 2226 Demosthenes
626 2167 751 2228 dieitur:
785 2162 1011 2244 idque'apparet
1029 2184 1066 2221 ex
1084 2182 1187 2241 genere
1207 2176 1236 2221 et

50 2260 168 2322 uditate
187 2262 357 2322 verborum:
375 2262 447 2322 dicit
468 2265 552 2322 etiam
568 2266 598 2323 in
615 2266 739 2346 quadam
754 2254 880 2344 epistola⁴
893 2261 947 2321 hec
962 2263 1023 2342 ipse
1043 2261 1183 2321 desere.»
1205 2256 1238 2340 h)

50 2376 71 2419 te
85 2382 148 2420 vero
175 2360 225 2434 id,
251 2376 347 2420 nostro
371 2361 489 2441 quidem
509 2362 641 2438 judicio,
664 2385 700 2422 ex
723 2364 902 2444 granditate
928 2362 1084 2419 verberum
1102 2374 1234 2434 tautum,

50 2454 164 2518 inulto
183 2461 269 2518 etiam
290 2459 510 2519 evidentiores
531 2475 592 2520 toto
615 2463 815 2522 Demosthenis
836 2478 953 2542 apparet
972 2459 1091 2521 dicendi
1112 2479 1235 2539 genere,

50 2555 86 2617 nd
102 2559 206 2616 mirum
224 2560 256 2616 in
274 2558 391 2617 modum
410 2558 597 2618 Socraticum„
605 2575 646 2620 est
665 2575 692 2619 et
711 2561 914 2620 Platonicum·
944 2563 1016 2620 Nam
1035 2579 1124 2636 quum
1148 2560 1235 2638 prin-

50 2654 83 2732 pis
97 2655 184 2735 hujus
203 2658 321 2716 oratoris
347 2657 453 2736 scripta
471 2677 536 2714 cum
555 2672 729 2717 caeterorum
741 2696 758 2732 ‚·
770 2661 820 2737 qui
839 2672 1072 2740 praecesserunt,
1093 2657 1236 2717 orationi-

50 2768 284 2834 ucomparamus,
300 2755 333 2813 in
350 2755 412 2814 illis
427 2754 544 2833 quidem
560 2770 679 2815 naturae
696 2758 755 2818 vim
771 2771 798 2816 et
812 2758 1025 2838 persuasionem
1039 2755 1234 2834 agnoscimus,

50 2843 179 2910 hhamur
205 2854 290 2911 etiam
315 2874 407 2911 rerum
431 2853 621 2912 humanarum
644 2855 895 2936 perspicientiam,
925 2856 1090 2914 interiorem
1116 2868 1234 2912 naturae

50 2965 145 3009 manae
163 2951 450 3030 pervestigationem:
472 2951 648 3010 admiramur
668 2973 733 3011 curn
750 2951 798 3012 his
815 2954 1000 3031 conjunctam
1021 2951 1157 3033 orationis
1174 2950 1236 3011 sim

50 3046 179 3125 tgulas-em
200 3063 228 3107 et
247 3049 471 3125 sublimitatem
488 3050 539 3109 sed
557 3072 742 3130 quascunque
758 3051 875 3110 tandem
892 3052 1017 3131 legamus
1032 3052 1092 3112 sive
1108 3050 1141 3108 in
1156 3046 1234 3108 Thu·

50 3140 121 3205 'lidis
140 3145 279 3221 historia,
300 3150 360 3208 sive
380 3148 459 3229 apud
479 3149 555 3227 ipsos
575 3163 699 3213 oratores
718 3152 878 3224 orationes,
900 3171 937 3209 ne
956 3150 1098 3210 Aeschine
1117 3146 1234 3227 quidem

50 3256 144 3324 cepto,
168 3246 368 3305 Demosthenis
387 3245 517 3319 aemulo,
540 3244 735 3307 desideramus
758 3248 789 3308 in
809 3249 870 3309 illis
890 3248 1042 3322 omnibus,
1061 3267 1145 3325 quam
1172 3246 1234 3326 ipsa

50 3337 182 3402 sideravit
201 3345 376 3423 antiquitas,
398 3337 554 3423 δεινότητα
574 3342 656 3404 illam
666 3391 674 3425 ,
696 3368 781 3425 quam
800 3347 944 3408 vocabant
963 3346 1085 3419 Graeci,
1106 3365 1234 3424 quaeque

50 3434 164 3499 nituisse
178 3442 295 3522 propria
310 3445 496 3505 Demostheni
514 3444 639 3506 videtur.
664 3442 695 3524 5)
716 3445 785 3505 Erat
799 3446 869 3504 haec
886 3460 980 3505 autem
995 3447 1027 3503 in
1043 3443 1234 3503 Demosthene

50 3536 165 3614 enodi,
197 3553 228 3599 ut
255 3539 379 3601 Socratis
404 3545 523 3602 referret
542 3538 720 3623 παρῥησίαν,
742 3542 832 3602 libere
861 3544 1029 3602 sententiam
1060 3542 1169 3602 diceret
1197 3540 1233 3600 de
1330 3540 1335 3554 '

50 3635 178 3696 ssissimis
197 3638 375 3719 reipublicae
397 3644 517 3717 caussis,
539 3665 592 3703 nec
611 3644 794 3725 principibus
818 3644 851 3701 in
876 3643 993 3704 civitate
1012 3641 1083 3701 viris
1101 3662 1155 3701 nec
1177 3640 1233 3720 ipsi

50 3732 113 3807 *pulo
130 3750 278 3815 parceret,
300 3739 323 3796 si
346 3740 464 3817 quidem
483 3743 544 3802 sive
563 3741 639 3801 dolo¹
651 3742 698 3801 illi
707 3788 716 3816 ,
737 3743 798 3801 sive
817 3741 866 3799 hic
885 3741 1049 3820 ignorantia
1068 3753 1097 3798 et
1115 3739 1233 3801 levitate

50 3888 254 3908 Q.-

50 3977 67 4046 'l
83 3986 190 4038 ΗΜΛ
209 3987 267 4038 270.
287 3990 318 4040 A.
338 3990 376 4042 Cf.
396 3993 461 4045 Plut.
480 3998 532 4045 nita
554 3996 645 4047 Portet.
665 3960 720 4046 init.
738 4004 763 4046 et
779 3996 873 4048 Cicero
889 3997 958 4062 Orat.
975 4014 996 4048 c.
1013 3994 1037 4044 4.
1135 4033 1136 4036 η

50 4062 67 4131 h
83 4071 164 4136 Wrtt.
181 4078 264 4141 praef.
283 4077 368 4128 saeco.
384 4096 409 4145 p.
425 4079 481 4128 xu.

50 4148 67 4218 l)
84 4156 163 4209 Thuc.
181 4159 212 4208 Il.
231 4158 320 4211 55-65,
341 4160 379 4212 ct.
400 4162 453 4214 Cic.
470 4166 539 4215 Oret.
559 4183 580 4217 e.
600 4165 624 4217 9.
645 4167 708 4220 „Ab
724 4166 899 4235 Aristophane
914 4174 992 4235 poeta
1005 4164 1116 4234 saliere,
1131 4176 1230 4217 tonus

50 4246 152 4295 aeirem
170 4245 302 4297 &eedem
318 4247 400 4299 dictus
420 4259 483 4302 esto

50 4328 65 4395 t)
83 4328 138 4383 cie.
158 4331 237 4382 Bruto
251 4349 273 4382 e.
293 4330 334 4384 31.
356 4332 644 4387 clemenstia.
669 4340 721 4388 otoo
738 4339 805 4391 Dao-
824 4357 845 4391 c.
865 4338 889 4389 2.

50 4421 63 4486 t)
81 4422 159 4476 Dion.
178 4425 233 4476 aar.
252 4416 318 4498 aspi
339 4418 395 4499 τῆς
415 4421 494 4500 Anu.
518 4415 623 4481 derude.
664 4434 669 4448 ⁸
