2796 5048
664 234 720 293 188

79 394 203 454 formula
219 394 381 470 doctrinae,
403 415 418 453 e
437 393 517 453 coelo
535 394 687 457 devocavit
700 392 932 477 philosophiam,
951 407 978 453 et
999 395 1031 452 in
1048 393 1139 455 urbes
1153 394 1309 476 domusque·

79 491 217 565 induxit,
237 506 266 551 et
293 493 386 572 coegit
412 492 448 551 de
476 493 536 551 vita
563 506 591 551 et
614 494 741 552 moribus
765 492 865 570 loqui,
886 490 960 550 hanc
982 513 1042 551 non
1069 493 1164 573 magis
1190 514 1228 553 ex
1253 491 1293 553 ut

78 588 249 668 compendio
273 610 522 670 cognosceremus,
543 611 628 669 quam
657 613 736 650 nunc
762 590 957 670 cognoscimus
986 610 1023 649 ex
1049 589 1192 651 historiae
1209 590 1293 673 phile

79 686 211 766 sophicae
241 687 435 767 scriptoribus.
478 686 642 768 Xenophon
675 709 742 748 vero
767 709 818 769 per
844 708 986 748 sermones
1005 687 1072 747 illos
1103 689 1203 770 ipsum
1225 686 1293 749 nobit

80 783 223 843 Socratem
239 787 319 864 quasi
337 787 485 846 virentem
502 786 714 865 spirantemque
727 789 875 867 proposuit
893 800 921 845 et
940 784 1043 846 novam
1059 786 1146 846 illam
1164 788 1290 847 rationu

80 906 139 943 non
167 898 357 964 exponentem
386 884 549 957 subtiliter,
570 884 621 943 sed
644 885 826 963 quaerendo,
848 900 879 943 ut
899 885 1026 958 solebat,
1047 885 1220 965 arguendo,
1239 906 1288 945 me-

81 981 198 1055 nendo,
219 981 361 1041 hortando
389 996 582 1062 usurpantem.
629 982 675 1041 Sic
704 984 772 1042 item
801 983 893 1058 Plato,
926 982 976 1042 sed
1003 983 1051 1042 hic
1081 1003 1150 1041 cum
1177 982 1287 1044 Socratis

81 1078 224 1158 colloquia
252 1101 312 1140 non
338 1079 464 1139 traderet
490 1095 601 1140 tantum
626 1081 801 1154 scribendo,
831 1080 906 1154 sed,
932 1094 963 1141 ut
990 1080 1145 1140 dramatici
1174 1080 1287 1164 solebat

79 1184 195 1258 po'e'tae,
216 1178 393 1238 dramatibus
411 1181 599 1259 exprimeret,
619 1180 734 1261 plenius
763 1179 847 1238 nobis
874 1193 901 1238 et
926 1177 1068 1237 Socratem
1092 1192 1122 1238 et
1142 1178 1284 1239 Socratiw

79 1275 278 1357 philosophiae
295 1277 356 1335 vim
373 1291 400 1335 et
420 1277 577 1338 ubertatem
596 1277 836 1359 repraesentavit:
858 1277 991 1355 idemque
1011 1298 1076 1335 cum
1104 1276 1162 1335 sub
1184 1275 1285 1337 Socntlt

79 1395 201 1454 persona
218 1395 297 1432 suam
316 1375 407 1455 ipsius
423 1374 635 1456 philosophiam
658 1396 724 1433 cum
746 1375 900 1434 lectoribus
920 1374 1132 1434 communicare
1157 1373 1282 1445 studeret,

79 1473 140 1552 ipse
160 1471 324 1549 loqueretur
343 1471 414 1531 adeo
433 1494 498 1531 cum
517 1475 609 1533 omnis
627 1475 738 1554 generis
757 1473 923 1532 hominibus
932 1518 941 1548 ,
962 1494 1051 1551 quum
1066 1471 1213 1533 Socratem
1229 1473 1280 1531 tae

79 1583 123 1628 ret
142 1569 324 1647 loquentem,
345 1570 452 1629 factum
470 1585 511 1630 est
521 1616 529 1646 ,
552 1585 583 1630 ut
601 1573 753 1630 scribendo
772 1570 897 1630 efficeret
915 1573 947 1629 in
970 1571 1109 1630 lectorum
1118 1617 1128 1646 ‚
1148 1569 1227 1650 quod
1240 1588 1278 1629 aar

82 1670 217 1727 monibus
235 1667 287 1727 ille
306 1669 338 1726 in
357 1668 521 1729 auditorum
539 1671 644 1729 animis
661 1671 806 1743 effecerat,
827 1672 972 1728 scriberet
991 1669 1098 1750 plane,
1120 1668 1199 1748 quod
1212 1667 1277 1739 dixit,

80 1767 116 1825 in
134 1773 247 1824 animia
266 1768 417 1826 hominum
428 1813 436 1842 ‚
458 1789 511 1827 nec
533 1770 727 1848 praesentium
749 1781 862 1827 tantum
881 1782 908 1827 et
928 1767 1112 1847 aequalium,
1143 1767 1194 1829 sed
1212 1778 1277 1849 poelt

79 1885 175 1924 rorum
204 1865 340 1938 omnino,
371 1865 456 1943 hujus
476 1866 548 1926 adeo
567 1868 667 1925 aetatis
689 1880 800 1925 nostrae
824 1866 982 1926 hominum.
1024 1866 1102 1924 llaec
1122 1866 1213 1941 ratio,
1230 1864 1280 1925 batt

83 1965 127 2022 vis
147 1976 176 2022 et
195 1961 365 2037 efficacitas,
387 1964 456 2023 haec
485 1967 517 2025 in
546 1967 647 2046 primis
672 1975 787 2022 nutura
812 1979 853 2023 est
876 1963 1054 2044 dialogorum
1072 1963 1284 2024 Platonicorum:

79 2076 108 2120 et
127 2083 194 2122 uero
214 2060 340 2141 legentes
358 2083 405 2120 eos
424 2084 484 2122 non
506 2063 638 2122 ridemur
657 2063 740 2122 nobis
760 2077 871 2122 tantum
890 2056 960 2143 ipsis
979 2061 1103 2121 Socratis
1123 2059 1293 2121 sermonibn

79 2161 232 2234 interesse,
254 2159 322 2233 sed,
343 2160 393 2239 qui
423 2160 524 2240 optimi
554 2164 691 2240 cujusque
717 2159 854 2220 dramatis
878 2159 1082 2219 saluberrimus
1102 2160 1217 2218 effectus
1237 2168 1297 2225 est,

80 2258 139 2317 vim
167 2257 199 2315 in
228 2278 279 2316 nos
307 2257 417 2316 habent
445 2256 568 2317 Socratis
595 2258 691 2333 dicta,
712 2279 743 2316 ac
772 2260 796 2317 si
816 2279 867 2318 nos
889 2258 926 2316 ab
946 2278 978 2316 eo
996 2258 1099 2338 petitos
1128 2271 1298 2338 putaremu-

79 2353 228 2449 Sophistae
258 2375 329 2413 num
351 2353 397 2414 his
423 2354 553 2434 legendis
579 2357 696 2436 ingenio
722 2358 874 2435 animoque
898 2355 1042 2415 emendati
1072 2356 1151 2430 sint,
1182 2354 1318 2459 dubitet?¹

77 2442 148 2511 ham
167 2451 220 2510 hoc
241 2472 330 2530 genus
348 2451 498 2512 hominum
516 2468 632 2535 propter
650 2454 859 2534 praejudicatas
877 2454 1028 2534 opiniones
1045 2453 1125 2513 omni
1144 2467 1231 2513 aetate
1249 2453 1296 2518 ir
1316 2502 1318 2513 .

44 2575 45 2578 ¹
79 2550 209 2610 sanabile
238 2551 370 2610 habitum
400 2566 459 2628 est,
487 2551 537 2611 sed
566 2554 632 2633 quis
659 2574 785 2632 unquam
810 2573 960 2633 generosae
988 2550 1097 2611 indolis
1116 2550 1318 2619 adolescemi

77 2648 239 2709 Phaedrum
258 2649 355 2729 legens
378 2649 425 2709 rel
446 2649 632 2710 Theaetetum
643 2697 652 2725 ‚
673 2674 732 2711 non
761 2653 821 2732 ipse
849 2651 963 2711 sibimet
991 2651 1071 2710 risus
1097 2665 1140 2709 est
1155 2626 1318 2755 Phaedml

77 2768 137 2808 esse
159 2747 263 2826 aliquis
288 2762 337 2806 aut
352 2747 542 2824 Theaetetus,
572 2764 617 2825 et,
644 2749 761 2808 illorum
780 2751 889 2824 instar,
910 2771 926 2807 a
945 2747 1068 2808 Socratis
1088 2768 1138 2807 ore
1158 2744 1318 2829 penderes!

76 2849 230 2924 animoque
248 2846 402 2906 recondere
430 2868 502 2925 quae
530 2851 701 2929 acceperat?
723 2848 795 2922 Quis
822 2867 948 2926 unquam
977 2866 1085 2920 senex,
1105 2846 1157 2924 qui
1181 2839 1298 2925 juveni!¹

79 2945 149 3026 legit
175 2945 341 3020 Platonem,
363 2947 395 3004 in
421 2947 484 3026 ipsa
511 2961 656 3006 senectute
683 2968 743 3005 non
763 2945 908 3004 confessus
927 2959 986 3018 est,
1008 2943 1061 3003 hac
1083 2964 1112 3003 se
1134 2944 1167 3003 in
1193 2940 1286 3025 primi!

18 3020 25 3039 ⁸
78 3042 220 3117 lectione,
240 3058 356 3125 propter
376 3059 404 3102 et
421 3043 557 3103 dramatis
575 3059 603 3103 et
623 3044 780 3105 Socraticae
806 3043 955 3103 suavitatis
980 3043 1058 3117 vim,
1082 3063 1140 3103 una
1160 3062 1223 3102 cum
1239 3038 1290 3099 So*

79 3141 182 3223 phistis
199 3141 381 3221 sophisticam
399 3163 511 3201 omnem
539 3144 682 3218 ares-sari,
704 3164 786 3204 veros
810 3141 995 3221 philosophos
1016 3161 1109 3201 amare
1138 3130 1302 3201 didicisse?¹

79 3236 207 3319 Dialogis
226 3238 385 3298 scribendis
404 3239 485 3299 Plato
504 3239 581 3299 idem
601 3242 658 3320 egit
679 3241 785 3322 plane,
807 3237 884 3318 quod
911 3240 970 3319 ipse
998 3237 1035 3297 de
1060 3238 1195 3318 agricolis
1211 3234 1294 3299 (lilit-

28 3409 35 3421 ‚
79 3339 145 3397 Non
166 3336 274 3396 librum
297 3336 409 3412 edidit,
430 3358 504 3416 quo,
524 3352 660 3416 tanquam
688 3341 720 3399 in
750 3337 892 3397 Adonidis
918 3336 1033 3396 hortulo
1052 3335 1197 3416 quodam,
1214 3334 1300 3397 att&

80 3435 206 3509 finibus,
219 3436 389 3517 sapientiam
408 3435 518 3495 scilicet
536 3458 635 3512 suam,
657 3451 687 3496 ut
706 3437 818 3496 faciunt
836 3449 1019 3516 systematum
1038 3449 1188 3512 auctores,
1206 3432 1287 3496 inelu-

28 3562 36 3581 ·
79 3533 177 3610 deret3
199 3533 248 3593 sed
277 3547 309 3593 ut
332 3535 413 3614 gnari
439 3533 531 3593 solent
559 3536 719 3614 agricolae,
740 3535 892 3595 Socraticis
919 3533 1081 3595 scribendis
1103 3533 1288 3603 sermonibus

79 3631 166 3713 plane
193 3645 225 3691 ut
250 3633 311 3714 ipse
336 3632 481 3706 Socrates,
503 3633 611 3692 semina
640 3634 743 3714 sparsit
766 3635 798 3691 in
827 3618 996 3708 homiridm,
1016 3633 1185 3712 praesertim
1204 3628 1279 3692 adole

80 3745 207 3789 scentum
236 3732 371 3811 ingenia,
396 3752 468 3810 quae
496 3754 548 3813 pro
576 3733 759 3813 ingeniorum
784 3745 998 3811 temporumque
1022 3731 1182 3806 varietate,
1206 3728 1280 3791 variet

79 3829 157 3888 omni
178 3849 246 3887 aevo
257 3874 264 3902 ,
286 3827 336 3887 sed
356 3831 476 3910 optimos
496 3830 607 3890 fructus
627 3831 797 3911 proferrent.
824 3826 859 3888 Id
879 3829 948 3887 fecit
967 3827 1068 3901 Plato,
1089 3841 1118 3886 et
1136 3826 1227 3890 lacere
1240 3826 1278 3887 lut

79 3925 227 3986 scribendi
247 3927 337 3986 forma
357 3929 451 4008 potuit
461 3974 469 4002 ,
490 3928 548 3988 alia
569 3926 737 4009 usurpandd
757 3949 816 3987 non
834 3928 980 4009 potuisset.

119 4023 177 4083 Sed
202 4024 279 4084 illud
308 4025 569 4086 animadvertamus
608 4027 685 4084 item.
727 4027 767 4085 Ut
796 4025 997 4106 Xenophontis
1018 4020 1276 4099 Memorabilia,il

78 4122 183 4203 scripta
202 4122 329 4182 Platonis
347 4145 407 4183 non
433 4125 502 4182 artis
521 4123 670 4203 eujusdam
691 4137 742 4182 aut
760 4123 912 4184 doctrinae
921 4158 931 4198 ,
951 4143 1011 4181 non
1029 4119 1192 4203 argumenti
1208 4134 1275 4200 peet-

79 4219 160 4279 liaris
185 4223 409 4302 expositionem,
430 4221 481 4280 sed
508 4222 616 4281 fontem
645 4223 798 4282 continent
826 4223 939 4302 ipsum,
961 4219 1039 4280 unde
1060 4236 1159 4280 omnes
1183 4217 1318 4286 hattlt'tt5

79 4333 207 4398 oportet,
226 4321 277 4399 qui
305 4341 398 4380 rerum
427 4320 576 4381 scientiam
596 4335 744 4402 appetunt.
787 4321 956 4400 Exquiritur
984 4320 1015 4380 in
1044 4320 1194 4396 omnibus,
1219 4306 1318 4395 qul*

81 4417 164 4477 nobis
192 4420 314 4480 maxime
343 4420 486 4499 agendum
514 4420 664 4495 videatur,
691 4435 740 4496 ut,
761 4421 833 4500 quid
861 4441 960 4481 verum
990 4412 1045 4495 sit',
1075 4419 1147 4501 quid
1175 4418 1254 4485 lehun
1297 4438 1318 4471 ε
