2796 5048
671 196 709 256 33

80 362 206 444 propria.
248 359 290 419 De
310 359 431 417 Isocrate
444 359 553 435 ⁸iuvene
580 358 726 438 praeclare
750 358 924 417 vaticinatur
947 359 978 416 in
998 357 1126 417 Phaedro
1153 357 1298 417 Socrates:

81 479 147 518 uam
177 459 271 518 inesse
300 458 326 515 ei
354 457 455 514 naturh
475 454 548 514 dicit
565 455 776 537 philosophiam
794 456 951 534 quandam:
973 450 1061 536 φάσει
1078 450 1150 535 γάρ,
1172 448 1197 516 oi
1219 453 1299 535 φίλε,

79 551 173 619 ἔνεστί
196 578 242 628 τις
267 550 427 635 φιλοσοφία
447 552 489 637 τῇ
514 552 568 613 τοῦ
594 545 703 633 άνδράς
729 549 849 638 διανοίᾳ.
867 552 895 636 l)
925 557 961 616 Et
987 560 1120 619 universe
1143 557 1179 617 de
1202 559 1298 617 animo

76 659 151 719 dicit
161 705 170 733 ,
193 658 236 730 si,
259 655 352 735 qualis
381 656 432 728 sit,
451 675 617 735 cognoscere
637 654 775 730 velimus,
796 657 1002 736 respiciendam
1019 679 1076 717 esse
1091 661 1152 736 ejus
1169 658 1299 740 philoso-

76 758 194 840 phiam:
220 753 251 835 2)
290 754 348 813 Sed
371 769 405 825 ut¹
430 768 530 834 sponte
554 756 663 813 exsistit
693 755 723 811 in
753 755 869 813 homine
896 754 1159 836 philosophia,‘ita
1181 756 1250 814 haec
1270 771 1298 815 et

75 857 173 937 ipsum
191 854 288 913 erudit
308 867 335 910 et
351 853 410 910 vim
424 851 510 910 habet
526 852 678 910 maximam
695 851 733 911 ad
752 852 823 912 alios
843 853 1022 912 excolendos.
1051 855 1148 933 Itaque
1167 857 1298 933 frequen-

74 954 185 1014 tissime
202 949 280 1034 apud
298 949 445 1008 Platonem
458 950 582 1008 occurrit
607 964 638 1009 ut
657 946 816 1022 noadaia,
837 947 868 1029 3)
888 959 1041 1010 institutio
1064 953 1221 1030 quaedam,
1241 972 1297 1031 qua

74 1051 228 1120 erudiatur
246 1070 262 1107 a
280 1046 385 1106 teneris
404 1046 489 1105 homo
508 1061 535 1106 et
558 1050 723 1126 excolatur,
736 1050 856 1114 ²artibus
876 1047 1032 1122 adhibitis,
1061 1049 1211 1128 inprimis
1237 1070 1297 1107 mu·

76 1150 153 1208 sica:
184 1145 263 1207 unde
282 1136 486 1227 xpoo‘vontoaig
506 1143 630 1205 subinde
658 1130 740 1206 vocat
766 1145 958 1228 philosophos.
1000 1145 1076 1204 Huic
1103 1157 1196 1203 autem
1216 1147 1297 1205 insti·

75 1245 185 1304 tutioni
203 1245 339 1322 tanquam
358 1245 493 1325 princeps
510 1240 614 1302 tribuit
630 1264 753 1318 munus,
774 1258 806 1303 ut
832 1241 947 1302 oculum
967 1243 1075 1324 aperiat
1098 1244 1221 1317 mentis,
1240 1265 1297 1322 quo

77 1364 138 1402 uno
161 1343 268 1404 veritas
294 1342 480 1422 conspicitur.
521 1339 606 1413 Quod
635 1342 722 1400 variis
751 1341 890 1423 expressit
917 1339 1130 1419 declaravitque
1155 1361 1297 1421 compara·

75 1439 217 1501 tionibus.
259 1439 364 1500 Somno
388 1439 499 1498 confert
516 1453 693 1519 praesentem
720 1439 845 1499 hominis
872 1437 1086 1512 conditionem,
1107 1459 1122 1496 e
1149 1427 1215 1516 quo'
1233 1458 1297 1496 eum

75 1539 186 1598 excitat
203 1538 408 1615 philosophia,
439 1549 470 1595 ut
499 1535 611 1596 desinat
638 1539 797 1611 somniare,
826 1556 926 1596 verum
955 1536 1062 1594 intueri
1083 1536 1213 1617 incipiat.
1260 1536 1296 1594 In

75 1635 207 1695 tenebris
221 1657 274 1695 nos
293 1636 391 1696 vivere
411 1634 502 1708 dicit,
523 1634 555 1693 in
574 1635 678 1712 quibus
705 1616 851 1694 coecoium
880 1633 969 1690 instar
997 1632 1130 1712 progredi
1154 1633 1296 1709 nitamur,

75 1733 129 1793 sed
149 1732 311 1793 oberremus
330 1746 484 1814 perpetuo:
507 1732 598 1792 donec
613 1734 800 1810 philosophia
819 1751 871 1805 nos
897 1728 1032 1788 eduxerit
1053 1729 1091 1788 ad
1109 1729 1206 1790 lumen
1225 1732 1297 1791 veri·

76 1832 155 1891 tatis.
205 1832 361 1892 Conversus
380 1852 432 1889 nos
456 1850 514 1888 esse
534 1830 606 1889 dicit
625 1829 663 1888 ad
680 1847 774 1887 rerum
803 1827 916 1886 umbras
943 1840 971 1884 et
998 1825 1149 1885 simulacra
1178 1829 1294 1904 inania3

74 1931 294 2006 philosophiam
312 1951 380 1990 vero
398 1926 434 1987 ab
455 1927 491 1985 iis
501 1949 557 2014 nos
575 1942 700 1987 avertere
721 1939 748 1985 et
766 1945 795 1984 re
816 1945 883 1985 vera
902 1939 1067 1984 convertere
1085 1923 1122 1983 ad
1142 1945 1185 1983 res
1205 1929 1294 2008 ipsas,

76 2026 115 2086 ad
134 2025 233 2101 ideas,
254 2025 292 2085 ad
309 2025 460 2105 pulcrum,
481 2022 589 2083 bonum
599 2069 607 2098 ,
623 2026 732 2101 justum
742 2025 761 2096 ‚'
779 2036 917 2082 sanctum.
939 2019 971 2101 4)
997 2022 1220 2099 Philosophiam
1239 2046 1296 2085 esse

75 2124 180 2184 statuit
199 2125 285 2183 totius
302 2122 428 2182 hominis
447 2122 661 2180 conversionem
681 2121 717 2180 ab
737 2122 791 2195 iis,
812 2140 883 2198 quae
913 2110 1068 2193 ¹videntur,
1098 2117 1136 2178 ad
1151 2102 1204 2196 ha,
1225 2144 1297 2201 quae

75 2235 157 2281 sunt.
203 2222 244 2281 Ut
270 2241 304 2278 ex
330 2236 398 2278 orco
425 2218 563 2277 dicuntur
592 2218 728 2278 nonnulli
756 2219 795 2277 ad
823 2220 895 2277 Deos
925 2216 1102 2291 escendisse,
1134 2218 1191 2291 ita,
1214 2240 1297 2298 ,quae

75 2339 146 2381 vere
161 2317 286 2393 dicitur,
308 2318 494 2395 philosophia
525 2336 584 2374 non
615 2310 760 2397 ὀστράκου
791 2320 845 2377 erit
869 2309 1066 2396 περιστροφή,
1093 2309 1166 2375 άλλά
1193 2316 1298 2398 φυχῆς

73 2410 247 2499 περιαγαγή
277 2413 309 2476 ἐκ
343 2413 507 2494 νυκτερινῆς
544 2436 620 2489 τινος
654 2412 768 2498 ἡμέρας
802 2415 842 2488 εἰς
873 2410 1019 2498 ἀληθινήν
1048 2413 1103 2499 τήν
1129 2411 1221 2492 ὅντως
1246 2411 1297 2479 od-

75 2538 153 2593 σαν,
189 2513 233 2601 ἢν
270 2511 315 2597 δή
352 2509 493 2577 ἐπάνοδον
531 2517 750 2599 φιλοσοφίαν
786 2512 910 2598 ἀληθῆ
945 2511 1109 2597 φήσομεν
1139 2513 1239 2580 εἶναι.
1266 2519 1297 2600 5)

75 2621 126 2681 Ex
144 2621 224 2680 hisce
242 2618 439 2700 philosophiae
462 2618 628 2678 notionibus
652 2620 800 2701 implicitis
824 2639 861 2676 en
884 2618 1023 2678 involutis
1041 2620 1198 2701 explicabit
1216 2641 1245 2680 se
1264 2621 1296 2676 in

76 2719 219 2801 proximis
244 2714 487 2796 disputationibus
512 2729 587 2788 tota,
614 2732 645 2775 ut
671 2737 832 2799 speramus,
852 2715 985 2775 Platonis·
1007 2716 1197 2797 philosophia.
1239 2715 1296 2775 Sed
1389 2782 1394 2791 .

75 2817 134 2876 hoc
159 2815 221 2875 loeo
249 2812 509 2873 animadvertamus
532 2815 714 2892 praesertim,
740 2833 886 2873 occurrere
909 2814 987 2893 apud
1006 2835 1069 2872 eum
1085 2813 1294 2895 philosophiam

76 2913 223 2989 subinde,
244 2925 275 2970 ut
294 2903 493 2992 κάθαρσιν,
504 2937 506 2944 ·
517 2925 548 2971 ut
570 2913 660 2971 animi
678 2913 797 2974 humani
815 2917 1018 2971 initiationem
1037 2911 1189 2992 quandam.

120 3011 164 3070 Eo
189 3011 373 3092 pertinebant
397 3012 556 3090 antiquitus
571 3013 722 3091 mysteria,
746 3025 776 3069 ut
796 3009 877 3103 ριιίρ,
894 3009 1025 3069 sordibus
1043 3025 1178 3090 purgatus
1198 3011 1293 3069 omni·
1383 3060 1384 3065 ,

76 3109 153 3183 bus,
174 3111 213 3168 sic
236 3108 274 3166 ad
296 3131 373 3168 sacra
392 3109 539 3168 accederet
562 3109 708 3169 interiora.
749 3109 792 3193 lta
815 3105 996 3188 philosophia
1016 3122 1165 3189 praeparat
1185 3111 1294 3168 animos
1338 3117 1340 3122 ’

75 3205 117 3265 ad
135 3205 278 3265 intuenda
296 3209 357 3268 veri
383 3207 525 3287 mysteria.
567 3206 638 3266 Nam
657 3209 717 3288 ipsa
736 3221 777 3266 est
795 3199 990 3285 κάθαρσις,
1011 3223 1043 3268 ut
1054 3208 1184 3278 animus,
1205 3208 1294 3268 sordi·

76 3303 135 3362 bus
152 3316 289 3382 purgatus
303 3325 436 3362 sensuum
449 3319 476 3364 et
491 3305 684 3385 voluptatum,
700 3307 897 3365 intaminatam
913 3321 1018 3387 spectet
1032 3307 1188 3366 veritatem.
1210 3302 1295 3378 Quod

78 3401 231 3462 vaticinati
256 3402 393 3462 videntur
417 3404 614 3482 mysteriorum
637 3418 781 3476 auctores,
807 3404 883 3462 cum'
897 3404 1044 3477 dicerent,
1071 3424 1134 3476 eos,
1160 3403 1210 3480 qui
1235 3423 1294 3460 non

78 3499 191 3559 initiati
215 3501 246 3558 in
272 3501 378 3558 inferos
407 3498 631 3571 descenderent,
658 3502 689 3559 in
715 3501 775 3559 luto
798 3502 980 3580 provolutum
1007 3500 1059 3556 iri:
1079 3500 1128 3578 qui
1157 3519 1224 3558 vero
1242 3499 1295 3556 rite

114 3670 139 3738 t)
157 3673 265 3726 Ριιιιι.
283 3673 341 3726 aro.
359 3673 390 3725 n.

112 3756 140 3822 a)
158 3759 197 3809 οι
213 3760 274 3828 αφ.
291 3761 321 3811 x.
339 3758 396 3810 on.
415 3760 445 3810 u.

112 3850 302 3920 3lJunguutur
331 3867 410 3917 saepe
440 3841 557 3903 παιδεία
582 3861 607 3903 et
631 3843 803 3925 φιλοσοφία,
825 3871 850 3905 v.
866 3848 1294 3921 0.uenep.vl.raa.ss.upat.vir.

78 3942 139 3995 328.
165 3943 196 3996 A.
223 3941 262 3994 (λλ.
279 3941 397 4011 Xenoph.
421 3946 493 3996 Mem.
511 3947 549 3998 lV.
568 3945 592 3997 2.
610 3945 651 3997 23.
687 3947 715 3998 ln
738 3949 794 4015 ipsa
820 3945 999 4014 philosophiae
1014 3943 1216 4010 reprehensione
1232 3939 1295 3990 haec

79 4028 137 4094 ejus
156 4029 228 4080 notio
247 4027 391 4080 dominatur
408 4031 476 4098 apud
494 4031 557 4082 Plat.
577 4031 649 4100 dorp.
668 4031 725 4083 tat.
743 4032 801 4087 485.

113 4110 140 4175 t)
158 4113 196 4163 De
213 4113 273 4180 llap.
291 4112 329 4163 Vl.
348 4113 396 4165 Vll.
415 4118 518 4182 passim.

114 4196 140 4261 5)
159 4197 197 4248 De
224 4199 285 4268 inp.
315 4198 363 4249 Vll.
392 4199 450 4251 521.
476 4200 504 4253 C.
531 4217 563 4252 er
597 4201 662 4252 Astii
686 4203 872 4256 emendatione.
898 4203 1026 4271 (Praestat
1051 4196 1163 4246 sortasse
1186 4194 1294 4262 legere:

78 4281 121 4356 aig
143 4275 288 4363 άλφθινῆν
308 4281 362 4342 τοῦ
384 4275 466 4358 ὄντος
487 4284 536 4367 (sc.
554 4276 679 4366 ἡμέραν)
702 4277 888 4369 ἑπανιοάσης,
908 4283 946 4370 ἢν
961 4278 1000 4364 ὃν)
1022 4271 1176 4350 ἐπάνοδον.
1190 4289 1295 4342 ..Nan

79 4378 176 4456 ὅπως
197 4377 287 4444 οὖσαν
308 4396 410 4446 videtur
439 4396 528 4464 glossa
557 4397 589 4448 ad
614 4376 766 4462 άλαθινάς.
801 4397 858 4462 Ed.)

1178 4490 1196 4548 3
