2796 5048
710 229 770 290 348

120 399 264 479 origines:
287 398 459 476 quamquam
477 394 607 455 latebant
626 392 723 453 adhuc
733 437 743 467 ,
765 390 889 450 necdum
907 393 974 473 ipsa.
988 391 1196 472 metaphysica
1205 392 1338 453 exstiterat.
1381 420 1392 475 ρ

119 496 240 579 Propius
257 497 294 556 ad
312 517 374 554 eam
391 494 529 575 processit
548 492 713 553 lonicorum
731 490 887 571 princeps,
909 488 1043 569 idemque
1062 488 1240 551 Socratissi
1267 492 1344 551 minu
1387 516 1392 555 ι

120 608 305 675 praeceptor,
327 593 388 652 dux
409 604 486 651 certe
506 589 544 649 ad
573 589 762 662 sublimiora,
793 591 995 668 Anaxagoras,
1025 589 1079 667 qui
1110 608 1206 669 supra
1236 602 1347 651 natura!

118 712 179 751 sese
198 713 299 771 resque
318 689 530 772 adspectabiles
549 688 662 768 erigens
672 733 681 763 ,
706 683 793 745 νοῦν
814 684 1010 765 frequentaret
1029 686 1224 747 sermonibus
1242 688 1350 769 seriptit-

119 810 176 868 que
196 792 274 864 suis,
295 789 462 867 diceretque
472 788 598 868 primum
608 778 706 847 πάντα
726 780 805 864 ὁμοῦ
824 785 934 858 fuisse,
954 798 1016 844 tum
1036 804 1110 846 vero
1131 784 1209 847 νοῦν
1228 784 1352 867 prodiisse

119 898 205 965 atque
233 887 381 951 ordinasse
414 888 520 949 omnia.
567 880 676 949 Πάντα
705 881 851 971 χρήματα
878 877 917 965 ἦν
945 875 1038 963 σ’μοῦ·
1070 878 1140 946 εἶτα
1167 886 1241 962 νοῦς
1269 878 1355 947 ἒλθιλτ

119 978 195 1045 arisai
225 978 414 1065 διεκόσμησε.
439 984 469 1065 l)
511 988 709 1051 Veruntamen
741 992 774 1050 in
802 988 919 1071 placitis
947 985 1008 1045 illis
1037 989 1185 1065 cunctis,
1217 990 1252 1049 in
1283 988 1357 1069 ipsiu

119 1092 305 1167 Anaxagorae
325 1086 445 1145 sublimi
463 1086 518 1144 hoc
536 1087 638 1162 effato,
660 1088 745 1147 initia
767 1087 855 1150 rideo
873 1083 1111 1164 metaphysicae,
1147 1089 1249 1169 ipsam
1266 1086 1356 1147 doctri·
1390 1081 1392 1133 l

120 1206 205 1261 nam,
230 1206 304 1263 quae
322 1183 431 1243 deinde
459 1182 513 1243 hoe
542 1186 660 1245 nomine
689 1187 832 1248 celebrata
862 1196 931 1258 est,
953 1181 1086 1243 nondum
1118 1184 1227 1246 video.
1270 1184 1357 1245 Multis

120 1283 236 1343 demum
254 1283 340 1341 annis
358 1296 422 1363 post
433 1329 442 1359 ,
462 1302 552 1361 quum
572 1280 702 1343 Socrates
721 1301 750 1346 et
772 1285 854 1345 Plato
879 1301 984 1341 noram
1013 1279 1261 1362 philosophandi
1279 1282 1357 1351 ¹ratio·

120 1402 186 1439 nem
204 1379 410 1455 induxissent,
432 1380 577 1461 profectus
594 1401 609 1438 e
629 1381 757 1442 Platonis
773 1380 871 1442 schola
891 1378 1077 1454 Aristoteles,
1099 1379 1358 1460 ejusdemquccuu

119 1479 236 1559 placitis
255 1476 384 1536 imbutus
402 1476 543 1538 derebus
564 1483 699 1559 νοηταῖς,
720 1495 783 1540 tum
802 1478 955 1539 dialectica
972 1478 1177 1553 exercitatus,
1209 1486 1358 1537 caussam
1390 1502 1392 1518 ¹

119 1576 373 1655 investigationem
391 1575 429 1635 ad
452 1576 627 1660 disciplinae
654 1601 782 1641 normam
801 1577 899 1656 adegit
925 1588 1010 1653 atque
1037 1574 1078 1634 ad
1104 1589 1245 1636 mentem
1274 1574 1392 1671 nub-¹

121 1673 257 1733 hominis.
286 1672 332 1731 Sic
352 1672 467 1733 demum
487 1679 599 1757 prodiit
617 1678 696 1761 apud
715 1678 839 1738 Graecos
858 1675 975 1756 proprie
994 1675 1034 1733 sic
1051 1673 1137 1734 dicta
1150 1676 1300 1755 metpphy
1390 1700 1392 1745 ς

121 1772 194 1830 Nam
212 1773 323 1853 priores
343 1770 410 1849 illi,
430 1774 510 1852 quod
529 1777 590 1856 ipse
607 1778 650 1837 ait
669 1776 843 1856 disciplinae
870 1785 990 1845 auctor,
1021 1770 1222 1831 dialecticam
1240 1650 1378 1931 nord*

120 1870 269 1933 tenebant.
317 1866 357 1931 Oi
385 1865 444 1953 yoip
464 1866 606 1957 πρότεροι
637 1870 820 1955 διαλεκτικῆς
851 1864 887 1931 ον’
916 1871 1062 1948 μετεῖχον.
1085 1869 1119 1952 2)
1167 1869 1309 1947 Scilicet,

120 1966 198 2026 idem
212 1969 347 2049 judicat,
367 1971 550 2035 balbutiebat
573 1976 670 2036 adhue
691 1974 893 2058 philosophia:
922 1965 1122 2051 ψελλιζομένη
1148 1963 1214 2052 γιλρ
1242 1960 1357 2051 ἔσωσεν)

118 2058 224 2148 πρώτη
254 2068 417 2153 φιλοσοφία
436 2070 505 2157 περὶ
523 2068 655 2150 πάντων,
686 2067 738 2135 ἅτε
764 2068 816 2135 νέα
844 2095 875 2134 τε
904 2072 953 2134 καλ
981 2068 1043 2135 κατ’
1072 2065 1183 2153 α’ρχοὶς
1216 2062 1302 2133 οὖσα

120 2167 213 2228 Erant
231 2171 369 2251 quidem,
390 2174 450 2250 ait,
471 2178 539 2255 qui,
562 2191 593 2235 ut
613 2180 815 2259 Anaxagoras,
837 2176 943 2235 eximia
962 2177 1121 2257 proderent
1154 2175 1291 2255 placita,

120 2287 188 2325 casu
217 2267 263 2327 illi
292 2271 340 2330 vel
370 2273 482 2353 ingenii
511 2276 640 2355 impetu,
670 2298 731 2335 non
757 2276 869 2337 ratione
898 2274 1137 2353 disserendique¹
1155 2270 1316 2353 diligentih
1330 2286 1381 2329 co·

121 2381 325 2444 pervenerant.
369 2371 520 2451 Comparat
539 2394 586 2432 eos
603 2372 766 2449 militibus,
787 2374 857 2452 qui,
877 2373 1009 2433 nondum
1020 2372 1182 2432 exercitati
1193 2366 1356 2452 gymnastiet

121 2476 171 2521 aut
200 2465 305 2542 armis,
334 2481 423 2545 reete,
438 2470 564 2531 subinde
591 2471 701 2530 hostem
730 2473 851 2532 feriunt.
894 2471 1037 2547 Faciunt,
1068 2472 1130 2546 ait,
1167 2460 1236 2531 οἷον
1255 2466 1288 2529 ἐν
1305 2468 1355 2538 τάς

120 2554 237 2642 μάχαις
258 2558 288 2625 οἱ
307 2557 489 2645 ἀγύμναστοι
511 2568 640 2630 ποιοῦσα
667 2566 716 2629 καλ
736 2564 795 2653 γιλρ
824 2567 926 2631 ε’κεῖνοι
952 2562 1203 2651 περιφερόμενοι,
1231 2564 1355 2632 κόπτουσι

119 2655 258 2738 πολλάκις
284 2661 375 2742 καλοῖς
404 2664 533 2753 πληγολς·
561 2665 626 2731 αλλ’
655 2662 721 2732 oiirr
751 2669 851 2732 ἒκιῖνοι
881 2663 940 2731 α’πὸ
974 2665 1163 2753 ἐπιστήμης,
1198 2666 1270 2735 οὔτε
1289 2661 1354 2733 οὗτοι

121 2763 249 2826 ἐοίκασιν
270 2762 363 2832 εἰδόσι
384 2767 475 2851 λέγειν
496 2766 517 2833 ii
537 2768 664 2855 λέγουσι.
687 2771 719 2852 4)
751 2772 838 2849 Quod
858 2774 889 2831 in
901 2776 1102 2853 Anaxagoram
1112 2772 1266 2851 adhibet,
1284 2793 1354 2853 quen

122 2890 224 2949 parum
243 2870 299 2931 sibi
318 2875 482 2933 constitisse
500 2875 592 2935 dicit:
620 2872 748 2959 μηχανῇ
776 2869 888 2953 χρῆται
916 2872 960 2956 τῷ
988 2870 1031 2957 νῷ
1058 2865 1139 2954 πρδς
1171 2867 1235 2956 την
1260 2892 1354 2951 κοσμο-

121 2964 228 3027 notiora·
258 2968 307 3029 καὶ
334 2962 406 3032 ὅταν
434 2965 583 3061 ἀπορήσῃ,
609 2970 659 3037 dici
687 2971 740 3037 τίν’
768 2970 864 3035 αἰτίαν
890 2970 922 3045 ἕξ
950 2967 1078 3054 α’νιλγκης
1101 2971 1187 3050 ε’στί,
1212 2970 1282 3039 τότε
1296 2972 1386 3045 ἕλκεος

120 3061 229 3129 ου’τδν·
266 3069 298 3132 ἕν
327 3070 363 3134 δὲ
398 3078 461 3150 τοῖς
495 3068 592 3152 ἄλλοις
625 3071 723 3140 πάντα
753 3076 866 3159 μᾶλλον
893 3074 1020 3136 αἰτιᾶται
1050 3074 1114 3137 τῶν
1146 3072 1313 3159 γινομένων
1336 3052 1353 3155 ἧ

123 3168 199 3230 νοῦν.
222 3170 253 3252 5)

156 3368 267 3448 Quid
295 3371 478 3433 Platoni
510 3379 705 3439 debuisse
736 3374 1093 3449 Aristotelea,od
1124 3378 1331 3457 metaphy-

416 3482 541 3536 sicam
573 3480 843 3551 tradendam,
866 3472 1068 3533 uidetur?

150 3664 224 3726 ¹lltsi
244 3690 312 3728 vero
331 3669 384 3728 hae
405 3687 473 3731 sunt
493 3671 654 3734 habendae*
667 3651 876 3753 metaphysiees
894 3670 974 3752 apud
995 3670 1119 3730 Graecos
1138 3673 1290 3754 origines,
1311 3669 1348 3728 mi·

123 3784 178 3821 nus
197 3777 292 3823 tamen
313 3769 480 3829 Aristoteles
501 3772 539 3830 ad
559 3794 619 3830 earn
637 3770 842 3853 explicandam
859 3770 965 3830 Ionicis
994 3769 1182 3850 philosophis
1215 3768 1348 3837 debuisse,

125 3950 379 3965 n-———-—-------.¹

154 4074 179 4138 1)
198 4076 275 4146 Diog.
295 4079 381 4132 lauert.
401 4081 430 4132 ll.
451 4081 475 4133 6.
494 4082 568 4134 Plato
588 4083 680 4135 Phorci.
699 4082 741 4135 97.
762 4083 789 4136 C.
811 4082 849 4135 cf.
867 4081 958 4134 Valclr.
978 4081 1060 4137 utor.
1080 4096 1106 4146 p.
1127 4081 1171 4132 40.

154 4159 180 4223 2)
199 4162 277 4214 Arist.
296 4166 404 4235 Metaph.
424 4167 441 4218 l.
462 4186 487 4235 p.
510 4168 548 4220 16.
568 4169 616 4220 Ed.
637 4170 708 4233 Sylb.

154 4243 181 4307 3)
200 4247 236 4298 Μ,
255 4252 306 4301 eorl.
326 4268 349 4317 p.
371 4251 411 4301 27.

154 4330 179 4392 ll
199 4333 235 4383 ld.
255 4338 304 4386 eorl.
325 4355 348 4403 ρ.
372 4337 408 4385 tu.

153 4416 182 4481 5)
203 4419 237 4469 ld.
258 4423 308 4471 κοιλ.
