2796 5048
668 232 728 293 stt

85 397 256 456 ὃοοιιιίιιιιιι
277 392 476 455 inductionem
497 395 693 454 conabamura
717 394 746 476 l)
783 416 835 455 nec
856 396 943 474 hujus
965 408 1009 455 est
1033 394 1114 470 loci,
1139 416 1175 455 ea
1201 396 1286 477 longis

83 496 224 576 persequi.
265 492 341 568 Sed,
360 493 499 573 explicita
522 493 635 573 analysi
655 495 822 568 Platonica,
843 495 995 572 exquirere
1012 514 1097 553 nunc
1117 496 1226 572 juvat,
1243 496 1286 575 qai

82 594 195 652 Platoni
213 591 379 652 Aristoteles
395 608 461 649 cum
481 592 616 651 universe
645 593 683 652 ad
710 592 889 652 tractandam
916 590 1124 667 dialecticam,
1156 606 1222 651 tum
1249 610 1286 655 stt

81 694 166 751 etiam
181 691 219 751 ad
225 691 300 750 hanc
310 691 401 771 ipsam
415 688 630 771 explanandam
641 691 847 771 syllogisticam
860 691 1001 749 rationem
1014 689 1158 749 debuisse
1173 690 1286 753 videtu

120 790 227 850 Ubivis
246 788 412 848 Aristoteles
430 789 463 847 in
484 788 599 867 seriptis
620 790 679 848 suis
697 790 803 847 refutat
823 782 987 848 Platonem?
1009 786 1094 847 unde
1112 786 1191 849 haec
1209 790 1286 851 exstit

81 890 235 968 multorum
257 888 436 947 eruditorum
456 887 573 966 opinio,
594 906 653 946 esse
671 889 732 965 ejus
749 887 911 946 doctrinam
929 906 1046 967 prorsus
1065 889 1216 967 omnique
1240 908 1286 970 par

80 988 244 1047 Platonicae
270 987 452 1046 contrariam.
501 986 558 1059 Qui
580 1006 659 1045 eriur
677 1007 711 1044 eo
728 999 756 1044 et
773 986 860 1047 latius
877 985 980 1066 serpsit
999 999 1029 1044 et
1047 986 1189 1047 invaluit
1212 986 1286 1067 ιιιεῆὶ

80 1107 137 1166 quo
157 1084 356 1145 vehementius
385 1084 560 1144 seinvicem
590 1084 748 1162 aliquando
768 1085 936 1165 impugnare
965 1084 1120 1163 utriusque
1148 1084 1286 1167 philosop

81 1198 252 1257 sectatores,
283 1182 425 1241 Platonici
448 1195 477 1240 et
496 1182 670 1242 Aristotelici
682 1228 691 1256 ,
712 1197 880 1263 coeperunt.
921 1181 1087 1242 Fatendum
1106 1184 1239 1245 omnine
1261 1200 1286 1245 et

79 1283 246 1342 dissensisse
266 1281 299 1339 in
315 1281 422 1339 caussis
449 1281 626 1359 gravissimis
644 1301 660 1338 a
680 1282 814 1361 magistro
832 1280 1032 1352 Aristotelem,
1053 1280 1140 1359 quod
1158 1294 1286 1365 tumpat

79 1381 123 1438 hit
151 1379 237 1438 nobis
255 1378 396 1451 maxime,
418 1378 469 1436 ubi
498 1376 534 1436 de
564 1377 638 1436 ideis
667 1379 807 1438 Platonis·
824 1393 852 1437 et
870 1378 980 1438 mundo
999 1378 1103 1464 νοητῷ
1132 1378 1210 1441 dats
1237 1400 1286 1463 opt

79 1498 175 1536 sumus
194 1476 296 1535 acturi.
339 1475 449 1550 Quodsi
478 1476 562 1554 quis,
584 1476 668 1535 nulle
686 1476 791 1536 ductus
812 1478 937 1558 partium
957 1480 1075 1556 studio,
1096 1479 1238 1561 perlectu
1254 1478 1286 1539 Pl

79 1590 145 1635 tone
165 1575 360 1655 perpenshque
385 1578 447 1652 ejus
471 1573 674 1654 philosophia,
696 1576 878 1634 Aristotelem
908 1576 1009 1657 legerit
1035 1578 1208 1661 deinceps,
1236 1578 1286 1639 nir

79 1672 231 1753 equidem,
252 1673 276 1731 si
297 1694 355 1732 non
375 1672 572 1753 perspexerit,
594 1673 744 1733 inchoasse
773 1673 865 1733 multa
885 1674 1057 1753 Platonem,
1080 1698 1162 1758 quae
1184 1678 1286 1739 sinu

78 1773 120 1832 les
138 1771 261 1852 perfecit
279 1785 393 1851 postea:
415 1770 493 1831 viam
519 1769 665 1851 discipulo
691 1784 862 1830 monstrasse
890 1793 923 1830 ac
950 1774 1125 1854 patefecisse
1145 1774 1286 1837 doctore!

78 1891 162 1949 quam
182 1869 238 1927 nisi
258 1869 397 1927 tenuisset
413 1868 597 1942 Aristoteles,
618 1882 699 1927 tanta
718 1869 766 1928 hic
790 1884 931 1950 praestare
952 1871 1183 1954 philosophiae,
1211 1886 1286 1954 quau

79 1968 238 2049 praestitit,
259 1966 338 2025 haud
356 1967 624 2047 facilc'potuisset:
646 1968 839 2047 omninoque,
861 1982 891 2027 ut
908 1968 1072 2030 Socraticus
1091 1974 1220 2055 proprie
1238 1972 1286 2033 Plr

78 2067 153 2141 fuit,
175 2067 215 2125 ita
232 2085 297 2124 eum
317 2065 349 2123 in
367 2064 485 2124 medum
503 2064 540 2123 ah
565 2065 620 2124 hoc
646 2064 832 2125 informatum
852 2066 1035 2127 Aristotelem
1053 2069 1169 2146 fuisse,
1200 2086 1234 2131 ut
1250 2090 1281 2133 te

77 2164 136 2224 dici
164 2165 330 2224 Platonicus
350 2164 448 2245 possit.
484 2163 530 2222 Ex
551 2163 630 2244 ipsa,
651 2184 737 2242 quam
762 2164 846 2224 modo
866 2165 1061 2242 instituimus,
1083 2166 1286 2249 disquisition·

77 2265 147 2322 haec
166 2263 305 2322 continuo
332 2260 547 2341 intelliguntur.
590 2263 661 2319 Nam
691 2261 768 2340 qued
796 2262 845 2321 hic
874 2264 994 2344 agitavit
1021 2284 1164 2345 magnum
1194 2288 1263 2327 sane

78 2375 190 2421 vastum
208 2358 383 2433 consilium,
402 2372 434 2416 ut
454 2372 529 2417 artes
548 2378 644 2418 omnes
661 2359 863 2440 doctrinasque
883 2362 1121 2444 philosophando
1140 2366 1286 2461 compleri:

79 2472 158 2516 retur
167 2457 352 2537 ,repositum
374 2456 428 2516 hoc
446 2470 506 2531 est,
536 2470 568 2515 ut
595 2457 770 2533 vidimus,
762 2481 795 2518 ιιι
824 2459 952 2519 Platonis
980 2446 1190 2543 philosophia,
1221 2464 1268 2545 qui

79 2556 162 2616 nullo
176 2576 273 2615 earum
290 2576 394 2635 genere
411 2554 539 2613 alienum
560 2574 618 2614 esse
638 2576 739 2616 verum
759 2557 963 2638 philosophum
980 2560 1204 2637 contendebat,
1225 2580 1286 2642 quot

78 2676 133 2736 que
153 2655 189 2715 ab
208 2655 275 2714 aliis
293 2653 476 2734 postulabat,
498 2653 608 2735 ipsein
627 2654 772 2734 plerisque
788 2654 929 2736 dialogis,
945 2658 976 2716 in
994 2655 1098 2738 primis
1117 2658 1153 2717 in
1178 2660 1286 2719 Tim

78 2756 172 2814 facere
191 2766 405 2834 aggressusest.
447 2755 522 2813 Tum
541 2754 645 2827 etiam,
667 2752 745 2831 qued
765 2754 849 2834 vulgo
868 2754 977 2815 dicitur
995 2757 1107 2837 primus
1133 2758 1228 2819 fuisse
1243 2764 1286 2821 At:

79 2842 210 2927 stoteles,
238 2853 289 2930 qui
310 2851 480 2933 disciplinas
501 2866 566 2932 apte
587 2850 796 2930 distingueret,
806 2852 855 2917 ad
873 2853 955 2913 hoo'
947 2868 1015 2913 rtem
1036 2855 1172 2917 vidimus
1197 2860 1286 2941 sigim

43 2977 48 2990 =
79 2963 144 3011 ante
172 2971 237 3009 eum
266 2950 413 3009 sustulisse
443 2950 602 3009 Platonem
625 2947 657 3029 2)
695 2949 752 3008 Sed
772 2949 826 3010 hoc
850 2950 985 3012 debuit
976 2974 1009 3013 ιιι
1038 2955 1146 3035 primis
1177 2956 1286 3037 magist!

78 3049 258 3130 discipulus,
279 3063 311 3107 ut
330 3047 490 3108 disserendi
512 3049 623 3107 ratione
640 3047 786 3128 analytica
806 3063 934 3108 uteretur
944 3072 1030 3132 ,qua
1055 3054 1187 3113 maxime
1206 3054 1286 3115 dcttt!

80 3149 126 3206 nis
144 3146 351 3227 omnibusque,
380 3168 451 3226 quae
471 3148 625 3220 tractarit,
647 3148 822 3226 argumentis
840 3147 938 3208 lumen
957 3149 1074 3211 affudit:
1106 3153 1205 3234 ipsam
1222 3148 1286 3233 syllt

77 3246 225 3325 gistieam,
247 3257 279 3303 ut
298 3244 387 3305 verho
402 3247 463 3323 jam
482 3244 666 3317 monuimus,
688 3244 832 3325 analytice
848 3249 990 3327 exposuit.
1013 3246 1044 3329 3)

118 3342 205 3419 Quod
224 3358 317 3403 autem
336 3365 441 3405 novam
460 3342 560 3416 illam,
581 3362 666 3420 quam
687 3342 833 3403 invenisse
851 3344 978 3421 dicitur,
999 3347 1173 3408 methodum
1190 3350 1286 3409 attinet

79 3442 132 3502 hec
150 3457 280 3519 constat,
302 3457 333 3502 ut
362 3442 494 3502 inventio
523 3438 671 3521 praecedit
698 3440 916 3520 probationem,
938 3444 978 3502 sic
1006 3444 1217 3527 syllogisticam
1242 3446 1286 3507 sit·

79 3541 230 3620 synthesin
254 3541 365 3622 analysi
393 3539 554 3598 succedere.
605 3539 667 3597 Nisi
694 3540 841 3622 cernendo
865 3542 1071 3622 ,iungendoque
1092 3544 1189 3604 multa
1207 3558 1234 3604 et
1248 3540 1286 3603 aff

80 3639 246 3719 philosophi
267 3654 296 3699 et
314 3639 442 3699 Socrates
465 3658 497 3697 ac
524 3637 624 3712 Plato,
645 3651 673 3697 et
692 3638 754 3719 ipse
772 3638 938 3699 Aristoteles
964 3641 1164 3719 invenissent,
1184 3640 1286 3725 prohat·

112 3909 124 3959 l
156 3910 233 3960 Initio
296 3908 355 3959 245

111 3907 137 4056 2)
156 3927 278 4046 lmitatuli⁸
296 3995 362 4047 adeo
389 3994 467 4045 hao'
460 4010 486 4045 ru
506 4010 533 4044 re
551 3993 684 4045 Platonem
707 3992 862 4048 Aristoteles
882 4004 929 4047 est.
963 3996 1072 4049 Veluti
1066 4014 1091 4048 ιιι
1104 3994 1286 4101 distiugpettfi

78 4088 227 4150 dialectica,
256 4087 386 4139 rhetorica
414 4095 440 4137 et
462 4086 583 4153 politica,
616 4071 789 4152 duodecem,
822 4092 872 4155 ait,
901 4104 958 4141 vno
991 4103 1024 4141 to
1041 4083 1165 4165 σχῆμα
1188 4078 1221 4145 sd
1240 4074 1286 4159 ἤ

77 4180 222 4259 πολιτικῆς
254 4201 271 4257 η
304 4170 458 4257 peruerti,
486 4177 533 4237 καὶ
559 4174 587 4239 ei
613 4174 772 4259 ettenorum
774 4205 840 4242 ιινιιι
867 4176 983 4264 ταύτης.
1011 4197 1111 4249 Rheter.
1132 4199 1151 4252 l
1171 4198 1199 4263 2,
1221 4198 1286 4248 l‘

78 4281 152 4341 Quod
178 4282 267 4330 sumsit
298 4296 312 4329 e
341 4279 455 4331 Platonis
481 4283 573 4348 Gorgia
595 4282 652 4333 lut.
674 4284 703 4333 B.
724 4285 765 4335 uhi
794 4286 826 4336 de
847 4287 886 4336 his
908 4289 972 4353 ipsis
991 4288 1088 4340 artibus
1112 4280 1286 4359 dissensui*

77 4368 138 4431 agit.
175 4366 249 4415 Vidd.
276 4367 352 4416 letitie
372 4383 396 4431 p.
423 4365 485 4428 165,
504 4366 562 4417 250.

111 4449 136 4512 3)
156 4452 231 4501 letitie
249 4468 274 4517 p.
293 4450 350 4501 246.
