2796 5048
713 219 754 279 20

122 385 228 444 saeculi
256 384 453 445 conditionem
471 384 593 463 exigere.
632 384 696 464 lpse
715 403 782 442 vero
797 384 842 442 rir
862 403 987 457 summus
1004 383 1133 442 criticam
1153 385 1194 443 sic
1205 383 1350 447 ¹adhibuit

75 562 78 567 ,
124 516 151 560 et
171 501 207 561 ad
227 500 322 560 literas
350 500 482 559 universe
509 512 537 558 et
565 498 603 558 ad
623 498 770 559 historiam
789 488 946 579 inprimis
968 496 1215 578 philosophicam,
1238 514 1349 563 utnon

121 619 213 677 solum
232 637 270 676 ex
288 615 419 695 fontibus
437 614 582 689 hauriret,
602 615 734 694 ipsosque
748 612 908 692 ‘diligenter
926 613 1020 673 fontes
1037 615 1219 693 grammatica
1236 616 1348 697 ratione

109 732 302 812 exploraret,
324 730 374 807 sed
391 729 519 789 indolem
539 729 704 809 praesertim
729 727 915 807 investigaret
937 740 964 786 et
988 727 1151 807 linguarum
1172 743 1200 788 et
1220 731 1346 810 gentium

124 847 324 924 antiquarum:
346 844 421 904 hanc
445 865 511 904 vere
535 843 713 924 principium
737 862 795 900 esse
819 856 916 917 ratus,
937 826 1018 902 unde·
1034 842 1180 921 judicium
1204 864 1290 907 omne
1313 844 1346 904 de

124 961 237 1040 scriptis
257 973 384 1020 veterum
403 972 431 1018 et
451 959 591 1026 institutis
608 972 635 1016 et
652 955 840 1038 opinionibus
855 958 940 1017 unice
960 971 1031 1017 esset
1048 958 1272 1019 instituendum.
1302 957 1344 1019 Sic

124 1075 161 1133 ad
186 1075 351 1133 interiorem
370 1074 504 1153 pervenit
532 1073 712 1152 antiquitatis
736 1071 903 1144 scientiam,
932 1071 982 1131 sio
992 1072 1115 1152 optimus
1133 1073 1244 1135 exstitit
1270 1072 1343 1132 anti-

122 1211 244 1270 quorum
263 1190 433 1268 scriptorum
454 1189 612 1266 interpres,
632 1187 739 1266 quippe
762 1187 823 1265 ipse
841 1185 928 1265 plane
945 1186 1081 1264 antiquus
1098 1187 1208 1252 faetus:
1230 1188 1274 1249 sic
1291 1208 1342 1251 om·

125 1306 212 1378 uino,
234 1317 265 1362 ut
285 1303 345 1382 ipse
370 1304 477 1382 pariter
499 1301 646 1360 Platonico
670 1300 789 1380 loquar,
810 1301 918 1360 relictis
936 1301 969 1360 in
994 1301 1147 1382 speluncae
1165 1304 1306 1383 angustiis
1318 1317 1341 1361 ut

115 1394 268 1491 tenebris,
289 1418 339 1495 qui
358 1415 437 1494 sequi
456 1416 504 1476 vel
518 1416 632 1477 nollent
650 1416 698 1476 vel
716 1435 777 1475 non
794 1405 908 1496 possent
918 1461 927 1491 ,
950 1418 1011 1498 ipse
1030 1415 1100 1477 inde
1118 1415 1251 1479 escendit
1269 1431 1296 1481 et
1314 1418 1339 1475 in

124 1533 216 1592 lucem
233 1530 342 1612 prodiit
361 1529 548 1607 antiquitatis.

164 1646 258 1704 Video
278 1643 414 1725 epistolae
430 1664 474 1702 me
494 1643 637 1722 finesjam
655 1645 739 1725 longe
758 1667 919 1727 superasse3
940 1646 990 1706 sed
1009 1657 1078 1726 ag'e,
1099 1647 1145 1708 vir
1163 1647 1339 1718 amicissime,

124 1761 209 1819 semel
227 1761 274 1819 his
292 1760 440 1834 transitis,
460 1760 599 1820 concedas
618 1761 691 1823 mihi
714 1761 804 1822 velim
813 1805 822 1835 ,
844 1774 876 1820 ut
899 1781 1013 1840 pergam
1040 1760 1145 1829 libere,
1178 1762 1252 1821 Nam
1270 1759 1341 1840 quod

48 1851 50 1854 ‚
125 1875 239 1935 tandem
258 1887 455 1954 argumentum
475 1896 527 1933 nos
546 1876 634 1955 magis
647 1876 864 1955 jucundiusque
888 1889 1001 1951 teneat,
1021 1898 1107 1955 quam
1126 1878 1224 1957 magni
1243 1877 1301 1941 virt
1319 1888 1343 1935 et

123 1991 207 2049 amici
224 1964 376 2064 memoria,
397 2010 481 2068 quem
499 1989 581 2047 ambo
600 1989 758 2064 coluimus,
779 1989 974 2074 desideramus
993 1991 1101 2051 ambo?

128 2154 131 2160 .
165 2107 256 2165 Homo
280 2081 433 2165 videbatur
461 2103 718 2182 Wyttenhachius,
750 2119 782 2163 ut
805 2105 875 2163 hinc
894 2105 990 2164 denuo
1007 2105 1121 2181 ordiar,
1150 2127 1210 2165 non
1227 2107 1271 2165 sui
1291 2127 1349 2170 seo·

62 2203 69 2219 ’
122 2221 197 2293 culi,
217 2219 267 2278 sed
283 2219 407 2297 antiqui:
428 2239 485 2296 quo
504 2217 609 2292 fiebat,
630 2233 661 2277 ut
680 2240 762 2299 saepe
780 2240 846 2276 cum
861 2239 894 2277 eo
913 2219 1078 2298 colloquens
1097 2220 1134 2279 de
1152 2219 1292 2294 Platone,
1310 2220 1354 2287 de

123 2336 278 2407 Cicerone,
298 2331 334 2392 de
353 2333 492 2407 Homero,
514 2354 574 2392 non
594 2352 651 2392 esse
677 2333 748 2391 mihi
774 2332 907 2408 viderer,
924 2355 980 2411 quo
1000 2354 1094 2407 eram,
1113 2335 1175 2395 loco
1186 2380 1195 2410 ,
1216 2335 1267 2395 sed
1286 2337 1361 2396 sive

121 2449 241 2509 Athenis
260 2447 385 2521 versari,
406 2448 517 2506 sivein
536 2448 668 2523 Piraeeo,
685 2448 752 2515 siff
764 2448 797 2506 in
816 2448 999 2523 Tusculano,
1018 2450 1079 2510 sive
1100 2451 1131 2507 in
1151 2449 1242 2511 beatis
1260 2452 1356 2516 etiam

118 2565 218 2625 Ioniae
246 2561 385 2621 tractibus
408 2576 436 2622 et
460 2561 573 2622 insulis.
609 2564 683 2623 Loca
704 2564 773 2621 haec
799 2565 859 2641 ejus
883 2564 973 2622 menti
996 2565 1036 2622 sic
1060 2577 1142 2623 erant
1171 2564 1264 2627 veluti
1293 2567 1343 2629 in·

119 2701 212 2762 pressa
234 2693 261 2738 et
280 2678 459 2759 praesentia,
482 2693 513 2737 ut
528 2678 688 2760 adspiceret
707 2676 794 2759 plane
810 2677 875 2737 illa:
896 2692 924 2738 et
941 2678 1081 2736 referebat
1095 2681 1155 2756 ejus
1170 2699 1262 2758 sermo
1275 2693 1341 2743 tem·

118 2817 219 2876 porum
237 2793 355 2852 illorum
374 2792 583 2867 urbanitatem,
602 2795 761 2868 referebat,
775 2793 917 2873 pellucidi
936 2794 1028 2852 amnis
1044 2793 1152 2868 instar,
1171 2793 1244 2853 coeli
1263 2794 1343 2859 illius

118 2911 239 2968 nitorem
259 2929 290 2966 ac
310 2907 481 2987 puritatem,
502 2910 612 2986 quoties
641 2909 680 2968 de
705 2908 806 2988 pulcro
827 2921 854 2966 et
874 2907 1011 2982 sublimi,
1033 2909 1068 2968 de
1088 2910 1211 2968 Homero
1229 2924 1258 2969 et
1281 2910 1342 2975 Pla·

116 3037 183 3082 tone
200 3022 377 3102 loquebatur.
408 3023 512 3081 Natum
531 3043 595 3082 cum
614 3024 735 3083 dixisses
754 3022 808 3081 illo
828 3022 881 3081 sub
902 3023 981 3082 coelo
1001 3037 1029 3081 et
1042 3024 1105 3083 illic
1124 3023 1264 3086 habitare.
1286 3026 1342 3087 Sed

115 3137 246 3216 quamvis
263 3136 317 3196 hoc
347 3135 558 3196 admirarentur
581 3139 690 3218 priscae
720 3139 877 3197 venustatis
904 3154 1047 3215 amantes,
1068 3138 1122 3198 hac
1150 3142 1212 3222 ipsa
1236 3143 1342 3203 virtute

116 3251 241 3326 accidit,
264 3251 344 3310 utin
363 3250 553 3331 plurimorum
574 3252 826 3331 reprehensionem
845 3253 1017 3329 incurreret,
1033 3275 1086 3313 nec
1106 3255 1243 3333 injustam
1262 3255 1342 3317 illam

115 3387 238 3447 prorsus.
275 3366 346 3424 Nam
365 3365 470 3425 nolunt
489 3366 638 3440 homines,
659 3366 790 3445 aequales
809 3389 873 3427 suos
892 3367 987 3426 alieno
1005 3369 1103 3429 vivere
1121 3384 1264 3452 tempore:
1293 3371 1342 3433 di-

116 3496 187 3540 cunt
197 3527 205 3556 ,
227 3503 276 3540 suo
291 3502 431 3561 quemque
449 3503 519 3541 aero
539 3483 637 3543 vivere
655 3497 801 3564 oportere:
824 3482 878 3542 hoc
894 3481 994 3543 fecisse
1013 3485 1165 3563 antiquos,
1185 3484 1342 3560 Socratem,

116 3594 273 3670 Periclem,
294 3597 456 3671 Caesarem,
479 3598 662 3657 Ciceronem:
684 3620 804 3678 quorum
824 3598 928 3671 nobis,
949 3613 976 3657 et
1000 3599 1121 3658 literatis
1147 3600 1274 3692 maxime·
1300 3602 1341 3661 vi·

117 3711 175 3784 ris,
202 3710 363 3790 exemplum
389 3713 426 3788 sit
453 3712 635 3773 imitandum.
676 3715 732 3773 Nec
762 3736 852 3794 nego,
877 3712 1136 3793 Wyttenbachium
1164 3711 1218 3802 hoc
1246 3715 1344 3777 studio

117 3824 298 3902 antiquitatis
317 3824 453 3901 ductum,
475 3827 604 3886 crebrius
627 3830 686 3888 fere
710 3852 742 3889 ac
763 3829 873 3889 diutius
894 3830 925 3887 in
946 3820 1073 3888 museum
1090 3849 1118 3885 se
1138 3849 1220 3887 suum
1239 3843 1268 3888 et
1286 3851 1344 3897 an-

116 3941 230 4019 tiquum
260 3940 356 4000 orbem
384 3944 541 4023 recepisse,
562 3965 646 4021 quam
676 3959 823 4025 acceptum
848 3958 918 4002 esset
947 3943 1098 4017 omnibus,
1124 3945 1174 4021 qui
1203 3946 1264 4020 ejus
1283 3945 1343 4005 frui

114 4054 323 4143 consuetudine
344 4070 371 4116 et
390 4056 568 4117 sermonibus
588 4072 734 4138 cuperent.
767 4057 867 4117 Fateor
882 4059 969 4132 item,
991 4058 1097 4117 iactum
1118 4060 1158 4118 sic
1177 4058 1273 4119 rideri
1284 4105 1293 4135 ,
1310 4075 1343 4121 ut

176 4171 269 4229 iernos
297 4184 325 4229 et
338 4192 434 4230 ‘mores
451 4185 481 4231 et
498 4173 628 4231 homines
648 4194 712 4231 uum
730 4173 856 4251 antiquis
885 4175 944 4233 fere
967 4192 1152 4250 comparans,
1173 4194 1254 4252 aegre
1273 4174 1344 4236 illos

184 4284 242 4344 nde
271 4285 372 4345 tulerit
394 4300 421 4344 et
448 4289 574 4346 severius
593 4308 801 4367 nonnunquam
819 4288 1005 4367 judicaverit.
1044 4287 1162 4361 Fateor,
1184 4291 1347 4368 namquid

204 4400 349 4461 rulemus?
370 4401 477 4476 fateor,
498 4403 587 4463 vitam
604 4406 685 4464 istam
703 4404 857 4465 solitariam
877 4403 1004 4464 attulisse
1021 4405 1047 4462 ei
1072 4402 1233 4467 identidem
1250 4424 1345 4465 moru-
