2796 5048
648 272 735 358 ‘sao

83 458 145 499 non
176 437 268 498 solum
298 438 458 518 appetitum
487 438 517 496 in
544 437 660 498 homine
690 459 749 500 esse
775 437 872 521 pulcri
901 453 929 499 et
961 439 1051 513 boni,
1082 436 1133 497 sed
1163 439 1247 498 etiarn
1268 438 1321 498 hoe

80 556 151 595 eum
178 535 281 595 natura
308 547 461 615 appetere,
489 549 521 594 ut
550 556 583 596 ea
612 535 698 596 nobis
718 536 858 599 diuturna
880 551 909 598 et
933 539 1109 618 sempiterna
1128 536 1197 596 sint.
1238 535 1327 596 [lude

80 628 192 708 efficit,
220 652 346 693 amorem
373 633 406 692 in
437 632 524 693 nobis
550 638 798 697 immortalitatis
825 656 885 696 esse
916 635 1058 698 studium.
1098 627 1267 713 Ἀναγκαῖον
1285 627 1327 714 δὴ

80 728 117 792 ἐκ
136 723 247 792 ταύταν
263 722 443 810 roi-tim,
463 730 513 791 aori
534 730 592 814 τῆς
612 727 783 807 ἀθανασίας
800 727 855 794 tia
876 727 976 815 ἔρωτα
997 727 1079 796 eluat.
1106 735 1136 819 1)
1178 731 1266 809 Quod
1293 749 1326 794 ut

79 833 185 906 Plato,
206 833 246 891 ita
266 831 403 893 disertius
428 833 515 892 etiam
536 848 634 916 postea
655 835 777 909 Cicero,
798 857 812 894 e
839 835 949 916 gloriae
969 838 1120 918 appetitu,
1141 841 1192 919 qui
1211 840 1325 902 homini

64 932 179 1005 inest,
198 929 345 1012 probavit.
368 927 403 1008 2)

123 1029 233 1089 Valent
255 1028 325 1087 haec
355 1027 394 1088 ad
420 1029 527 1107 justam
555 1024 707 1090 doctrinae
737 1029 776 1091 de
800 1033 962 1091 animorum
992 1033 1208 1094 immortalitate
1236 1037 1323 1096 inter·

79 1128 290 1210 pretationem:
322 1146 376 1186 nec
406 1146 474 1187 vero
497 1129 759 1207 praetermittamus
788 1129 925 1204 silentio,
954 1131 1010 1189 alit
1036 1131 1112 1192 hanc
1132 1132 1269 1194 methodo
1287 1134 1324 1194 ab

80 1226 229 1306 antiquis,
260 1236 336 1285 certe
363 1246 379 1284 a
410 1224 550 1302 Platone,
579 1226 637 1286 alia
665 1246 681 1285 a
709 1226 919 1287 recentioribus
943 1227 1126 1309 philosophis
1155 1230 1324 1311 explicitam

78 1343 152 1384 esse.
192 1320 233 1381 Hi
253 1323 313 1382 lere
332 1322 507 1403 syllogismis
527 1324 737 1385 connectendis
754 1338 784 1385 et
800 1340 1007 1406 geometrarum
1026 1348 1104 1388 more
1114 1373 1124 1402 ,
1144 1329 1218 1406 quin
1237 1331 1324 1388 etiarn

79 1421 120 1482 ad
135 1420 366 1480 mathematicam
386 1420 567 1482 evidentiam
595 1435 623 1482 et
647 1417 810 1506 ἀκρίβειαν,
831 1443 892 1482 rem
915 1443 1061 1505 exponere
1080 1437 1108 1484 et
1129 1425 1324 1488 demonstrare

79 1524 178 1585 annisi
198 1537 281 1584 suut:
301 1519 380 1606 quod
394 1523 441 1583 illi
461 1525 567 1601 etiam,
587 1526 638 1605 qui
658 1527 691 1585 in
711 1528 816 1608 primis
834 1526 983 1596 Platonem
994 1525 1235 1606 admirabantur,
1255 1549 1321 1591 uc.

80 1622 178 1684 Moses
204 1619 340 1681 Mendeli
369 1621 468 1699 filius,
489 1621 670 1685 factitarunt.
711 1625 792 1685 Plato
825 1645 913 1701 vero,
942 1625 1088 1686 Socratica
1114 1648 1182 1688 usus
1209 1627 1323 1688 metho-

78 1721 138 1797 do,
159 1742 214 1803 per
236 1713 396 1803 irraywyrir
419 1743 471 1782 nos
491 1721 529 1783 ad
547 1722 589 1781 rei
608 1723 823 1803 persuasionem
842 1722 945 1800 ducit,
968 1737 1000 1785 ut
1018 1736 1077 1785 tota
1099 1725 1153 1785 illa
1171 1727 1205 1787 in
1224 1727 1321 1786 Plour-

77 1822 152 1880 dona
179 1819 233 1882 hoc
263 1821 301 1882 de
329 1823 439 1904 placito
466 1820 642 1902 disputatio,
664 1822 797 1901 quamvis
824 1822 958 1903 partibus
977 1823 1122 1902 variisque
1142 1837 1322 1904 argumenta·

75 1917 210 1978 tionibus
237 1917 399 1996 distincta,
429 1940 488 1979 una
518 1919 555 1978 sit
583 1931 680 1978 tamen
707 1934 737 1980 et
766 1921 906 1979 continua
935 1920 1200 1998 demonstratio,a
1226 1923 1322 2003 speeie

76 2019 206 2100 primum
232 2033 261 2079 et
288 2017 495 2102 probabilitate
523 2017 611 2078 ducta
622 2064 631 2093 ,
660 2017 732 2079 inde
762 2033 859 2079 autem
879 2017 1018 2100 deinceps
1036 2017 1074 2078 ad
1092 2021 1133 2079 rei
1151 2021 1319 2097 scientiam,

77 2129 157 2176 certe
176 2116 408 2199 persuasionem,
429 2118 510 2199 quasi
531 2137 582 2198 per
597 2115 703 2198 gradus
724 2116 891 2177 ascendens.
933 2117 998 2191 Quo
1017 2117 1107 2197 magis
1125 2117 1320 2198 vituperanda

77 2212 198 2274 illorum
225 2217 370 2276 temeritas
398 2230 460 2292 est,
490 2217 540 2296 qui
552 2261 561 2290 ,
591 2215 716 2296 singulis
743 2215 911 2296 singulatim
939 2215 1238 2296 argumentationibus
1266 2214 1321 2276 sub

77 2320 200 2372 examen
230 2315 389 2390 revocatis,
411 2313 572 2394 iisdemque
601 2334 687 2396 porro
715 2314 850 2392 rejectis,
872 2315 1023 2374 universas
1039 2313 1187 2392 rejiciunt.
1230 2314 1322 2374 Totus

77 2409 165 2470 nobis
194 2430 253 2470 uno
276 2424 376 2471 tenore
404 2409 598 2493 perlegendas
627 2409 760 2491 dialogus
784 2423 845 2489 est,
878 2425 911 2471 ut
937 2432 1003 2471 eum
1024 2422 1101 2471 recte
1119 2411 1319 2493 intelligamus

76 2526 111 2567 ao
140 2509 336 2589 persuasionis
363 2507 435 2570 inde
462 2507 590 2568 fructum
616 2506 653 2567 de
682 2528 715 2566 re
742 2510 873 2568 omnium
897 2507 1066 2588 grauissima
1084 2528 1187 2571 verum
1207 2509 1317 2569 uberri·

76 2625 213 2687 mumque
243 2607 446 2689 percipiamus.
488 2608 533 2669 Ita
559 2605 696 2666 iecerunt
724 2605 856 2685 antiqui:
887 2618 972 2686 atque
995 2606 1066 2666 inde
1089 2605 1320 2684 declarandum,

76 2726 167 2785 quare
185 2718 296 2764 tantam
313 2705 400 2767 lectio
418 2704 550 2787 dialogi,
570 2716 710 2786 quantam
730 2705 884 2781 novimus,
913 2705 947 2763 in
964 2705 1114 2786 principes
1133 2705 1219 2764 etiam
1240 2706 1320 2767 viros

77 2802 139 2863 vim
168 2814 197 2862 et
222 2800 424 2864 efficacitatem
451 2802 599 2866 habuerit.
641 2801 777 2863 Sed'hic
805 2801 887 2862 locus
917 2823 970 2862 uos
989 2800 1111 2862 adducit
1118 2849 1128 2878 ,
1149 2817 1201 2879 ut,
1221 2803 1318 2885 prouti

76 2897 163 2962 modo
183 2898 222 2959 de
239 2900 358 2963 Politia
379 2902 527 2980 Platonis,
548 2902 589 2963 ita
607 2902 657 2962 hic
677 2900 714 2962 de
732 2903 794 2983 ejus
814 2900 977 2961 Phaedone
995 2898 1063 2960 data
1083 2902 1170 2984 operl
1191 2920 1318 2983 agamus.

433 3096 978 3166 DaPlotoaiaPlraedone.

118 3291 274 3375 Scripsisse
301 3291 381 3354 hunc
407 3292 555 3377 dialogum
584 3291 776 3378 philosophus
801 3291 937 3370 videtur,
958 3293 1060 3376 paullo
1088 3306 1152 3376 post
1178 3293 1319 3374 quemad

77 3391 169 3451 linem
195 3390 343 3452 Politiom
364 3390 509 3470 duxerat,
531 3407 608 3454 certe
636 3393 669 3452 ei
693 3404 804 3468 aetate,
823 3414 880 3472 qua
906 3395 1034 3455 maxima
1053 3392 1172 3472 iugenio
1191 3391 1317 3472 philoso-

76 3486 248 3570 phandiqae
277 3489 373 3550 studio
402 3504 430 3551 et
457 3490 596 3552 facultate
622 3490 749 3571 vigebat.
801 3491 873 3550 Nam
900 3488 981 3548 abest
1009 3489 1155 3565 multum,
1175 3503 1228 3565 ut,
1250 3489 1317 3548 scri·

76 3584 176 3647 hendo
206 3587 279 3665 illo,
310 3586 453 3649 Socratem
480 3588 566 3650 nobis
595 3587 791 3664 solummodo,
811 3586 1054 3670 quemadmodum
1077 3587 1110 3646 in
1137 3606 1251 3647 carcere
1281 3587 1318 3648 dc

74 3684 239 3744 animorum
269 3684 483 3748 immortalitate
512 3685 653 3762 dixisset,
681 3701 742 3747 tum
768 3687 855 3747 etiam
883 3699 1003 3747 mortem
1032 3683 1185 3761 subiisset,
1206 3684 1318 3747 descri-

75 3781 146 3843 bere
175 3782 313 3846 studcret.
354 3784 435 3845 Fecit
460 3784 538 3846 illud
566 3805 654 3845 sane:
683 3797 712 3845 et
741 3784 796 3846 hoe
823 3784 934 3867 agendo
964 3785 1061 3844 lorum
1078 3783 1165 3844 simul
1183 3781 1264 3843 huuc
1284 3784 1318 3844 in

74 3879 262 3963 philosophia
281 3881 490 3965 amplissimum
509 3882 546 3944 de
566 3883 665 3943 futura
683 3882 744 3944 vita
762 3883 961 3967 perpurgavit.
1003 3880 1062 3943 Sed
1080 3881 1179 3958 idem,
1199 3882 1224 3942 si
1243 3879 1318 3960 quid

75 3975 189 4039 deesset
214 3980 248 4039 in
267 3979 403 4057 Politia,
425 4002 482 4061 quo
508 3982 623 4062 justitia
650 3978 919 4058 commendaretur,
949 3977 982 4042 id
1007 3980 1055 4041 his
1073 3978 1247 4040 enarrandis
1264 3979 1313 4040 So

78 4176 337 4194 —5--

113 4282 125 4333 1
231 4282 315 4335 .207.
334 4284 366 4337 Α.
1036 4321 1045 4337 x

111 4279 138 4435 2i
156 4285 231 4429 ΕΡ
244 4373 304 4427 208.
328 4375 356 4429 G.
393 4374 447 4428 (lit.
467 4393 515 4444 pro
534 4375 632 4429 Arabia
651 4394 672 4428 t.
688 4375 726 4427 ’11
751 4385 779 4428 et
796 4376 836 4429 12.
881 4376 921 4431 Of.
947 4377 992 4429 filii
1020 4375 1181 4434 melciano
1198 4367 1315 4448 φιλοπλ.

78 4479 104 4531 p.
125 4463 183 4516 tet.
202 4481 259 4533 sqq.
1263 4461 1265 4465 ’
