2796 5048
660 185 699 245 28

65 371 158 410 rerum
175 351 327 409 naturam?
349 349 476 414 Orientis
495 348 563 407 solis
581 347 802 427 descriptionem
822 348 1000 407 Homericam
1020 349 1084 427 quis
1104 363 1195 430 potest
1205 352 1288 411 iutel-

65 466 151 544 ligere
161 511 171 538 ‚
192 464 242 542 qui
264 465 339 522 intra
357 463 469 522 moenia
489 475 624 545 perpetuo
644 476 673 520 et
691 451 812 541 parietes
828 461 930 535 latuit,
957 475 984 520 et
1003 482 1105 542 expers
1124 478 1164 522 est
1184 467 1291 544 magni·

63 578 244 640 ficentissimi
269 577 450 657 spectaculi?
481 577 537 637 Hic
558 597 657 636 versus
674 579 790 654 poitur:

238 686 316 765 Ἠώς
337 686 365 752 d'
386 689 417 752 ἕκ
438 687 548 771 λιχέων
569 685 638 772 παρ’
658 683 770 769 dyoooai
794 693 943 753 Τιθωνοῖο

144 851 147 858 -
231 805 371 893 Ὦρνυθζ
393 805 428 870 i'v'
449 804 623 872 ἀθανάτοισι
646 804 731 892 φόως
753 805 838 894 φέροι
859 806 913 893 ἥδε
934 815 1095 892 βροτοῖσιν·

61 947 90 992 et
109 933 169 991 alia
187 931 293 991 similia
313 932 389 990 iuter
407 930 615 992 ambulandum
632 929 782 1004 recitabat,
803 951 873 990 voce
892 930 1009 1010 quidem
1029 955 1088 991 non
1108 953 1210 993 canora
1221 932 1290 1013 ,sed
1312 969 1313 976 ι

63 1039 119 1108 illo
135 1060 164 1107 et
182 1068 267 1106 sensu
285 1060 313 1106 et
332 1048 453 1121 affectu,
474 1061 506 1104 ut
524 1047 641 1126 penitus
658 1059 783 1107 moveret
800 1045 951 1105 audientes
968 1059 1052 1125 atque
1072 1047 1103 1105 in
1122 1047 1291 1107 admiratio-

64 1183 133 1222 nem
162 1175 273 1244 raperet
301 1162 437 1236 Homeri,
458 1161 585 1235 Horatii,
606 1161 797 1239 antiquorum.
840 1159 887 1219 ste
911 1160 1103 1221 rusticabatur
1131 1161 1289 1221 nobiscum.

62 1278 138 1336 Nam
155 1276 288 1357 prodesse
306 1275 459 1357 discipulis
477 1277 508 1334 in
527 1275 633 1335 scholis
651 1296 712 1336 non
731 1288 842 1334 tantum
860 1274 1010 1349 studebat,
1031 1275 1082 1336 sed
1102 1276 1132 1334 in
1153 1274 1289 1336 familiari

61 1393 189 1451 maxime
207 1391 284 1451 vitae
311 1389 539 1465 consuetudine,
563 1404 593 1449 ut
616 1391 719 1470 quavis
741 1392 954 1470 opportunitate
983 1391 1093 1450 animos
1112 1411 1207 1449 eorum
1234 1391 1291 1450 im-

61 1507 166 1566 bueret
181 1504 310 1564 sensibus
328 1502 514 1564 sublimibus:
536 1505 614 1584 quod
633 1506 669 1564 iis
688 1505 872 1565 vehementer
891 1505 1032 1587 placebat.
1074 1507 1173 1584 Itaque
1191 1520 1290 1579 erant,

61 1619 207 1704 postremi
224 1619 341 1698 quidem
367 1620 425 1680 viri
448 1633 556 1695 aetate,
573 1620 624 1699 qui
641 1620 675 1677 in
694 1622 755 1699 ejus
774 1621 883 1681 vicinia
901 1620 962 1686 sire
989 1615 1123 1682 villulam
1142 1641 1191 1681 seu
1209 1621 1291 1717 aliud

62 1735 217 1816 quodlibet
245 1734 457 1814 receptaculum
478 1747 666 1813 quaererent,
688 1734 739 1794 ubi
768 1736 853 1795 ferias
880 1736 1088 1814 transigerent,
1110 1750 1142 1795 ut
1169 1756 1291 1817 nempe,

62 1848 160 1930 quoad
176 1863 290 1929 possent
308 1870 340 1908 ae
359 1847 478 1923 liceret,
494 1856 515 1906 ‘a
538 1849 613 1908 senis
633 1848 721 1907 latere
741 1871 800 1908 non
820 1849 1010 1910 discederent.
1053 1851 1169 1910 Etenim
1185 1850 1292 1932 dilige-

61 1966 114 2025 bat
135 1963 294 2046 discipulos
313 1985 378 2023 suos
396 1978 424 2023 et
444 1964 484 2023 sic
504 1963 540 2022 ab
558 1964 594 2022 iis
613 1962 788 2043 diligebatur
806 1964 941 2024 vicissim.
983 1965 1055 2024 Nam
1072 1966 1217 2026 verissime
1236 1987 1291 2026 an-

61 2080 158 2160 tiqui:
178 2087 206 2138 ei
218 2086 264 2138 oia
278 2087 399 2154 omum,
419 2100 509 2139 uma..
536 2079 597 2139 Hac
616 2077 668 2137 ille
683 2078 740 2138 fuit
754 2079 786 2138 in
800 2079 905 2138 amicos
919 2077 992 2155 fide,
1011 2080 1065 2139 hac
1080 2080 1112 2139 in
1133 2079 1291 2162 discipulos

61 2195 262 2254 benivolentia
282 2208 309 2254 et
328 2215 395 2255 vero
414 2195 546 2253 caritate:
563 2208 591 2253 et
605 2192 767 2269 miraberis,
783 2195 1016 2281 Creuzeregyos,
1031 2209 1141 2255 mortuo
1152 2195 1229 2271 viro,
1249 2196 1289 2255 sic

61 2331 163 2370 omnes
177 2311 282 2369 animis
294 2310 405 2370 affectos
420 2310 525 2384 fuisse,
539 2310 597 2369 acsi
610 2310 755 2368 communi
773 2329 893 2380 essemus
911 2306 1030 2390 parente
1039 2324 1066 2369 et
1075 2311 1167 2399 amico
1176 2309 1289 2370 orbati?

104 2427 200 2506 Ergo,
217 2424 349 2485 ¹utilluc
378 2439 523 2499 revertar,
549 2425 694 2485 recesserit
718 2425 778 2482 fere
804 2423 1048 2504 Wyttenbachius
1076 2425 1112 2484 ab
1139 2425 1289 2484 bominum

62 2564 118 2601 usu
140 2555 168 2600 et
185 2540 364 2600 transtulerit
383 2560 411 2598 se
431 2541 609 2620 intempore
633 2552 763 2613 vetusta,
783 2537 982 2618 praesentibus
1000 2553 1095 2599 tamen
1115 2539 1289 2620 temporibus

61 2655 146 2715 haud
166 2654 348 2714 mediocriter
366 2653 541 2714 consulebat.
582 2654 667 2728 Quod
692 2655 771 2712 enim
790 2674 913 2728 munus,
935 2668 966 2712 ut
994 2655 1035 2713 ait
1052 2656 1170 2730 Cicero,
1191 2656 1290 2735 reipu-

61 2770 160 2829 blicae
179 2770 276 2828 afferre
291 2771 381 2847 majus
398 2749 556 2846 meliusque
574 2757 829 2850 possumus,quam
847 2767 871 2826 si
887 2766 1020 2827 docemus
1038 2782 1122 2848 atque
1142 2769 1289 2827 erudimus

58 2887 270 2965 juventutem?
291 2885 352 2943 Hae
366 2899 459 2942 autem
475 2884 507 2941 in
526 2904 556 2946 re
574 2884 629 2963 ipsi
643 2904 710 2944 cum
729 2859 864 2942 Cicerone
877 2883 964 2964 plane
973 2882 1172 2942 conveniebat.
1201 2883 1288 2942 Haud

63 3003 173 3060 frustra
192 3000 244 3058 ille
261 2999 382 3059 Athenis
409 2997 572 3057 morabatur
589 3012 617 3057 et
632 2998 779 3079 repetebat
797 2997 996 3073 Academiam,
1017 3000 1069 3056 ubi
1094 2999 1209 3057 hortuli
1238 3001 1288 3057 illi

63 3124 163 3175 uicini
181 3124 281 3192 ipsum
301 3116 480 3173 videbantur
498 3113 657 3172 Platonem
676 3122 711 3172 in
731 3121 798 3190 ejus
817 3123 971 3190 conapeetu
989 3135 1105 3190 ponere.
1137 3112 1172 3172 ld
1192 3114 1286 3173 effece-

64 3245 135 3291 runt
154 3251 290 3289 excursus
309 3229 356 3288 illi
376 3231 407 3289 iu
431 3228 579 3288 Graeciam
598 3243 625 3289 et
648 3231 680 3288 in
698 3227 866 3288 Academiae
891 3251 948 3289 non
968 3221 1035 3287 ainox
1052 3250 1159 3287 caussa
1180 3231 1287 3287 nohili-

64 3359 132 3407 tota
153 3355 270 3425 spatio,
291 3360 323 3406 ut
341 3345 563 3436 unugomnium
581 3347 773 3404 Romanorum
789 3342 1070 3424 maxime’populum
1089 3342 1215 3402 erudiret
1233 3346 1287 3403 Ro·

64 3485 203 3538 manum,
223 3462 417 3539 imbueretque
428 3460 662 3541 ’generosissimos
679 3479 804 3537 quosque
820 3462 943 3538 juvenes
960 3457 1076 3517 Graecis
1095 3459 1203 3532 literis,
1223 3457 1285 3537 pbi-

64 3578 197 3660 losophia
207 3624 215 3651 ,
236 3576 332 3637 studio
350 3576 485 3634 Platonis.
515 3574 602 3633 Haud
621 3573 737 3653 quidem
757 3575 865 3654 primus
881 3574 938 3632 fuit
958 3572 1199 3652 Wyttenbachius
1209 3617 1217 3646 ,
1236 3573 1284 3650 qui

67 3695 100 3754 id
120 3668 284 3751 institueret
303 3691 335 3750 in
354 3688 518 3768 regionibus
532 3688 619 3748 hisce.
650 3690 722 3747 Nam
737 3702 768 3748 ut
784 3702 850 3747 ante
870 3687 1014 3767 Scaliger,
1028 3689 1070 3746 ita
1088 3701 1183 3768 postea
1201 3688 1284 3746 Hem·
1327 3725 1328 3728 =

66 3807 244 3880 sterhusius,
265 3804 370 3884 quique
398 3804 500 3863 horum
526 3818 607 3864 erant
626 3804 786 3879 simillimi,
806 3803 922 3863 Graecis
942 3803 1033 3862 literis
1051 3804 1179 3863 excolere
1200 3803 1285 3861 Bata-

67 3944 119 3984 vos
137 3921 320 3981 studuerunt.
362 3919 418 3979 Sed
436 3919 537 3979 horum
558 3941 641 3979 nemo
663 3921 750 3980 fuisse
777 3919 910 3995 videtur,
931 3920 980 3998 qui
1002 3919 1033 3978 id
1054 3919 1180 3983 studeret
1197 3918 1285 3999 perfi-

66 4050 200 4115 ceretque
220 4034 374 4094 efficacius.
416 4034 563 4093 Lucebant
580 4032 725 4114 praeclare
743 4033 913 4092 excellentia
932 4033 1001 4093 haee
1020 4035 1155 4113 ingenia,
1177 4034 1226 4093 scd
1246 4035 1285 4092 ita

67 4151 208 4213 lucebant
226 4151 304 4225 fere,
326 4163 471 4232 uteorum
499 4148 597 4207 lumen
623 4147 783 4208 adverteret
805 4170 926 4229 paucos,
947 4149 1049 4207 caeteri
1077 4161 1225 4228 pergerent
1252 4149 1282 4206 in

66 4266 197 4329 tenebris
217 4266 320 4324 suiset
343 4262 473 4322 barbarie
499 4265 614 4325 versari.
645 4264 793 4324 ‘Exortum
817 4286 883 4323 vcro
900 4279 941 4323 est
959 4261 1178 4353 Wyttenbachii
1196 4275 1284 4321 aetate

67 4402 179 4444 novum
198 4378 342 4459 quoddam
358 4379 617 4458 jureconsultorum
634 4393 662 4438 et
682 4401 748 4442 vero
768 4378 961 4459 theologorum
979 4370 1067 4458 genu's
1077 4424 1085 4451 ,
1110 4376 1286 4451 humanum,
