2796 5048
644 204 683 265 ts

54 388 205 448 rursusque
232 367 288 426 huc
312 367 419 428 venire.
461 364 491 446 l)
527 366 698 445 Quicunque
726 367 803 425 enim
831 366 871 424 sic
899 386 1015 447 corpore
1041 368 1193 443 exierunt,
1223 382 1271 442 ut,

54 467 158 548 polluti
187 466 249 543 ejus
278 466 464 544 contagione,
485 465 582 544 pravis
607 460 772 523 etiamnunc
796 463 939 524 ducantur
958 465 1150 545 appetitibus,
1171 465 1270 527 libidi-

53 564 157 641 nibus,
178 562 302 638 studiis,
331 563 436 622 reverti
465 561 582 622 student
611 561 689 622 uude
718 561 918 622 discesserunt.
958 562 1022 636 Quo
1046 562 1097 637 fit,
1119 576 1150 622 ut
1177 584 1273 624 eorum

10 644 16 653 ’
52 662 172 722 umbrae
191 674 221 720 et
238 660 374 740 imagines
394 681 444 741 per
463 659 593 768 sepulcra
611 661 671 719 fere
695 673 722 719 et
745 672 928 719 monumenta
955 676 1102 757 vagentur.
1143 662 1275 723 Induunt

51 761 140 841 igitur
159 758 258 819 alia
236 778 297 820 sve
313 757 462 815 hominum
489 758 550 818 sive
576 756 744 817 animalium
763 777 898 838 corpora,
919 778 990 867 quae
1009 759 1131 818 maxime
1150 760 1275 840 ipsorum

52 858 158 919 studiis
182 856 367 917 conveniant.
414 854 449 914 In
472 855 566 915 asinos
594 856 716 936 migrant
740 856 910 929 libidinosi,
939 856 971 913 iu
1000 855 1082 936 lupos
1110 858 1276 937 tyrannici,

52 957 209 1016 sedatiores
227 955 260 1013 in
278 973 362 1033 apes,
384 973 501 1033 vespas,
521 952 653 1012 formicas
678 954 726 1015 vel
744 955 776 1013 iu
803 946 904 1012 similis
923 952 1031 1012 indolis
1049 953 1188 1015 homines.
1230 956 1274 1016 Ad

23 1115 25 1122 ⁴
53 1055 129 1113 Deos
157 1073 226 1112 vero
248 1050 374 1109 -uansire
401 1050 510 1109 nemini
537 1049 624 1127 licet,
653 1052 725 1131 quin
752 1050 789 1110 ab
807 1052 884 1110 omni
904 1052 1030 1132 corporis
1053 1051 1118 1110 labe
1142 1054 1278 1113 immunis

54 1152 93 1210 sit
111 1164 140 1209 et
158 1169 257 1231 purus.
279 1143 311 1228 2)
409 1146 417 1175 ⁸

98 1246 158 1307 Sed
175 1260 208 1306 ut
227 1245 350 1305 occurrit
378 1245 410 1303 in
434 1243 480 1304 his
506 1245 639 1305 omuibus
666 1246 851 1327 Pythagorica
879 1245 916 1306 de
934 1247 1091 1305 animorum
1112 1247 1280 1327 migratione

55 1345 217 1418 sententia,
238 1344 296 1417 ita,
316 1342 395 1421 quod
413 1342 500 1402 latere
520 1364 571 1403 uos
591 1364 650 1403 non
670 1358 795 1424 oportet,
815 1365 985 1424 quamquam
1003 1344 1156 1425 negligitur·
1173 1367 1189 1404 a
1208 1346 1280 1405 mul·

54 1443 114 1518 tis,
133 1441 298 1533 dominatur
316 1441 349 1499 in
366 1439 469 1499 iisdem
488 1461 620 1521 germana
639 1440 691 1500 illa
707 1440 930 1523 philosophandi
949 1442 1021 1501 ratio
1031 1489 1039 1516 ,
1059 1465 1143 1522 quam
1168 1443 1281 1502 Platoni

55 1528 183 1600 maxime
203 1540 353 1649 'propriam
381 1538 468 1597 fuisse
497 1539 635 1599 diximus.
682 1540 726 1599 Ex
756 1540 929 1621 Pythagorae
956 1542 1036 1603 effato
1062 1562 1168 1622 poenas
1196 1541 1283 1602 luunt

56 1640 150 1699 animi
168 1659 221 1720 pro
239 1637 393 1697 commissis
421 1635 546 1744 flagitiis
588 1639 676 1712 Quae
684 1637 825 1696 sententia
853 1638 963 1697 obtinet
992 1639 1124 1698 universe
1151 1640 1183 1698 in
1210 1638 1281 1719 frag·

57 1737 166 1796 mentis
184 1734 468 1816 Pythagoreorum,
460 1756 493 1793 ιιι
510 1735 611 1815 primis
630 1734 820 1816 Empedoclis.
861 1736 903 1810 ls,
923 1750 992 1796 teste
1007 1736 1160 1796 Plutarcho
1169 1736 1282 1818 ,in3)

56 1837 124 1917 ipso
140 1832 338 1914 philosophiae
352 1832 495 1913 prooemio
514 1833 700 1913 pronunciat,
717 1834 741 1893 si
754 1834 818 1913 quis
836 1833 1005 1893 daemonum
1021 1845 1142 1912 peccato
1156 1845 1185 1893 at
1197 1837 1283 1894 caude

55 1933 192 1991 membru
205 1932 370 2008 polluerit,
390 1931 448 1990 fato
463 1931 561 2009 juberi
580 1952 631 2012 per
649 1931 767 2011 triginta
785 1952 925 1991 annorum
940 1931 1031 1992 millia
1049 1932 1199 2009 oberrare,
1218 1933 1283 1993 hea-

55 2045 155 2090 torum
171 2029 296 2091 concilio
315 2027 480 2087 exclusum:

215 2120 275 2187 ἔστι
297 2120 323 2186 τ’
342 2119 481 2206 Ἀαάιιιης
501 2123 622 2208 χρῆμα,
643 2124 726 2188 θεῶν
745 2119 891 2208 ψήφισμα
910 2120 1049 2202 παλαιόν,

215 2221 283 2289 εὖτέ
301 2250 345 2302 τις
366 2221 544 2313 ἄμαλωιλῃσι
566 2221 652 2314 φόνῳ
674 2226 746 2309 φίλα
766 2231 833 2309 γυῖα
853 2223 961 2316 μιῄνῃ,

210 2327 351 2420 δαίμιινις
373 2324 404 2393 οἵ
422 2353 454 2391 τι
475 2327 658 2413 μακραίωνος
678 2323 839 2411 λελόγχασι·
852 2329 939 2412 βίοιο·

154 2429 157 2435 ’
215 2430 280 2516 τρίς
299 2457 351 2512 μιν
370 2431 479 2517 μυρίας
500 2425 580 2514 douc
601 2428 661 2494 siud
681 2427 824 2515 μακάρων
844 2427 1020 2516 ἀλάλησθαι.
1031 2438 1062 2519 l)

52 2537 153 2600 Unde
166 2537 325 2596 animorum
344 2551 406 2617 post
419 2551 536 2597 mortem
556 2535 711 2616 supplicia,
732 2535 837 2614 quibus
855 2537 975 2617 expiant
994 2537 1098 2598 scelera
1116 2550 1144 2597 et
1157 2558 1285 2618 purgau-

53 2653 131 2710 tur,
153 2634 238 2694 ducta
256 2634 308 2693 illa
327 2655 362 2692 ex
382 2635 556 2714 Pythagorae
576 2632 731 2713 disciplina
744 2646 772 2692 et
789 2633 932 2692 celebrata
950 2655 966 2691 a
984 2634 1124 2717 Virgilio:
1189 2709 1193 2718 ι

226 2731 309 2812 Ergo
327 2741 507 2790 exercentur
521 2737 642 2807 poeuis,
661 2740 849 2809 veterumque
869 2732 1016 2789 malorum

230 2829 388 2906 Supplicia
409 2831 587 2907 expendunt.
631 2830 722 2887 Aliae
735 2832 918 2906 panduntur
935 2837 1038 2889 inanis

150 2988 153 2997 ,
231 2910 397 3004 Suspensue
415 2929 455 2985 ud
471 2937 588 2986 uentos:
609 2927 681 2985 altu
701 2928 753 2986 sub
770 2936 896 3010 gurgite
914 2938 996 2988 uasto

230 3025 385 3101 Infectam
404 3028 520 3084 eluitur
539 3026 634 3084 scelus
644 3070 653 3099 ,
674 3034 729 3082 uut
747 3034 891 3084 esuritur
906 3034 982 3108 igni.
1004 3065 1035 3074 -

229 3123 330 3182 Donec
349 3126 438 3206 louge
457 3126 536 3198 dies,
552 3126 687 3201 perfectu
706 3132 847 3201 temporis
864 3127 929 3184 orbe
939 3171 948 3200 ,

231 3221 407 3281 Concretum
425 3231 535 3282 exemit
555 3224 647 3280 labem
657 3269 666 3298 ,
685 3243 854 3300 purumque
872 3223 999 3301 reliquit

210 3341 212 3350 ·
231 3320 410 3379 Aetherium
429 3343 564 3395 sensum,
585 3331 674 3399 utque
687 3327 786 3377 -uuruu'
804 3321 950 3397 simplicis
967 3328 1076 3400 iguem.
1098 3318 1129 3401 5)

38 3403 241 3498 'anuadrat
259 3418 327 3478 haec
347 3418 478 3478 doctrina
498 3418 673 3477 sacerdotum
703 3419 734 3477 in
754 3421 883 3498 Aegypto
911 3419 1034 3493 rationi,
1055 3417 1194 3497 aquibus
1221 3438 1290 3499 pro-

66 3520 145 3577 fecta
164 3529 214 3576 est.
235 3517 392 3576 Hominum
409 3530 516 3598 spectat
536 3516 766 3594 castigationem,
781 3516 928 3596 religionis
946 3529 1063 3596 usurpat
1082 3516 1290 3590 auctoritatem,

67 3613 250 3676 sacerdotum
270 3616 444 3675 severitatem
465 3613 597 3673 habetet
624 3614 703 3691 quasi
724 3635 821 3672 vocem
849 3615 943 3673 refert.
985 3612 1041 3672 Sed
1068 3613 1194 3674 Socrates
1213 3613 1291 3694 apud

68 3714 221 3774 Platonem
248 3714 287 3772 sic
317 3713 463 3793 disputat,
496 3726 525 3770 ut
547 3713 753 3788 philosophum
783 3711 866 3770 nobis
895 3711 1011 3787 audire,
1033 3734 1091 3771 non
1119 3711 1291 3772 sacerdotem

69 3812 232 3876 videamur.
274 3810 422 3892 Supplicia
441 3823 594 3885 memorat,
614 3807 718 3888 quihus
740 3824 913 3869 mortuorum
931 3807 1095 3869 afficiuntur
1112 3809 1219 3888 animi,
1242 3806 1292 3867 sed

76 3935 220 3944 -.-—--·-
221 3935 332 3942 —..--

111 3993 137 4057 tt
156 3995 248 4045 Pauus
267 3995 308 4045 ιο
327 3994 355 4046 e.

110 4078 137 4144 2)
158 4081 217 4130 Eud
235 4078 279 4131 81
297 4080 326 4131 Β.
345 4079 385 4131 Cl-
408 4080 465 4130 Tim.
484 4079 525 4131 42.
544 4080 573 4132 B.
592 4079 619 4132 G.

110 4163 138 4229 3)
157 4164 195 4214 Dc
208 4165 288 4215 Eusil.
307 4164 365 4216 sot.
385 4153 420 4217 C.

111 4247 138 4312 ll
159 4246 197 4300 ct.
218 4249 282 4301 Plus.
298 4250 330 4301 de
346 4250 378 4301 ls.
390 4259 416 4302 et
431 4248 475 4301 Os
493 4248 723 4304 uenenatas
745 4253 853 4322 Emped.
869 4255 1007 4307 sententias
1025 4252 1092 4320 apud
1113 4250 1184 4318 Wytt.
1197 4248 1291 4318 Opusc.

15 4365 18 4369 <
77 4333 532 4388 tt.5asct.1taruen.1²hi1.vu
552 4335 616 4390 ttett
634 4336 664 4390 ll.
681 4337 722 4390 st
740 4339 789 4391 50⁷
808 4356 845 4408 sq.

113 4416 355 4484 5)aan.v1.t39.
