2796 5048
724 199 783 259 42¹2

133 394 202 445 nor,
231 389 303 448 quae
334 386 401 424 vera
427 368 464 425 sit
492 364 625 423 habenda
646 363 810 441 linguarum
831 361 1034 442 philosophia,
1067 375 1098 420 et
1116 361 1206 439 quale
1227 364 1280 435 sit,
1297 363 1353 441 quod

124 470 210 548 vulgo
231 466 328 527 dicere
353 466 574 535 consuevimus,
601 465 839 539 metaphyaieum
867 462 1049 541 linguarum
1066 463 1210 521 studium
1220 507 1229 534 ,
1245 460 1307 521 hinc
1320 482 1355 540 op·

128 570 197 627 time
213 566 400 643 judicabunt.

168 665 249 724 Plato
264 685 301 722 ex
321 664 366 722 his
383 661 504 733 studiis,
525 674 555 719 ut
578 660 766 731 monuimus,
792 680 848 717 non
871 657 995 718 multum
1012 659 1151 739 profecit.
1185 658 1265 732 Quae
1278 678 1354 737 pueri

129 763 247 844 Cratylo
282 761 441 833 didicerat,
467 761 507 818 sic
522 757 660 838 deinceps
675 759 774 836 inepta
792 759 921 838 salsaque
933 754 1100 833 judicavit,
1130 770 1163 816 ut
1178 757 1217 815 iis
1231 776 1303 815 suam
1313 758 1354 815 reri

128 863 289 922 doctrinam
319 871 486 940 opponeret.
510 856 635 917 -Ahfnit
660 868 756 913 autem
779 870 892 916 tantum
904 901 912 929 ,
943 868 973 913 ut
1001 856 1040 915 ad
1063 855 1255 916 verissimam
1271 867 1354 934 etym

130 961 233 1040 logiam
253 959 329 1017 hanc
350 957 503 1017 adhiberet
525 955 688 1015 doctrinam
708 969 892 1028 constanter,
915 968 948 1013 ut
969 952 1137 1017 identidem
1161 954 1197 1013 in
1219 953 1354 1034 seriptisil

130 1062 224 1138 ipsum
245 1056 453 1128 committeret,
475 1052 553 1132 quod
573 1055 604 1112 in
626 1052 743 1132 Cratylo
764 1074 797 1111 ac
819 1052 956 1134 sophistis
976 1051 1221 1132 reprehenderat
1234 1050 1271 1131 l).
1306 1054 1354 1113 Tau

128 1154 218 1214 ardua
233 1155 344 1213 scilieet
365 1174 409 1211 res
426 1166 478 1226 est,
496 1151 711 1232 philosophiam
730 1151 895 1230 linguarum
914 1163 989 1211 recte
1011 1163 1150 1209 tractare.
1186 1151 1353 1211 Veruntamen

131 1253 215 1315 nobis
229 1266 370 1331 quantum
389 1251 527 1331 prolicere
543 1250 580 1311 ad
601 1248 700 1308 studia
721 1249 774 1307 illa
794 1250 908 1309 naviter
929 1262 1055 1331 apteque
1078 1248 1370 1333 persequendam

130 1373 167 1410 ex
198 1351 250 1409 illa
270 1349 437 1430 philosophi
457 1348 610 1421 doctrina,
632 1362 694 1407 tum
716 1368 731 1405 e
751 1361 809 1407 tota
829 1345 957 1424 ejusdem
978 1344 1174 1426 philosophia
1196 1347 1293 1425 liceat,
1314 1347 1354 1409 dtu

135 1451 187 1509 vix
217 1462 318 1528 potest.
347 1448 420 1506 Nam
449 1468 508 1506 non
529 1460 589 1519 est,
610 1469 667 1524 quo
689 1447 758 1504 haec
779 1445 868 1525 tnagis
879 1445 1120 1522 constantiusque
1130 1460 1262 1526 spectet,
1278 1467 1354 1527 qmu,

134 1562 163 1609 ut
185 1547 289 1605 elicere
308 1567 345 1604 ex
366 1548 428 1629 ipso
447 1546 544 1604 animo
563 1546 689 1605 hominis
710 1546 807 1603 omnia
825 1543 998 1602 studeamus.
1042 1543 1190 1605 Refertur
1220 1545 1289 1605 illue
1316 1556 1353 1603 tota

132 1643 298 1724 philosophi
329 1643 501 1717 dialectiea,
527 1645 637 1724 quippe
658 1664 724 1704 cum
743 1642 897 1726 μαιευτικῇ
914 1656 942 1707 et
961 1638 1110 1733 ἐπαγωγῇ
1130 1644 1279 1720 Socratis,
1295 1662 1353 1722 qut!

134 1744 285 1823 usurpavit
313 1741 487 1816 scribendo,
521 1745 695 1819 conjuncta:
726 1745 827 1803 statuit
857 1744 950 1818 adeo,
973 1744 1084 1823 primas
1116 1743 1256 1805 notiones
1274 1753 1353 1801 nosue

133 1840 303 1919 quantitatis
332 1854 360 1899 et
384 1841 550 1918 qualitatis,
583 1842 662 1901 ideas
694 1842 860 1920 praesertim
888 1841 1004 1921 proprie
1027 1842 1068 1901 sie
1098 1838 1220 1916 dictas,
1246 1841 1359 1918 jamtuu¹

135 1952 282 2018 perceptas
302 1952 397 1999 mente
417 1940 513 1999 nestra
535 1940 623 1999 fuisse
634 1984 641 2012 ,
662 1953 817 2017 antequam
838 1939 872 1998 iu
893 1937 945 1999 hee
968 1956 1074 2017 corpus
1099 1938 1242 1999 sensibus
1258 1939 1353 1999 instrue·

136 2050 197 2093 tum
218 2038 406 2115 migraverat:
427 2034 506 2114 quod
526 2038 558 2095 in
580 2037 722 2109 Menona,
741 2050 772 2094 ut
791 2036 939 2110 vidimus,
959 2037 1041 2115 pueri
1060 2036 1227 2117 exemplo,
1254 2035 1353 2095 adorta

133 2147 160 2190 te
182 2133 218 2192 de
232 2133 366 2211 quadrati
385 2133 567 2195 dimensione
588 2136 775 2213 interrogati,
797 2133 1007 2199 demonstrarit
1017 2131 1058 2213 2).
1093 2134 1177 2195 Huic
1203 2148 1293 2195 autem
1309 2131 1353 2214 phi·

134 2231 307 2311 losophandi
336 2232 444 2290 rationi
472 2229 545 2309 quid
563 2232 653 2309 magis
672 2253 850 2311 consequens
871 2245 931 2305 est,
960 2252 1047 2310 quam
1070 2245 1106 2293 ut
1125 2233 1237 2295 mirari
1257 2236 1286 2296 id
1299 2230 1353 2292 desi·

136 2348 249 2400 namus,
278 2329 357 2408 quod
383 2328 512 2387 vidimus
538 2329 636 2403 niodo,
664 2343 776 2389 exstare
796 2332 828 2388 in
849 2330 959 2411 linguis
987 2351 1089 2405 voces,
1113 2332 1234 2410 quibus
1254 2332 1352 2392 nahum

119 2446 214 2483 suam
242 2425 327 2484 homo
354 2426 502 2506 cogitandi
527 2419 740 2507 judicandique
771 2431 912 2488 rationem
944 2430 1146 2509 expresserit?
1194 2433 1268 2499 Nam
1287 2433 1306 2489 si
1322 2430 1353 2486 in·

138 2537 206 2581 sunt
232 2522 302 2583 haee
329 2524 480 2585 hominum
497 2527 597 2606 generi
617 2527 738 2601 natura,
758 2527 864 2606 quidni
885 2528 1043 2586 enunciare
1062 2547 1097 2586 ea
1116 2542 1224 2607 gentes
1243 2526 1352 2609 loquendo

138 2635 239 2701 sponte
258 2643 308 2683 sua
327 2623 387 2683 sint
404 2627 546 2685 conatae?
588 2624 698 2698 Quodsi
718 2625 890 2685 documenta
912 2625 1094 2705 expetimus,
1113 2627 1230 2706 quibus
1243 2626 1285 2703 id,
1301 2622 1352 2705 quod

137 2719 287 2799 probabile
316 2720 452 2796 videtur,
482 2736 578 2802 pateat
600 2723 703 2797 nobis,
725 2744 809 2784 voces
829 2725 900 2785 illae
920 2724 1070 2804 singulae,
1101 2746 1178 2803 quas
1202 2729 1237 2787 in
1257 2727 1297 2787 his
1312 2724 1352 2783 dis·

139 2819 346 2896 quisitionibus
363 2819 529 2893 attulimus,
550 2820 745 2881 attendendae
767 2821 851 2882 uobis
871 2835 948 2883 sunt.
989 2823 1054 2882 Non
1074 2837 1139 2885 erte
1159 2839 1234 2887 sunt
1252 2848 1267 2887 a
1283 2822 1352 2906 phih-

140 2917 237 2995 sophis
256 2915 409 2990 confictae,
426 2919 477 2978 sed
489 2920 633 2977 communi
648 2921 777 2978 omnium
795 2920 946 2983 hominum
962 2943 1016 2981 usu
1036 2935 1190 2998 teruntur,
1216 2938 1249 2985 ut
1269 2938 1372 3005 pronu-

141 3016 243 3071 natura
271 3015 428 3075 videantur
455 3019 609 3076 exstitisse:
638 3033 666 3077 et
697 3032 807 3094 tamen,
835 3042 920 3099 quam
949 3035 1015 3101 apte
1037 3019 1188 3101 pleneque
1206 3025 1351 3105 expuunt,

136 3110 214 3189 quod
233 3111 326 3189 longis
354 3113 602 3192 disputationibus
624 3116 705 3176 Plato
730 3116 955 3192 demonstravit,
981 3119 1099 3179 eaedem
1124 3119 1182 3182 hae
1203 3118 1351 3199 disquisitio·

143 3231 193 3267 nes
212 3224 324 3270 nostrae
342 3213 517 3290 probarunt„
555 3213 613 3272 Sed
634 3214 682 3272 vel
701 3216 788 3273 fallor
806 3216 957 3293 equidem,
988 3217 1036 3278 vel
1053 3218 1173 3297 insigne
1194 3218 1349 3292 omniuutpt

143 3307 369 3367 illustrissimum
388 3308 474 3389 herlus
495 3312 535 3368 rei
558 3310 765 3372 documentum
784 3316 846 3394 ipsa
868 3315 952 3374 nobis
973 3330 1015 3374 est
1034 3313 1229 3396 philosophia
1246 3314 1349 3377 Plione

140 3407 205 3480 Quo
214 3407 395 3484 frequentius
405 3407 477 3466 mihi
490 3409 636 3467 naturales
647 3431 729 3468 voees
740 3411 808 3471 illae
820 3414 852 3471 in
862 3411 1039 3492 explicando
1048 3413 1172 3474 Platone
1183 3422 1349 3479 occurrerem

140 3525 172 3563 eo
188 3507 295 3567 certius
308 3505 380 3564 mihi
400 3509 541 3585 persuasi,
560 3508 582 3565 si
605 3508 764 3568 easordine
775 3554 783 3582 ,
804 3509 964 3572 secundum
983 3511 1191 3591 philosophiae
1211 3511 1345 3572 Platonicae

140 3605 364 3681 progressionem
383 3624 608 3686 proponeremus
625 3619 653 3663 et
672 3607 902 3685 explicaremus,
931 3608 1017 3667 laeile
1038 3631 1091 3667 nos
1120 3611 1161 3671 ita
1183 3611 1276 3690 ipsam
1290 3602 1349 3669 sind

142 3719 200 3756 esse
220 3699 434 3781 philosophiam
465 3703 540 3762 hanc
567 3704 725 3763 tradituros
752 3721 780 3765 et
802 3708 993 3786 exposituros.
1037 3707 1142 3769 Fateor
1162 3707 1256 3782 adeo,
1283 3719 1348 3764 aeut

140 3799 303 3857 accuratius
323 3800 394 3859 mihi
413 3800 507 3859 visum
527 3823 585 3860 esse
605 3804 709 3861 mentis
730 3806 762 3862 in
783 3805 937 3884 cogitando
948 3851 955 3878 ,
972 3805 1161 3883 judicando,
1177 3798 1348 3886 cognoscendo

142 3896 281 3955 rationem
292 3900 402 3975 assequi
413 3944 420 3970 ,
431 3920 488 3976 qno
508 3901 597 3978 magis
617 3920 674 3958 una
688 3922 752 3959 cunr
774 3903 890 3982 placitis
901 3902 1029 3962 Platonis
1046 3903 1164 3982 linguas
1180 3899 1348 3966 attendebam,

141 4007 172 4051 ut
188 4015 290 4078 patum
309 3995 397 4068 absit,
419 3998 489 4074 quin
507 4010 629 4058 statuam
640 4045 648 4072 ,
679 4000 793 4079 linguas
813 4001 897 4061 nobis
919 4003 1008 4081 ipsam
1032 4002 1125 4062 veluti
1148 4009 1347 4080 repraesentet·

140 4092 354 4176 philosophiam
374 4095 508 4152 Platonis.

165 4284 308 4291 —..-.-----—
323 4286 352 4291 -.-
362 4287 376 4290 ...
386 4287 389 4290 i
423 4287 427 4291 .

175 4402 199 4463 ll
219 4405 247 4452 V.
266 4422 285 4455 c.
307 4408 413 4457 Phaedr.
433 4405 490 4456 238.
514 4405 541 4456 θ.
558 4408 616 4457 att.
638 4408 666 4456 ll.

172 4496 199 4555 2)
220 4492 272 4544 (ssie.
296 4493 365 4545 Tresc.
387 4497 413 4559 Q.
435 4494 450 4545 l.
468 4494 509 4545 24.
