2796 5048
644 235 647 243 ·
684 205 744 263 263

67 384 234 443 suumque
261 363 385 445 siugulis
402 364 628 423 tribueretur'et
647 366 840 445 assignaretur
860 363 1055 446 propositum,
1076 368 1228 430 dialectici
1249 392 1322 451 opus

70 479 150 535 erat.
180 463 283 544 Vulgo
301 463 333 523 id
352 463 477 521 ell'ecisse
494 462 660 523 Aristoteles
679 478 816 544 putatur:
839 485 892 525 nec
911 465 1047 527 dubitare
1067 489 1135 528 sane
1154 468 1323 548 licet,quiu

74 575 144 657 post
165 561 322 623 Platonem
343 562 466 619 inarime
486 563 697 642 praecipueque
714 584 767 642 per
786 563 883 637 bunc,
906 576 937 623 ut
955 564 1084 641 dicitur,
1104 566 1322 627 dialecticorum

77 660 255 753 principem
276 660 438 741 perlectum
455 658 533 719 illud
553 661 600 721 sit.
626 657 655 738 l)
694 658 754 719 Sed
774 661 876 742 hospes
895 662 932 721 sit
951 682 1066 723 necesse
1085 678 1127 723 est
1147 666 1180 724 in
1210 667 1324 746 seriptis

81 763 269 841 Plutonis,
272 781 326 819 nec
355 759 455 839 legerit
476 758 592 819 illam
584 781 617 819 ιιι
643 759 785 837 Sapunto
803 759 919 818 Eleatae
938 759 1060 841 hospitis
1080 762 1325 843 disputationem,

87 885 135 947 qni
127 858 311 920 Platonem
332 879 393 917 non
413 856 513 918 videat
532 857 610 917 idern
629 856 736 917 illud
725 878 787 934 ram
815 871 939 918 tentasse
968 880 1022 919 nec
1047 860 1231 922 mediocriter
1257 882 1326 943 pro-

10 996 18 1031 -,
93 957 219 1025 rexisse.
268 958 305 1031 1.ss
338 955 469 1035 Gorgia,
497 957 531 1016 ιιι
557 970 639 1015 sexto
667 957 702 1015 do
731 955 897 1032 Republica
931 957 1030 1035 libro,
1057 958 1089 1017 in
1116 959 1181 1019 aliis
1212 962 1326 1042 scriptis

14 1096 24 1125 r
102 1070 224 1119 accurate
245 1076 291 1115 eas
313 1053 427 1114 studuit
448 1076 464 1113 ι
489 1054 666 1115 seinvicem
695 1052 875 1132 distinguere
887 1053 954 1136 ;‚2)
982 1056 1015 1115 in
1043 1056 1185 1135 Sophiste
1213 1074 1326 1136 antem,

10 1192 29 1225 -,
111 1152 292 1229 uttidimus,
313 1173 394 1213 suem
421 1152 502 1213 illam
530 1152 671 1212 cernendi
695 1152 899 1232 jungendiquc
915 1154 1083 1215 methodum
1102 1154 1171 1215 dau
1189 1159 1275 1237 operi
1293 1178 1328 1217 eo

10 1268 31 1326 p,
109 1244 238 1313 edlibllit.
291 1253 366 1311 Loca
401 1251 454 1310 illa
477 1251 538 1329 jam
566 1250 760 1330 percurrimus
787 1270 919 1330 magnam
947 1265 1075 1332 partem;
1114 1253 1166 1313 sed
1190 1276 1263 1333 quae
1294 1256 1326 1315 iu

10 1386 39 1445 Ρ
111 1352 237 1431 Sophiste
259 1351 450 1429 similiterque
474 1350 507 1409 ιιι
534 1348 684 1424 Politice,
710 1348 762 1427 qui
784 1348 868 1407 illius
891 1350 1077 1410 continuatio
1104 1365 1163 1426 est,
1192 1354 1326 1413 universa

10 1484 38 1521 ι
110 1450 200 1511 artium
218 1451 473 1527 doctrinarumque
492 1447 661 1507 distributio
678 1447 823 1521 occurrit,
843 1447 883 1507 ita
902 1460 930 1506 et
948 1461 1068 1509 naturae
1089 1452 1267 1511 conveniens
1286 1464 1328 1511 est

10 1560 35 1617 Ξ,
112 1562 141 1609 et
151 1548 321 1611 inventionis
339 1548 533 1625 novitatisque
554 1546 699 1606 indicium
725 1545 832 1621 hebet,
854 1559 886 1608 ut
904 1545 953 1605 hic
983 1546 1117 1607 videatur
1134 1549 1235 1629 paullo
1253 1549 1328 1610 dili·

10 1688 32 1729 ¹.-
114 1648 208 1725 gmtius
233 1646 456 1707 consideranda.
497 1645 533 1705 In
552 1644 612 1705 duo
634 1666 738 1725 genera
768 1643 830 1703 illic
841 1688 850 1721 ‚
878 1646 920 1704 uti
946 1644 1090 1721 vidimus,
1119 1657 1203 1706 ortos
1225 1646 1329 1707 distri-

24 1786 51 1835 μ
118 1740 181 1805 huin
206 1761 274 1807 sunt
292 1746 363 1805 illae
383 1767 448 1807 cum
473 1739 634 1824 ποιητικαὶ,
661 1758 722 1807 tum
741 1739 888 1825 arpenni·
915 1744 977 1806 illis
1001 1741 1157 1824 μιμητικαι
1175 1748 1328 1807 continen-

10 1884 46 1937 ³?
116 1852 166 1917 w,
181 1844 223 1905 bis
236 1866 310 1924 quae
322 1843 361 1903 ed
377 1844 610 1925 cognoscendum
624 1843 783 1924 pertinent.
812 1844 870 1905 Sed
888 1857 1072 1923 utrarumque
1087 1847 1121 1909 iu
1134 1843 1328 1906 discernendo

10 2010 28 2035 .,
102 1954 228 2005 naturam
252 1945 339 2003 simul
368 1957 396 2003 et
424 1946 603 2026 propositum
623 1941 736 2001 delinit
779 1945 873 2005 Ducto
890 1942 929 2003 ab
950 1942 1155 2023 agricultura
1147 1944 1252 2016 mitio,
1272 1964 1328 2022 qua

119 2042 336 2115 efflorescunt
361 2064 435 2120 quae
463 2057 547 2102 antea
574 2064 635 2102 non
660 2041 797 2116 fuer,uut
825 2044 890 2114 ταῖς
910 2043 1072 2122 ποιητικαῖς
1096 2042 1230 2103 universe
1255 2040 1329 2100 dicit

124 2140 255 2217 fieri,
276 2141 356 2220 effici
384 2156 415 2201 ut
434 2163 479 2201 res
497 2150 578 2216 sirit,
599 2140 637 2199 ad
655 2131 757 2198 odrico
774 2142 921 2203 ducuntur
940 2165 1013 2223 quae
1034 2139 1164 2202 nondum
1198 2139 1328 2199 fuerunt.

10 2266 47 2329 ὲ.
115 2234 324 2319 “Quodcunque
342 2241 440 2318 quis,-
457 2241 517 2316 ait‚
547 2259 613 2298 cum
632 2253 719 2300 antee
741 2261 800 2301 non
820 2243 941 2318 fuisset,
972 2255 1069 2323 postea
1088 2261 1122 2304 eo
1141 2237 1268 2299 adduxit
1297 2250 1328 2295 ut

10 2366 61 2533 :t
111 2349 179 2395 esset
185 2341 248 2416 ,io,
268 2339 371 2419 quiid
390 2361 424 2399 eo
445 2339 590 2413 adduxit,
603 2341 743 2413 socium
759 2340 791 2399 id
809 2355 903 2401 autern
912 2340 1021 2421 ‚quod
1039 2361 1073 2400 eo
1093 2337 1251 2398 adductum
1271 2349 1328 2409 est,

102 2429 351 2504 senonicum
392 2437 584 2511 Quamobrem
603 2431 757 2518 ποιητικήν
778 2438 830 2499 itte
850 2441 966 2515 omnia,
989 2460 1048 2499 nno
1065 2439 1184 2497 nomine
1201 2454 1327 2515 compre-

10 2600 12 2613 Ι
36 2504 273 2612 beudcuteS,
294 2536 503 2617 appellemus.»
528 2534 560 2615 3)
580 2537 649 2597 Esse
669 2561 738 2599 saue
756 2539 1058 2619 simplicior-itemque
1092 2533 1250 2595 accuratior
1270 2554 1329 2591 uon

109 2638 310 2705 perorantum
329 2635 447 2695 illarum
472 2634 637 2715 descriptio.
679 2638 807 2697 Alterius
826 2637 939 2716 generis
958 2649 1032 2695 ortes
1042 2680 1051 2709 ,
1075 2655 1148 2712 quae
1165 2630 1204 2691 ad
1222 2651 1328 2709 cogno·

109 2728 234 2793 ⁸¹³⁰titium
253 2734 440 2808 referuntur,
461 2747 493 2791 ut
511 2727 648 2814 κιηῑικιις
673 2750 808 2809 vocaret,
828 2735 882 2794 hac
906 2734 1036 2808 ratione,
1074 2746 1107 2791 ut
1127 2733 1195 2790 item
1212 2728 1330 2787 monui-

10 2896 40 2921 Ι.
109 2842 184 2902 mut,
200 2832 341 2892 adductus
361 2846 411 2892 est.
464 2834 666 2916 Quodcunque
686 2832 723 2894 ad
747 2832 920 2893 discendum
939 2844 968 2890 et
988 2829 1239 2911 cognoscendum,
1259 2826 1328 2884 item

10 2992 12 2997 ,
110 2918 318 3008 adquaestum,
339 2930 377 2991 ad
396 2934 570 3009 certamina,
591 2934 629 2995 ad
649 2934 833 2995 venationem
852 2931 995 3005 refertur,
1016 2945 1106 3008 quum
1124 2928 1230 2988 horum
1251 2922 1328 2983 nibil

10 3012 25 3111 r!
104 3022 197 3095 swiot
213 3033 391 3112 quidquam,
412 3030 464 3091 sed
493 3053 545 3107 ea,
566 3054 639 3111 quae
668 3033 775 3092 adeunt
794 3043 823 3089 ct
842 3030 918 3089 iacta
944 3043 1033 3102 sunt,
1060 3027 1164 3108 partim
1185 3024 1327 3095 sermoni-

10 3114 12 3121 *
112 3116 160 3181 ¹¹¹¹ss
175 3129 311 3211 lactisque
329 3131 386 3191 sibi
406 3132 557 3205 vindicet,
578 3132 683 3212 partim
702 3127 924 3191 vindicantibus
942 3149 1003 3187 uon
1023 3125 1181 3198 concedat,
1211 3134 1328 3204 propter

112 3214 158 3279 ¹¹³⁸
172 3248 263 3291 omues
283 3230 374 3310 ipsius
391 3243 486 3310 partes
507 3252 561 3289 oro
576 3232 755 3308 acquirendi
772 3229 851 3288 dicta
861 3273 870 3303 ,
891 3248 938 3286 eus
954 3247 1053 3287 omues
1071 3222 1274 3304 complectitur
1294 3241 1327 3279 uc

112 3312 211 3391 definit.
226 3328 259 3411 l)
289 3328 402 3402 Quibus
422 3329 525 3388 barum
543 3329 611 3388 item
630 3330 736 3388 artium
757 3329 846 3388 viset
863 3340 965 3386 natura
985 3325 1175 3407 exprimitur„
1203 3320 1274 3379 Nam
1295 3332 1327 3378 ut

112 3416 312 3489 ambitiosorum
340 3426 491 3487 bominum
519 3449 550 3486 ae
580 3429 819 3500 foeneratorum,
846 3425 969 3484 maxime
1000 3436 1171 3484 venatorum
1198 3417 1327 3477 studium

114 3533 194 3585 rernm
210 3526 430 3606 acquisitionem
449 3539 556 3606 spectat
567 3571 576 3600 ,
597 3527 636 3585 ita
654 3523 844 3605 cognoscendi
866 3522 1002 3582 studiosis
1027 3519 1082 3580 hoc
1106 3519 1139 3576 in
1165 3517 1266 3598 primis
1284 3529 1326 3575 est

115 3625 263 3703 proprium,
285 3639 316 3683 ut
335 3639 544 3705 persequantur
563 3645 631 3684 vera
652 3638 680 3682 et
708 3623 855 3701 acquirere
883 3622 1024 3679 nitantur.
1068 3617 1218 3677 Cernimus
1238 3613 1327 3689 inde,

117 3719 175 3792 ltid
191 3739 257 3784 aute
277 3724 460 3783 Aristotelem
475 3723 583 3783 Plato
572 3744 634 3801 Jam
652 3722 733 3781 bac
725 3744 756 3780 ιιι
775 3741 874 3779 caussa
887 3717 1053 3778 tentaverit.
1074 3715 1132 3775 Sed
1148 3711 1324 3794 apponenda

50 3806 83 3903 ff
117 3810 153 3877 lit
168 3824 375 3883 doctrinarum
394 3821 562 3883 distributio
582 3835 643 3897 est,
666 3841 739 3900 quoe
763 3820 795 3878 in
818 3821 880 3897 eius
899 3817 1031 3876 Politice
1049 3828 1152 3877 exstat.
1190 3813 1250 3870 Hae
1269 3830 1324 3923 pa-

116 3913 170 3979 riter
187 3920 277 3983 illic
268 3943 302 3981 ιιι
330 3921 389 3980 duo
416 3942 520 4000 genere
549 3919 786 3993 disnwibuuntn,
806 3937 928 3996 quorum
945 3915 1067 3974 alterum
1084 3927 1128 3974 est
1146 3930 1322 3992 γνωστιιιον,

137 4162 160 4231 1)
176 4166 234 4218 vit.
253 4182 278 4217 v.
298 4183 320 4215 c.
337 4164 445 4217 'Aristot
465 4166 545 4216 Etlrio.
563 4163 582 4214 l.
602 4162 625 4211 1.
645 4162 686 4215 Vl.
706 4166 728 4214 ἰι.
747 4164 816 4214 ltlrot.
835 4160 854 4212 l.
875 4162 903 4225 1,
927 4160 964 4212 12.
983 4160 1013 4219 2,
1034 4160 1056 4209 l.

134 4252 160 4317 2)
176 4254 234 4305 Vid.
254 4253 331 4322 Diog.
349 4253 433 4302 baert.
451 4254 503 4303 oito
520 4251 584 4301 Ptor.
605 4250 646 4300 lll.
664 4249 715 4311 83,
734 4249 774 4300 84.

133 4340 160 4393 31
177 4342 250 4409 Sept.
269 4338 328 4390 219.
347 4338 377 4389 Λ.
397 4336 426 4387 Β.

133 4426 160 4489 l)
177 4428 240 4479 not.
258 4424 316 4475 2¹9.
338 4423 366 4475 C.
386 4422 431 4477 cu.
450 4424 528 4473 initio
544 4439 569 4488 p.
590 4419 648 4471 253.
