2774 5048
967 142 1000 217 t

678 251 737 311 aas

99 428 263 498 parentem,
284 409 453 474 efflorescere
471 415 502 473 in
522 413 641 472 Graecia
658 413 827 473 dialecticae
845 412 941 472 studia
958 424 1125 491 coeperunt.
1145 408 1285 471 Scribsbrn

70 514 217 575 *obscure
245 514 392 573 etiamtum
419 511 576 584 nonnulli,
606 512 639 571 in
666 512 772 591 quibus
800 511 963 570 Heraclitus
992 506 1046 571 ille
1074 500 1286 581 omrutd331sd

95 613 300 695 Hippocrates,
329 611 524 684 Democritus,
554 610 743 689 Pythagorei,
772 609 903 688 quamvis
922 608 1026 670 natnrl
1044 611 1135 691 magis
1152 620 1287 691 quanam

94 710 286 784 excellentes,
315 724 379 792 apte
399 711 458 787 jam
486 707 671 787 dilucideque
698 707 852 767 scribendo
878 708 1089 790 philosophiam
1119 706 1288 790 explicabant.

95 812 192 869 Artem
204 810 286 868 'vero
309 807 347 867 de
373 807 518 867 industria
547 819 668 882 tractare
695 805 817 866 Eleatici
836 819 865 863 et
882 806 1019 886 Megarici
1044 806 1229 887 philosophi,
1244 818 1289 865 tm

94 908 180 965 etiam
198 906 346 987 Sophistae
362 892 535 965 stu‘duerunt
544 951 553 979 ,
573 904 605 963 hi
624 905 750 964 dicendo
760 950 768 978 ,
789 902 968 993 orationibus
985 904 1022 963 de
1042 905 1135 964 nullis
1152 925 1213 964 non
1226 900 1290 961 rebus

94 1002 209 1085 publice
239 1002 398 1076 habendis,
429 1004 543 1083 scriptis
571 1003 639 1060 item
667 1001 703 1060 de
732 1002 793 1082 ipsa
821 986 881 1063 arte
900 1000 1037 1062 edendis:
1056 1000 1104 1061 illi
1121 998 1290 1081 colloquendo

94 1103 200 1184 magis,
220 1104 280 1163 sive
307 1099 548 1180 argumentando,
569 1101 750 1179 invicemque
771 1099 961 1180 disputando,
983 1102 1044 1160 sive
1063 1101 1161 1182 potius
1178 1096 1295 1179 caption'r

93 1198 377 1281 interrogatiunculis
403 1198 459 1258 sibi
487 1199 613 1260 invicem
637 1197 674 1257 ad
692 1195 902 1257 confutandum
921 1199 1001 1278 quasi
1022 1198 1140 1259 insidiis
1156 1193 1289 1257 merendis

93 1296 150 1358 Sed
178 1295 323 1377 quidquid
349 1298 381 1356 in
409 1295 473 1354 aliis
500 1296 720 1376 quibuscunque
737 1295 873 1356 Graeciae
892 1294 1056 1377 regionibus
1075 1297 1138 1358 sive
1158 1295 1231 1355 ultro
1244 1292 1290 1353 sits

92 1410 152 1456 arte
180 1408 329 1454 tentarunt
354 1393 406 1452 hac
434 1395 466 1453 in
496 1415 526 1452 re
552 1394 735 1476 philosophi,
764 1395 893 1454 omnium
921 1397 1021 1454 merita
1046 1409 1074 1454 et
1093 1400 1289 1476 superaruntst

92 1493 284 1553 obscurarunt
313 1491 384 1550 adeo
409 1491 657 1552 Athenienses.
699 1494 810 1552 Horum
834 1494 937 1553 civitas
955 1507 1017 1574 post
1034 1492 1147 1553 bellum
1166 1490 1297 1551 Persicon·

92 1592 233 1652 theatrum
262 1611 321 1649 csse
340 1591 433 1670 coepit
451 1590 556 1649 artium
575 1591 703 1649 omniurn
723 1605 750 1650 et
767 1590 980 1666 doctrinarum,
1001 1612 1058 1669 quo
1074 1605 1104 1650 et
1120 1590 1173 1650 alii
1190 1584 1287 1649 aliunde

91 1703 118 1748 et
139 1689 331 1769 undecunque
357 1688 507 1769 Sophistae
536 1688 734 1762 confluentes,
753 1689 802 1747 hlc
823 1710 918 1747 rerum
936 1690 1087 1769 peritiam,
1108 1689 1158 1749 hic
1177 1688 1286 1767 eloquer-

89 1789 146 1847 tiae
176 1786 357 1861 facultatem,
383 1786 431 1845 hle
459 1786 580 1845 maxime
607 1785 681 1845 bene
701 1787 820 1846 dicendi
837 1786 1040 1866 scribendique
1058 1802 1148 1849 artem
1166 1800 1194 1847 et
1210 1798 1286 1845 ouer

89 1886 190 1945 tabant
217 1884 334 1966 publice
363 1896 391 1943 et
419 1883 571 1944 docebant.
613 1886 670 1959 Qui
692 1906 758 1945 vero
778 1886 809 1943 in
828 1884 907 1944 hisce
925 1899 983 1944 tam
1003 1885 1203 1964 eloquentiae,
1220 1898 1285 1963 quan

89 1983 257 2045 dialecticae
285 1981 371 2042 laude
399 2003 466 2063 prae
486 1984 604 2041 caeteris
620 1983 820 2042 inclaruerunt
839 1981 990 2057 omnibus,
1011 2005 1070 2042 non
1091 1981 1233 2051 advenae,
1248 1972 1293 2037 ssd·

87 2082 216 2160 ejusdem
242 2081 329 2159 hujus
357 2079 484 2140 civitatis
511 2080 639 2160 inclytae
664 2082 742 2140 cives
771 2081 899 2140 fuerunt.
945 2081 1009 2139 Uno
1029 2082 1101 2139 urle
1121 2080 1239 2150 Attico,
1255 2072 1283 2131 sil

87 2182 218 2259 Vellejus
245 2178 430 2251 Paterculus,
446 2180 589 2256 plurilus
610 2201 700 2237 sanae
719 2182 920 2257 eloquentiae,
942 2194 1030 2258 quotu
1052 2187 1194 2238 universo
1214 2136 1303 2233 Greci

87 2288 155 2355 cio,
184 2279 320 2356 opertbus
339 2278 465 2352 floruit.
490 2274 520 2355 ll
559 2277 707 2357 Principes
733 2291 855 2337 oratores
883 2278 970 2336 Attici
1000 2279 1119 2336 luerunt
1139 2274 1280 2335 renatus

87 2375 303 2437 Demosthenes:
325 2375 413 2433 Attici
439 2375 618 2453 eloquentiae
638 2374 767 2434 doctores
785 2376 914 2456 primarii
935 2375 1133 2456 Antiphon'et
1151 2376 1278 2434 Isocrate:

89 2476 198 2550 Attici,
226 2471 305 2555 quod
332 2473 454 2531 maxime
475 2471 781 2547 animadvertendum,
802 2472 971 2532 dialecticae
989 2493 1139 2551 germanae
1161 2485 1279 2537 auctoru,

86 2574 214 2635 Socrates
238 2585 266 2631 et
293 2570 382 2630 Plato.
424 2571 461 2630 Et
489 2571 513 2629 si
540 2571 590 2649 qui
618 2571 740 2630 aliunde
766 2569 883 2631 oriundi
900 2570 947 2630 his
965 2570 1068 2630 studiis
1082 2570 1278 2633 excelluerunt

88 2688 119 2733 ut
143 2670 326 2744 Aristoteles,
356 2667 525 2728 dialecticus
552 2669 639 2749 plane
666 2682 893 2743 consummatus,
923 2689 1094 2747 quamquam
1115 2668 1175 2729 non
1194 2679 1278 2733 oratot,

48 2800 51 2815 ·
85 2773 116 2831 hi
135 2771 195 2829 lere
214 2783 244 2827 et
262 2768 335 2827 dicti
352 2780 419 2826 sunt
438 2767 526 2826 Attici
547 2780 575 2825 et
592 2765 701 2841 habiti,
722 2768 829 2847 quippe
848 2765 975 2845 ejusdem
996 2767 1076 2826 urbis
1090 2768 1200 2827 Atticae
1213 2757 1277 2823 disti·

84 2869 175 2951 plinis
201 2888 216 2924 a
246 2881 344 2925 tenera
373 2864 442 2924 inde
470 2879 559 2924 aetate
587 2864 691 2924 imbuti
722 2879 750 2924 et
773 2865 892 2925 exculti.
933 2865 1124 2940 Quamobrem
1144 2861 1278 2923 studium

84 2968 186 3026 horum
204 2965 289 3024 initia
307 2963 426 3023 aliunde
446 2964 600 3044 repetenda
619 2976 704 3037 sunt,
735 2962 785 3021 sed
804 2964 865 3044 ipsa
884 2977 942 3022 tam
959 2962 1106 3043 cogitandi
1124 2962 1198 3022 bene
1215 2971 1278 3039 qur!

84 3062 204 3123 dicendi
231 3084 276 3121 ars
304 3061 425 3120 Athenis
453 3061 566 3120 demum
588 3061 625 3121 ab
644 3062 714 3142 ipsis
732 3062 957 3121 Atheniensibus
977 3062 1017 3120 sic
1036 3060 1115 3120 culta
1134 3074 1193 3133 est,
1212 3048 1278 3117 utel

84 3162 130 3220 his
156 3162 240 3219 unice
269 3172 297 3218 et
325 3156 457 3237 aequales
483 3172 510 3217 et
530 3160 635 3239 posteri
655 3160 787 3240 exempla
805 3159 943 3219 duxerint
962 3158 1000 3218 ad
1019 3158 1194 3218 hodiernum
1213 3168 1278 3233 usqu*

83 3278 204 3329 aevum,
225 3277 297 3336 quae
317 3278 376 3315 non
395 3257 463 3316 dico
481 3278 631 3337 superare,
652 3258 702 3317 sed
722 3279 843 3337 aequare
863 3258 914 3317 vix
932 3271 1097 3338 potuerunt.
1124 3257 1183 3325 Nec
1199 3264 1278 3314 tenet

82 3356 230 3429 dicamus,
266 3368 404 3433 quantum
444 3355 546 3414 Graeci
586 3358 704 3415 caeteris
731 3357 846 3439 populis
874 3357 1069 3437 praestiterint
1103 3350 1278 3437 philosophi&

82 3452 196 3526 studio,
227 3465 338 3511 tantum
358 3453 521 3533 eloquentia
541 3468 568 3513 et
586 3453 737 3514 dialectici
757 3455 874 3514 caeteris
890 3453 1007 3514 Graccis
1026 3455 1199 3535 praestitisse
1214 3448 1278 3513 tue

82 3571 205 3610 menses.

121 3648 289 3710 Debuerant
316 3650 391 3709 hanc
419 3650 547 3730 gloriam·
567 3651 695 3713 Athenae
714 3651 868 3732 praeclaris
888 3650 1066 3725 oratoribus,
1087 3672 1159 3730 quos
1177 3641 1276 3731 promit

81 3762 167 3824 runt3
199 3748 250 3807 sed
277 3748 445 3808 dialecticae
475 3748 578 3825 initia,
599 3771 671 3829 quae
692 3763 719 3808 ct
738 3770 871 3830 germana
887 3761 958 3808 esset
978 3769 1029 3807 nec
1050 3748 1089 3808 ad
1108 3745 1275 3828 eloquentis!

79 3857 191 3904 tantum
210 3846 421 3906 informandam
442 3861 495 3906 rrte
506 3893 514 3920 ,
535 3848 586 3907 sed
604 3847 641 3906 ad
661 3849 750 3928 ipsam
770 3847 920 3907 colendam
940 3847 1154 3928 philosophiam
1173 3844 1273 3906 valenti
1297 3888 1302 3903 .

80 3943 166 4022 hujus
183 3945 268 4003 initia
288 3944 325 4003 ab
346 3966 403 4002 uno
423 3945 563 4006 videntur
583 3945 696 4005 Socrate
721 3945 843 4004 maxime
861 3945 1025 4027 repetenda.
1067 3945 1147 4019 Quid
1164 3942 1215 4003 sibi
1232 3932 1272 3999 vti·

81 4041 119 4100 let
148 4041 200 4101 ille
228 4042 431 4121 interrogando
456 4043 671 4122 arguendoque,
693 4042 771 4121 quod
789 4044 822 4103 iu
839 4043 1013 4124 gymnasiis,
1033 4044 1066 4102 in
1087 4044 1150 4103 foro
1167 4056 1193 4101 et
1205 4032 1272 4099 nullll

82 4197 348 4210 m

114 4283 139 4348 l)
157 4286 222 4338 Vell.
241 4286 296 4338 Pat.
316 4286 334 4337 l.
354 4285 394 4338 18.
415 4287 447 4338 de
466 4287 586 4355 palmaria
605 4286 750 4342 Ruhnkenii
766 4289 954 4341 emendatione.
990 4286 1074 4357 Vulgo
1089 4287 1196 4356 legitur:
1209 4270 1289 4360 plui-¹

79 4371 214 4422 buscariis
234 4373 398 4439 eloquentiae,
425 4391 495 4439 quum
513 4377 629 4425 rettloersn
648 4375 770 4439 Graccio,
796 4376 954 4443 operibusque
966 4375 1057 4438 floruit.
1092 4372 1149 4423 vid.
1169 4369 1217 4434 ejus
1230 4359 1266 4413 W·

79 4459 135 4506 crit
155 4458 223 4519 θῆαι.
244 4458 332 4508 Graec.
351 4475 376 4524 p.
395 4456 436 4507 37.
