2774 5048
674 228 736 289 ιιι
923 270 927 285 .
1041 196 1110 251 “··

99 397 163 475 quis
190 411 219 456 et
246 395 374 476 aooiperc
401 395 490 474 possit
516 392 554 452 'et'
573 389 693 451 reddere
720 393 879 465 rationem,
901 412 1049 470 nunquam
1070 392 1143 452 sciet
1158 392 1296 472 quidquam

98 516 213 568 eorum,
243 513 315 571 quae
341 511 400 550 esse
426 491 548 551 dicimus
577 489 836 571 cognoscendas
867 489 909 548 Ne
936 488 990 548 hoc
1017 489 1145 568 quidem.
1166 520 1200 533 -
1226 492 1297 601 Atqui

32 601 36 607 '
97 592 168 652 haec
196 605 255 667 est,
284 610 301 649 ο
327 589 457 663 Glauco,
478 589 554 649 lex
545 610 626 669 ipsa,
647 607 719 666 quae
740 586 900 646 disserendi
919 599 1008 645 artem
1027 589 1168 649 continet.
1208 590 1287 651 Id
1257 610 1297 649 ιιι·

98 658 169 749 licit
182 637 280 749 ‘nerim
312 688 397 845 ”ilbi
426 686 625 748 adversabitur
653 684 836 759 dicentibus,
868 684 980 744 nullam
1009 706 1068 745 esse
1096 700 1211 766 practer
1238 686 1297 747 hanc

97 785 259 847 disserendi
286 806 330 844 me
365 784 469 860 odom,
490 806 562 864 quae
579 783 616 843 de
634 782 755 863 singulis
775 782 878 856 rebus,
899 782 972 861 quid
986 783 1026 841 sit
1046 804 1246 863 unaquaeque,
1261 783 1298 845 tii

97 883 186 965 possit
213 897 241 941 et
268 885 377 943 ratione
405 884 535 963 assequi:
567 896 690 941 caeteras
715 900 782 941 vero
809 892 883 938 artes
911 880 960 940 vel
987 880 1139 960 opiniones
1166 880 1298 963 hominum

98 981 325 1063 cupiditatesque
353 995 497 1062 spectare,
528 980 576 1041 vel
602 980 688 1039 rebus
715 977 877 1051 contineri,
906 998 978 1056 quae
995 977 1072 1038 fiunt
1090 992 1119 1043 et
1136 999 1299 1060 componun-

98 1093 146 1138 tur
151 1077 207 1158 ,1)
232 1078 283 1138 vel
310 1080 347 1138 ad
375 1079 517 1139 culturam
545 1099 660 1152 eorum,
679 1090 752 1156 quae
780 1088 893 1135 eterra
916 1090 1075 1144 nascuntur
1094 1076 1143 1137 vel
1161 1075 1298 1159 compotita

98 1191 182 1289 sunt,
211 1178 329 1237 emeseni:
361 1177 427 1236 illas
452 1192 563 1251 autern,
585 1197 656 1254 quas
673 1175 803 1234 diximus
823 1173 875 1233 τοῦ
897 1167 981 1247 α’ντος
1001 1196 1029 1234 τι
1050 1167 1297 1253 ἐπιλαμβάνουσιν,

98 1246 238 1335 vai-samo
266 1277 407 1335 nonnihil
432 1284 568 1354 assequi,
598 1273 798 1355 geometriam,
818 1296 947 1355 quaeque
975 1275 1062 1354 hujus
1089 1290 1159 1335 sunt
1186 1274 1297 1349 comitet,

98 1374 135 1433 de
155 1374 274 1433 veritate
293 1375 433 1433 somniare
451 1374 586 1452 quidem,
607 1364 699 1433 sed
678 1394 757 1451 νιιαρ
780 1393 841 1431 eam
858 1373 1004 1454 adspicere
1025 1395 1084 1434 non
1105 1394 1204 1455 posse,
1222 1372 1296 1433 οσιιιι

98 1464 272 1544 ὑποθέσεσι,
294 1475 559 1552 suppositionibus,
581 1487 712 1548 utentes,
732 1474 784 1533 has
803 1485 876 1531 ratas
895 1491 954 1531 esse
971 1486 999 1531 et
1018 1472 1180 1531 immobiles
1196 1472 1295 1545 sinuutss

98 1660 217 1751 τελευτή
250 1665 286 1729 δὲ
311 1666 360 1728 καὶ
385 1689 422 1728 τα
447 1661 600 1746 μιταξυε
584 1665 616 1739 ἔξ
643 1658 677 1729 οὗ
701 1694 746 1789 μη
740 1663 838 1733 οἶδε
865 1666 1153 1749 συμπέπλεκται,’
1121 1694 1167 1746 τις
1192 1662 1294 1753 μηχιῆ

98 1796 154 1855 την
173 1764 310 1861 τοιαύτην
331 1763 491 1850 ὁμολογίαν
507 1765 580 1831 ποτὲ
605 1768 770 1856 ἐπιστήμην
784 1797 843 1855 γιν
844 1769 1000 1849 ἐ,·σθαι-
1028 1762 1177 1854 Οὐδεμία,
1193 1766 1279 1857 ἧδ’
1262 1792 1293 1847 ος

99 1882 151 1934 σοι’
150 1864 255 1941 „stim
275 1880 465 1953 principium
493 1884 538 1932 eat
566 1876 599 1931 id
608 1878 714 1953 ,quod
735 1885 802 1955 quia
821 1885 916 1935 nescii
925 1878 1036 1954 ,finis
1055 1887 1157 1937 autam
1176 1888 1210 1937 et·
1219 1886 1294 1935 iniat·

98 1976 195 2035 media
221 1996 257 2032 ια
281 1979 322 2030 iis
351 1979 442 2047 item,
474 1994 549 2050 quoe
575 1981 769 2054 ignoremus,
801 1976 933 2052 conflata
960 1985 1051 2050 aunt,
1075 1978 1228 2036 collectam
1241 1974 1293 2033 seio

94 2073 329 2133 conclusionem·
342 2093 398 2150 quo
425 2072 546 2128 tundam
569 2082 659 2149 poeto
692 2080 852 2133 scientium
882 2073 1037 2133 vocemur?
1057 2110 1093 2120 -
1126 2071 1233 2150 Nullo,
1255 2080 1294 2132 ia-

80 2154 200 2329 ffl.»
224 2167 257 2249 2)
295 2169 347 2228 Est
373 2166 427 2228 hoc
456 2188 558 2248 nempe
586 2170 750 2250 fastigium,
776 2193 833 2252 quo
855 2172 960 2232 ducere
979 2193 1030 2231 nos
1049 2171 1201 2235 dialectica
1218 2172 1315 2257 debet.

166 2280 220 2335 ent,
232 2265 406 2346 disciplinae
427 2286 523 2324 omnes
532 2267 672 2326 axiomata
682 2269 821 2346 quaedam
830 2317 839 2346 ,
861 2284 892 2330 ut
913 2262 1081 2344 duodicem,
1104 2272 1229 2353 quibus,
1243 2283 1294 2329 tat*

4 2410 16 2420 ,.
100 2384 185 2475 quam
210 2363 383 2473 principiis,
402 2365 566 2441 ‘nituntur3
589 2365 658 2424 haec
682 2380 776 2435 autem
796 2383 828 2428 ut
845 2372 922 2451 ipsae
939 2373 1046 2432 intacta
1065 2372 1249 2450 relinquunt,
1263 2366 1291 2425 itt

1 2469 2 2476 ’
102 2464 153 2523 uni
180 2460 235 2521 hoc
263 2463 410 2543 proprium
440 2461 601 2522 disserendi
630 2466 686 2523 arti
713 2481 772 2541 est,
794 2480 825 2525 ut
848 2482 876 2526 et
894 2483 956 2549 agat
972 2469 1008 2529 de
1027 2471 1106 2529 hisce
1123 2483 1153 2529 et
1171 2467 1208 2528 ad
1224 2482 1291 2526 reme

100 2563 173 2623 tiore
201 2560 306 2634 etiam,
336 2574 420 2639 atque
447 2562 509 2642 ipsa
534 2561 605 2621 adeo
633 2563 782 2661 principia
804 2565 941 2626 reducere
968 2582 1097 2630 conetur.
1148 2565 1231 2643 Quod
1253 2563 1290 2623 bt

99 2658 215 2719 tandem
243 2659 383 2719 sententia
413 2660 550 2718 enunciat
576 2659 720 2735 Socrates,
751 2684 809 2722 rem
838 2678 925 2724 totam
952 2668 1051 2779 paucis
1072 2666 1170 2726 verbis
1187 2660 1291 2745 compit·

99 2773 196 2818 ctcns:
218 2750 322 2817 ου’κουν
344 2752 362 2838 η
386 2751 546 2839 διαλεκτική
566 2752 701 2836 μέθοδος
720 2755 799 2842 μόνη
822 2756 916 2849 ταύτη
937 2757 1104 2841 nuptiator,
1126 2786 1181 2838 τας
1199 2750 1315 2822 doti

100 2879 157 2932 σεις
182 2852 342 2940 ἀναιροῦσα
368 2854 414 2919 ε’νι
437 2854 530 2941 αὐτην
553 2854 608 2941 τήν
627 2854 739 2942 α’ρχην,
763 2859 1042 2946 ἲναβιβαιαὶσηται,
1063 2864 1178 2951 καὶτῷ
1197 2855 1290 2925 οντιθ

98 2952 237 3045 βορβόρῳ
253 2961 424 3046 βαρβαρικῷ
441 2960 495 3022 τινὶΙ
512 2955 554 3022 ad
573 2960 619 3042 τη
625 2986 639 3036 ς
660 2963 784 3045 ψυχῆς
806 2958 910 3045 ’ὄμμα
934 2963 1194 3050 κατορωρυγμένον
1213 2958 1289 3047 η’ρέμι

99 3058 171 3122 ἓλκει
193 3061 242 3122 καὶ
266 3054 363 3143 ἀνοίγει
384 3055 458 3139 ἄνω,
478 3061 643 3145 συνερίθοις
662 3063 710 3125 καί
729 3074 978 3150 συμπεριαγωγοῖς
998 3065 1140 3152 χρωμένη
1160 3061 1207 3144 αἷς
1227 3057 1288 3147 ‹tait›

99 3166 198 3242 θομιν
216 3159 344 3244 τέχναις·
364 3169 522 3249 dialectica
549 3173 650 3247 igitur
676 3169 737 3226 solo
756 3176 799 3227 eie
813 3173 968 3247 procedit,
990 3182 1025 3229 ut
1043 3162 1289 3250 ιιιμγοιίτίωιιιοῖ

99 3274 196 3346 apium
210 3274 398 3345 principium
415 3268 555 3339 reducat,
576 3288 631 3344 quo
641 3275 737 3346 magia
746 3269 834 3339 firmo
850 3279 1128 3352 pergot'ingressu,
1150 3282 1180 3330 et
1194 3266 1288 3329 antei

100 3367 260 3440 oculum,
281 3373 314 3424 in
326 3389 409 3425 coeno
419 3366 743 3440 barbaricodefouum,
767 3375 874 3426 scierim
887 3372 1061 3447 placidoque
1078 3392 1199 3428 sursum
1209 3364 1288 3426 miti

100 3474 189 3542 atqua
213 3466 351 3540 attollat,
383 3471 536 3523 ministris
563 3474 651 3542 atque
680 3466 883 3540 adjutriribus
912 3471 951 3526 od
979 3470 1207 3526 convertendum
1223 3474 1286 3522 utos

99 3564 182 3636 illis,
203 3586 277 3641 quos
297 3566 447 3635 dicimur,
468 3563 646 3641 disciplinis.
669 3561 700 3642 3)

132 3826 135 3833 Ι
175 3756 230 3816 De
259 3762 519 3835 disciplinis
544 3761 1232 3840 ›riothamatioisJ'urtoproposito

576 3861 836 3918 tractandis.

138 4051 298 4113 Incidimus
316 4054 354 4112 ita
375 4053 410 4113 de
430 4067 563 4135 repente,
584 4053 658 4113 duce
677 4052 814 4128 Platone,
835 4055 866 4113 in
884 4054 1007 4114 mediam
1025 4026 1212 4117 dialecticam.
1243 4035 1280 4102 Sti

1 4314 10 4327 ,
119 4238 159 4319 „tt
176 4240 252 4293 Artes
270 4223 418 4310 ποιητικάς
435 4238 561 4307 intelligis.
581 4236 637 4289 ιιι.
654 4236 725 4308 seps.
744 4258 769 4308 p.
788 4239 846 4290 ιιι.
1161 4252 1195 4291 „-

77 4342 80 4347 ·
132 4333 533 4403 νισιιιηιιιιιιιι.
707 4362 712 4371 .

133 4420 160 4483 3)
178 4422 237 4472 Eod.
257 4422 311 4472 vid.
332 4423 406 4485 u'yu.
426 4423 458 4470 ad
476 4421 538 4470 Plus.
556 4423 584 4471 de
602 4423 626 4469 S.
648 4424 675 4470 t.
700 4423 725 4470 V.
745 4438 768 4485 p.
787 4420 828 4469 95.
