2796 5048
663 252 718 310 291

74 412 192 473 scilicet
209 426 395 474 ornamenta:
417 415 540 472 noune?
553 411 582 492 l)
599 442 631 451 -
651 415 786 472 Omnino.
805 444 836 453 -
858 413 932 472 Tum
952 404 1087 495 διήγησιν
1106 411 1249 490 quandam
1267 416 1317 485 pe.

73 510 256 585 testimonia,
276 531 349 589 quae
364 513 390 571 ei
411 511 624 591 adjunguntur:
644 513 760 571 tertium
780 503 935 593 τεκμήρια·
957 528 1089 595 quartum
1110 502 1220 571 εἰκότα·
1242 492 1324 577 trittt‚‘³.¹
1342 504 1370 541 ²²

72 606 235 682 πίστωσιν,
266 610 371 685 credo,
402 626 430 672 et
458 604 659 683 inanimem,
690 635 759 693 quas
788 628 924 673 memorat
954 614 1115 673 orationum
1144 611 1225 672 saber
1252 594 1308 670 ille¹

71 710 261 791 plaeclarus,
287 710 336 768 vir
363 708 529 791 Byzantius.
562 745 594 753 -
623 712 775 793 Egregium
802 711 912 771 scilicet
941 710 1124 771 Theodorum
1152 708 1249 769 dicis?
1269 736 1303 758 -ι
1334 728 1336 735 ’

71 808 172 869 Dico:
193 825 222 870 et
242 801 359 888 ἔλεγχον
370 823 516 892 praeterea
531 826 617 890 atque
642 803 843 890 ἕπεξέλεγχον·
863 831 920 889 quo
934 823 1017 891 pacto
1036 809 1068 867 hi
1089 809 1121 866 in
1143 806 1303 867 accusando

73 921 106 968 et
127 906 318 968 defendendo
340 908 498 989 usurpandi
520 910 588 970 sint.
639 912 898 971 Praeclarissimum
918 923 1012 968 autem
1033 905 1146 981 virum,
1171 904 1304 967 Evenunr

74 1005 225 1081 Parium,
253 1027 351 1067 nonne
380 1009 411 1066 in
443 1006 569 1066 medium
599 1010 817 1091 producemus,
844 1008 895 1087 qui
923 996 1032 1087 primus
1061 995 1248 1085 ὖποδήλωσιν
1277 1017 1305 1063 et

77 1101 278 1187 πορεποίνους
298 1107 439 1168 invenit?
466 1105 541 1165 Sunt
567 1108 618 1184 qui
649 1128 713 1165 eum
733 1108 833 1167 dicant
851 1097 1044 1188 παραψόγοος
1065 1118 1154 1165 metro
1174 1126 1305 1187 pronun-

77 1206 188 1281 ciasse,
209 1206 361 1265 memoriae
380 1203 496 1273 caussa:
518 1205 632 1285 sapiens
651 1205 761 1265 scilicet
779 1208 826 1267 vir
845 1221 895 1266 est.
937 1205 1045 1264 Tisiam
1065 1204 1134 1262 item
1155 1202 1305 1283 Gorgiam·

73 1324 132 1383 que
152 1304 281 1364 dormire
299 1303 443 1376 sinemus,
464 1301 514 1381 qui
536 1303 612 1363 veris
631 1303 770 1364 viderunt
793 1302 967 1365 verosimilia
989 1298 1178 1383 praeferenda
1199 1318 1256 1360 esse
1277 1312 1305 1358 et

74 1402 270 1463 vi'orationis
290 1398 442 1476 efficiunt,
471 1415 504 1460 ut
522 1419 612 1480 parva
638 1400 794 1462 videantur
813 1423 915 1482 magna
926 1447 935 1478 ,
960 1421 1062 1481 magna
1083 1414 1177 1458 autem
1196 1417 1306 1479 parva,

76 1494 114 1558 de
133 1498 223 1559 rebus
245 1501 313 1559 item
333 1500 418 1560 novis
439 1498 578 1578 antiqua,
607 1498 643 1558 de
664 1500 791 1579 antiquis
812 1502 888 1561 uovd
913 1500 1023 1559 ratione
1049 1497 1172 1573 dicunt,
1193 1494 1226 1576 2)
1255 1496 1306 1554 in-

82 1613 281 1678 veneruntque
296 1599 334 1659 de
355 1597 529 1679 argumentis
548 1595 683 1656 omnibus
701 1610 729 1655 et
749 1597 1009 1678 breviloquentiam
1029 1609 1058 1656 et
1078 1595 1223 1655 infinitam
1242 1615 1306 1675 pro·

10 1706 32 1751 st
86 1690 234 1757 lhitatem.
276 1698 354 1757 Haec
385 1718 450 1755 oum
479 1692 616 1753 Prodicus
643 1695 799 1772 aliquando
818 1716 855 1754 ex
876 1717 920 1756 me
941 1694 1073 1769 audiret,
1105 1694 1189 1769 risit,
1221 1710 1305 1771 seque

50 1870 55 1879 ¹
92 1786 173 1853 dum
194 1796 340 1856 invenisse
360 1794 495 1867 asseruit,
511 1792 617 1873 quibus
636 1792 734 1853 verbis
753 1815 798 1852 ars
815 1794 868 1853 illa
888 1793 1047 1873 indigeret,
1063 1790 1193 1872 indigere
1213 1805 1306 1850 autem

10 1904 35 1931 *-
54 1890 62 1923 ’·
94 1906 135 1951 uec
150 1892 251 1953 multis
269 1912 322 1951 nee
344 1892 463 1973 paucis,
484 1889 534 1951 sed
554 1890 684 1951 modicis.
705 1920 739 1930 -
760 1891 975 1972 sapientissime
995 1902 1028 1948 tu
1048 1887 1183 1967 quidem,
1204 1888 1303 1947 oPro·

10 1974 162 2067 ²1t'dce!
189 2020 223 2030 -
244 1991 382 2072 Hippiam
411 2005 505 2049 autem
534 2010 632 2049 noune
661 1992 933 2051 commemoremus?
962 1987 1009 2048 illi
1038 1987 1116 2047 enim
1136 1986 1215 2046 hunc
1234 2000 1305 2067 puto

26 2058 58 2117 Β
82 2080 183 2148 Eleum
213 2090 355 2171 hospitem
385 2089 526 2148 assentiri.
547 2116 583 2125 -
612 2071 748 2162 Quidni?
767 2116 802 2125 -
830 2089 893 2150 Poli
915 2108 983 2151 vero
1010 2087 1136 2164 μουσεῖα
1156 2075 1254 2164 λόγων
1274 2080 1306 2162 3)

10 2174 48 2217 ¹²⁵
71 2186 222 2261 'quomodo
243 2187 486 2281 significpbimus‚
517 2186 567 2267 qui
588 2184 836 2271 διπλασιολογιάν,
857 2186 1072 2271 γνωμολογίαν,
1104 2180 1305 2266 εἶκονολογίον,

16 2270 38 2317 '¹'
69 2284 286 2364 nominumque
307 2298 490 2359 venustates,
510 2285 616 2364 quihus
637 2306 804 2372 praeceptor
818 2292 913 2372 ipsum
933 2291 1101 2372 Licymnius
1117 2288 1252 2362 donavit,
1273 2287 1306 2345 iu

10 2382 31 2423 Η
68 2396 170 2440 usum
186 2404 265 2442 suum
283 2382 443 2443 adhibuit?
464 2410 499 2421 -
519 2385 684 2464 Protagorae
706 2409 773 2447 vero
789 2398 893 2448 'nonne
914 2388 1078 2467 hujusmodi
1097 2386 1237 2469 quaedam
1257 2404 1305 2443 ex·

10 2466 26 2531 l
60 2488 162 2540 stant
180 2480 326 2542 artificia?
348 2514 380 2522 -
399 2475 573 2560 Ὀρθοὲπεια
595 2505 697 2565 nempe
718 2486 877 2564 quaedam,
898 2509 915 2546 o
934 2507 1024 2568 puer,
1040 2500 1068 2545 et
1083 2485 1139 2545 alia
1159 2482 1306 2565 praeclara

10 2590 23 2635 t
61 2576 182 2641 multa.
221 2580 391 2641 Oration'um
411 2598 504 2643 autem
526 2583 669 2642 flebilium
696 2582 728 2641 iu
757 2567 930 2643 senectutem
956 2599 983 2643 et
1011 2596 1207 2665 paupertatem
1234 2602 1306 2660 pro-

21 2696 31 2739 1
64 2686 236 2737 macaron
254 2692 314 2738 arte
332 2699 429 2745 omnes
444 2681 547 2741 vicisse
561 2681 633 2739 mihi
651 2680 862 2741 Chalcedonius
883 2696 976 2743 orator
985 2679 1017 2761 4)
1038 2680 1168 2743 videtur:
1190 2680 1222 2738 in
1237 2699 1305 2738 con·

10 2798 36 2841 ῃ
70 2766 199 2835 citanda
218 2776 286 2835 item
300 2776 338 2836 ad
354 2779 427 2838 iram
442 2778 629 2839 multitudine
647 2779 803 2860 praestitit,
818 2800 849 2837 ac
862 2800 959 2839 rursus
973 2780 1006 2838 in
1022 2780 1092 2837 irata
1111 2776 1303 2850 incantando,

10 2900 44 2943 isi
75 2876 111 2926 σῖ
131 2874 270 2949 vocabat,
291 2875 479 2935 delinienda:
502 2878 534 2937 in
553 2876 758 2937 calumniando
776 2892 921 2958 praeterea
940 2892 968 2936 et
988 2876 1154 2949 solvendis,
1176 2895 1303 2954 quocun·
1343 2948 1345 2952 g

12 2958 59 3039 ἦ
82 2982 139 3043 que
158 2972 189 3031 id
206 2972 291 3034 modo
312 2973 374 3034 lieri
392 2980 505 3055 po'sset,
526 2976 680 3035 calumniis
697 2976 845 3036 excelluit.
874 2976 914 3035 De
934 2974 993 3035 fine
1013 2988 1106 3035 autem
1125 2972 1303 3033 orationibus

10 3100 54 3157 up
89 3064 257 3145 monendo
284 3070 360 3132 idem
380 3074 521 3154 placuisse
549 3095 699 3133 commune
727 3074 860 3133 omuibus
889 3073 1023 3133 videtur:
1053 3095 1137 3152 quem
1158 3063 1304 3132 ἐπάνοδον

15 3198 62 3239 ις
98 3162 216 3243 tutan,
237 3168 288 3228 alii
307 3171 365 3231 alio
384 3173 500 3231 nomine
521 3172 678 3254 appellant.
702 3202 732 3210 ·-
755 3172 921 3231 Summatim
941 3170 1015 3232 dicis
1034 3171 1149 3253 singula
1175 3172 1302 3232 audieu-

10 3254 178 3360 pslfilts,
197 3288 269 3347 quae
288 3268 365 3328 dicta
392 3283 479 3346 sunt,
500 3270 553 3329 sub
575 3270 661 3330 finem
681 3270 713 3330 in
739 3271 903 3330 memoriam
931 3270 1102 3331 revocanda.
1124 3305 1156 3313 —
1178 3271 1215 3330 Et
1234 3270 1303 3332 haec
1392 3274 1394 3279 '

10 3375 77 3437 ur
102 3350 192 3424 huet
218 3367 241 3425 si
261 3367 334 3445 quid
354 3366 435 3427 aliud
462 3367 508 3427 his
528 3367 696 3429 addendum
724 3367 760 3426 de
784 3368 907 3429 dicendi
929 3383 988 3428 arte
1017 3367 1114 3427 habes.
1137 3393 1168 3400 ·
1190 3369 1302 3449 Exigua

19 3478 77 3545 epe·
103 3450 174 3521 hbeo
192 3486 245 3523 nec
265 3479 420 3525 memoratu
441 3465 561 3546 digna.»
586 3465 617 3546 5)

10 3568 64 3625 ,ἧς

23 3638 334 3714 ε·““-·-··

10 3768 51 3809 νῦ
121 3752 142 3820 ll
159 3755 245 3822 Veni,
259 3767 287 3810 ut
300 3759 438 3829 legendum
456 3777 561 3813 censeo.
580 3761 699 3827 Rectius,
710 3780 784 3833 quam
792 3763 871 3831 vulgo
883 3763 990 3831 legitur,
1002 3762 1116 3814 distinxit
1124 3761 1300 3814 lleindorfius:

10 3864 39 3920 3²
89 3818 234 3916 ἒνιῖρχῇ,
254 3835 348 3895 ταῦτα
368 3829 458 3914 λέγοις
473 3872 512 3882 -
532 3827 555 3916 ἤ
573 3828 647 3917 γᾶρς
664 3872 704 3882 -
726 3831 764 3896 τοὶ
785 3830 963 3917 κομψᾶτῆς
988 3830 1116 3918 τέχνης,
1132 3847 1198 3898 Ροῑο
1216 3854 1299 3896 autem

10 3936 38 3993 ιν
81 3929 215 3989 Platonem
235 3918 257 4007 ἦ
277 3921 351 4009 γᾶρς
374 3952 425 3987 uon
442 3935 631 4002 interposuisse
649 3938 806 4000 sententiae,
826 3936 889 4000 sed,
908 3944 936 3986 ut
952 3935 1035 4000 solet,
1054 3936 1190 4000 adjecisse.

10 4076 12 4083 Ι
112 4016 140 4082 2)
158 4017 217 4070 vid.
233 4019 311 4084 Wytt
328 4020 392 4071 Bihl.
408 4024 464 4072 esst.
481 4020 522 4071 111.
537 4017 561 4070 1.
576 4017 618 4070 38.
635 4020 674 4073 Cf.
690 4023 781 4074 Heind.
796 4022 829 4073 ad
846 4021 870 4072 h.
886 4021 902 4072 l.

111 4102 139 4167 ³)
159 4104 203 4155 Sic
227 4103 319 4157 librum
336 4106 502 4172 inscripsisse
524 4103 603 4156 Polus
623 4108 732 4159 videtur.
761 4108 836 4160 Vidd.
854 4107 938 4174 lntpp.
956 4105 1028 4157 adh.
1049 4105 1064 4156 l.
1100 4105 1217 4157 (lornarii
1234 4120 1300 4155 cou-

62 4172 203 4242 docturum
223 4200 272 4253 pro
293 4175 368 4263 προς
387 4180 504 4265 ποίησιν
524 4191 635 4261 legentis
656 4181 849 4266 προσεποίησε
870 4193 998 4245 vertendo
1017 4194 1142 4259 expressi.
1175 4192 1232 4243 viu.
1254 4191 1276 4242 Α

62 4280 236 4332 “dPlsaedn
252 4295 278 4344 p.
296 4274 354 4328 368.

109 4364 138 4429 ll)
158 4361 429 4429 Thrasymachus.
447 4363 504 4414 vid.
522 4362 613 4414 Heiud.
631 4362 663 4413 ad
683 4362 707 4413 h.
726 4363 743 4413 l.

109 4452 126 4502 5
158 4449 265 4500 Phaedr.
281 4445 338 4497 266.
357 4445 385 4498 C.
399 4474 434 4485 -
452 4446 509 4499 26⁷.
530 4447 560 4499 E.
586 4447 625 4498 De
643 4447 788 4498 rhetoribus
808 4447 846 4498 his
867 4455 892 4498 et
911 4447 1032 4514 sophistis
1050 4462 1191 4514 eorumque
1205 4446 1299 4497 artibus

1070 4531 1122 4566 io*
