2774 5048
639 226 693 285 171

75 402 117 448 ten
133 389 260 463 timeret,
280 401 327 463 et,
348 388 461 468 inipso
480 388 556 447 vitae
575 388 723 468 periculo,
744 385 781 446 ad
807 385 1002 446 emendandos
1022 385 1139 445 illorum
1167 386 1279 446 animos

78 487 245 569 proteritate
265 500 294 547 et
318 486 431 565 justitia
459 484 555 545 dicere
584 487 747 546 sustineret.
789 486 849 545 Hac
878 484 962 545 nohis
988 484 1131 544 Socratem
1150 494 1279 571 utentem

53 592 57 653 l
79 585 201 667 proposuit
217 584 317 660 Plato,
339 599 371 645 ut
389 584 517 644 vidimus
533 606 636 665 supra,
660 582 690 664 l)
708 603 797 663 quum
816 605 868 664 pro
882 582 1033 661 judicibus
1057 580 1182 641 diceret:
1210 600 1277 641 ean·

80 682 175 761 lemque
194 683 321 751 eundem
340 684 373 742 iu
392 682 497 763 Gorgia
517 683 570 743 hoc
599 682 714 762 dialogo
732 681 773 741 sic
798 680 1007 741 describentem
1027 682 1113 754 fecit,
1135 693 1167 739 ut
1177 725 1185 755 ,
1204 675 1277 759 quid

82 780 121 861 ipae
136 781 272 856 sentiret,
291 783 383 862 ipsius
400 780 497 841 verbis
515 782 696 862 exprimeret.
721 783 843 839 «Amens
860 779 914 838 sim
932 798 962 837 re
982 800 1049 839 vera
1059 825 1068 854 ,
1089 799 1106 838 o
1125 776 1276 851 Callicles,
1340 856 1343 861 Ι

80 877 108 937 tit
118 876 259 954 Socrates,
288 880 345 940 nisi
372 893 520 959 putarem,
551 881 583 939 in
610 879 664 938 bac
693 898 923 957 unumquemque
952 879 1071 938 civitate
1098 876 1130 936 id
1159 875 1276 952 subire,

81 974 134 1053 qod
151 977 206 1057 ipsi
225 979 298 1037 forte
318 978 448 1042 eveniat:
472 974 547 1035 illud
572 991 666 1037 autem
691 989 768 1035 certo
796 977 874 1050 scio,
894 976 917 1035 si
946 973 1063 1055 quando
1082 975 1114 1033 in
1129 973 1281 1059 judicium*

81 1092 179 1149 tuero,
199 1073 340 1134 derebus
354 1074 568 1155 periclitaturus
577 1121 585 1149 ,
601 1096 671 1153 quas
689 1089 720 1133 tu
738 1074 858 1150 dixisti,
873 1073 1033 1155 improbum
1053 1093 1111 1132 esse
1128 1073 1278 1147 futurum,

80 1170 168 1249 qoime
177 1174 364 1233 accusaverit.
385 1174 457 1232 Nam
475 1174 618 1233 insontem
636 1172 781 1233 bominem
799 1175 864 1253 quis
881 1170 998 1233 tandem
1013 1184 1125 1231 accuset
1143 1170 1275 1251 probus?

71 1268 118 1329 ate
129 1291 194 1329 vero
203 1285 276 1330 esset
285 1272 404 1345 mirum,
414 1273 439 1330 si
449 1271 658 1331 condemnarer
666 1285 765 1331 morte.
788 1272 858 1331 Vin'
868 1270 923 1330 tibi
934 1268 1039 1345 dicam,
1054 1290 1139 1349 quam
1149 1269 1186 1327 ob
1197 1288 1276 1328 caus-
1303 1318 1307 1323 .

78 1366 192 1427 adhaec
202 1368 244 1427 ita
259 1354 592 1451 exspectemr‘nrbitior
603 1415 612 1445 ,
622 1391 688 1428 cum
703 1370 803 1450 paucis
820 1391 864 1429 me
880 1367 1125 1443 Atheniensibus,
1135 1389 1172 1427 ne
1182 1366 1278 1426 dicam

77 1462 165 1540 alum,
178 1486 247 1527 vere
258 1466 425 1526 incumbere
434 1467 465 1526 in
478 1488 523 1527 res
532 1467 666 1567 politicqs
679 1489 781 1547 easque
787 1482 887 1526 uuum
903 1486 999 1526 eorum
1011 1511 1019 1541 ,
1040 1466 1090 1545 qui
1101 1486 1180 1525 nunc
1192 1478 1278 1539 sunt,

76 1572 182 1624 rotare.
204 1564 413 1639 Quamobrem,
429 1586 495 1625 cum
510 1587 569 1626 non
583 1566 621 1625 ad
640 1567 759 1647 gratiam
783 1565 862 1646 apud
886 1566 965 1623 cives
989 1563 1149 1625 ineundam
1161 1562 1277 1638 dicam,

76 1661 162 1737 quoties
172 1661 239 1739 dico
249 1707 258 1737 ,
269 1661 319 1722 sed
328 1677 451 1743 spectem
464 1661 542 1743 quod
552 1662 692 1745 optimum
702 1711 710 1741 ,
720 1687 779 1724 non
793 1662 871 1743 quod
885 1663 1084 1723 dulcissimum
1098 1675 1155 1738 est,
1166 1683 1219 1721 nec
1230 1683 1278 1723 ue·

76 1752 262 1839 liupraeclara
271 1760 324 1819 illa
334 1806 342 1835 ,
351 1782 423 1840 quae
433 1761 518 1821 modo
528 1764 665 1839 enarrasti
676 1808 685 1837 ‚
696 1763 789 1821 facere
800 1808 808 1836 ,
821 1760 902 1821 baud
915 1782 983 1820 sane
999 1757 1113 1821 habebo
1123 1758 1257 1840 equidem
1268 1806 1277 1834 ,

75 1856 134 1932 quod
149 1858 180 1916 in
195 1859 311 1937 judicio
329 1858 433 1920 dicam.
454 1860 535 1920 Idem
552 1860 588 1919 de
607 1882 651 1919 me
674 1859 891 1941 usurpandum,
912 1858 990 1937 quod
1008 1858 1077 1941 P⁰l⁰
1096 1856 1178 1917 dixi:
1195 1859 1277 1937 judi·

76 1952 141 2013 tabor
158 1956 271 2015 scilicet
279 2002 288 2031 ,
309 1971 341 2016 ut
358 1980 375 2017 a
393 1958 524 2040 puerulis
535 1958 730 2038 judicaretur,
751 1972 901 2018 accusante
916 1978 1022 2035 coquo,
1037 1944 1177 2016 medieas.
1199 1956 1278 2016 Vide
1359 1964 1364 1977 “

77 2052 151 2128 nim,
170 2054 242 2134 quid
257 2054 423 2136 hujusmodi
443 2057 536 2133 homo,
552 2056 623 2116 tales
641 2071 742 2117 nactus
755 2056 888 2135 judices,
903 2054 1029 2130 diceret,
1044 2055 1068 2113 si
1084 2075 1191 2133 coquus
1210 2075 1275 2113 eum

77 2146 182 2212 bbunc
203 2153 320 2212 modum
338 2140 499 2214 accusiret:
523 2158 712 2232 mollierat,
733 2179 747 2215 o
761 2163 875 2231 pueri,
896 2163 946 2213 vir
966 2154 1047 2212 licea
1061 2160 1276 2234 gravissimis-

76 2266 114 2323 μ(
135 2253 225 2310 malis
252 2252 376 2331 affecit:
408 2276 476 2311 cum
496 2238 701 2332 vosmetipsos,
731 2265 797 2313 tum
822 2265 899 2312 notu
916 2238 1056 2311 ininineos
1075 2275 1091 2310 e
1112 2254 1191 2311 vobis
1210 2273 1278 2310 cor*-

76 2357 187 2427 oepit,
209 2357 315 2428 quippe
344 2353 486 2426 seeundo,
516 2354 647 2429 urendo,
678 2354 879 2428 attenuando,
909 2350 1082 2431 suffocando
1109 2351 1221 2432 officit,
1243 2359 1279 2407 ut

75 2448 194 2526 qso'quis
214 2470 243 2507 aa
262 2459 381 2524 certat,
402 2452 475 2528 quid
492 2453 686 2528 respondeat,
710 2459 847 2511 neseiat:
871 2461 936 2508 tum
961 2472 1029 2509 vcro
1053 2471 1173 2508 amaros
1186 2448 1275 2527 phoa·

75 2540 105 2601 ltt
112 2557 219 2624 potas:
241 2554 359 2605 esame
377 2570 425 2606 vos
441 2558 471 2606 et
489 2556 578 2607 sitire
592 2558 691 2631 cogit:
712 2573 770 2608 non
780 2595 789 2624 ,
805 2558 913 2626 prouti
930 2571 980 2629 ego
996 2549 1093 2606 molta
1111 2534 1194 2606 vohis·
1208 2569 1277 2606 suo·

73 2648 107 2700 aa
120 2655 150 2703 et
163 2652 255 2703 acrio
267 2649 434 2723 praebens,
448 2669 538 2725 posco
565 2671 613 2707 vos
643 2660 672 2706 et
691 2650 805 2708 oblecta
848 2646 927 2722 Quid
945 2660 1029 2728 putas
1047 2644 1210 2720 medicum,
1230 2645 1277 2704 bis

71 2740 281 2803 timumventurn
300 2728 457 2824 periculis,
478 2745 625 2805 dicturum
645 2750 728 2807 esse?
750 2748 871 2806 Dicetne
882 2792 891 2821 ,
912 2744 990 2826 quod
1007 2765 1107 2806 verum
1125 2730 1183 2801 est:
1205 2744 1276 2801 hoec

70 2860 106 2921 ego
118 2850 219 2901 omnio
236 2845 315 2901 vobis
324 2889 333 2918 ,
350 2852 441 2911 oum
451 2890 459 2919 ,
484 2854 520 2902 ut
538 2846 725 2921 solutcscro,
754 2844 903 2905 adhibui?
925 2848 963 2903 At
982 2864 1049 2903 vero
1067 2856 1206 2923 quantum
1224 2862 1276 2921 pu·

69 2948 99 2999 tas
110 2940 225 3019 judices
251 2941 319 3001 istos
338 2942 539 3002 reclamaturos
565 2965 644 3019 esse,
674 2965 772 3005 nonne
791 2945 1008 3005 uehementer?
1030 2973 1062 2983 -
1083 2940 1277 3000 Vehementer

66 3056 129 3099 true.
156 3070 189 3081 -
220 3040 323 3099 Nonne
354 3041 443 3121 igitur
467 3064 532 3101 eum
560 3057 662 3123 putas,
693 3045 725 3103 in
752 3064 859 3102 summa
883 3028 1085 3122 trepidatione·
1105 3037 1276 3117 consiliique

64 3132 168 3219 inopia,
188 3159 246 3217 quo
265 3159 294 3197 se
308 3137 393 3198 modo
406 3138 563 3216 defendat,
585 3163 648 3225 non,
663 3155 842 3222 reperturum
857 3140 938 3200 esse?
953 3166 988 3176 ·
1003 3138 1137 3199 Omnino.
1152 3134 1276 3195 -Idem

63 3228 120 3295 stro
138 3222 232 3311 mihi,
251 3236 309 3296 scio
319 3282 328 3311 ,
348 3238 373 3296 si
391 3238 424 3296 in
437 3237 583 3316 judicium
601 3238 746 3316 traherer,
766 3240 904 3299 eveniret.
925 3239 998 3299 Nam
1016 3236 1195 3318 voluptates,
1206 3256 1276 3316 quas

55 3331 198 3408 judicibus
216 3335 431 3416 praebuissem,
450 3356 577 3417 quasque
602 3338 648 3398 illi
668 3337 809 3398 beneficia
836 3337 1031 3416 utilitatesque
1057 3348 1180 3410 vacant,
1201 3355 1275 3393 com·

57 3450 208 3492 memorare
228 3454 289 3492 non
308 3455 434 3514 possem:
456 3455 507 3515 ego
521 3436 592 3495 adeo
613 3458 665 3496 nec
684 3437 740 3516 qui¹
753 3436 893 3516 praebent
917 3426 984 3495 illas
1011 3420 1098 3493 laudo
1108 3479 1117 3508 ,
1136 3453 1189 3491 nec
1207 3433 1275 3511 qui-

57 3527 107 3589 bos
132 3522 319 3611 praebentur.
360 3532 471 3607 Quodsi
495 3536 560 3613 quis
584 3535 631 3595 vel
650 3534 782 3613 juniores
806 3555 851 3593 me
876 3534 985 3593 diceret
1012 3551 1210 3612 corrumpere,
1237 3530 1275 3590 ad

56 3629 197 3709 angustias
216 3650 263 3689 eos
279 3616 472 3710 colloquendo
490 3631 668 3712 affigentem,
690 3630 882 3713 v³eliseniores
896 3629 1123 3712 reprehendere,
1144 3629 1274 3687 acerbius

56 3724 84 3785 in
106 3747 156 3787 eos
178 3726 240 3788 sive
262 3728 398 3809 privatim
413 3730 474 3791 sive
500 3730 617 3810 publice
646 3731 808 3804 dicentem,
830 3750 866 3788 ne
886 3729 934 3787 hic
950 3728 1068 3809 quidem
1084 3728 1173 3803 mibi,
1193 3726 1271 3806 quod

57 3844 153 3887 terum
172 3837 234 3899 est,
255 3824 351 3884 dicere
374 3826 493 3885 licebit:
525 3852 575 3909 ego
603 3830 674 3887 baec
698 3837 798 3888 omnia
816 3835 921 3905 juste,
934 3829 1076 3904 judiees,
1097 3838 1128 3885 at
1154 3828 1218 3885 dico
1242 3836 1272 3884 at

57 3942 123 4005 rgo,
146 3933 298 3998 vostrum,
319 3932 353 3981 in
373 3927 420 3984 hir
444 3930 639 4003 commodum,
669 3950 726 3986 non
754 3928 841 3985 aliud
858 3934 1030 4007 respiciens.
1080 3924 1269 4000 Quamobrem

57 4020 130 4101 raud
148 4021 210 4078 sine
228 4041 348 4097 caussa,
365 4023 509 4113 quidquid
528 4026 586 4085 fors
605 4027 722 4101 tulerit,
742 4024 775 4084 id
794 4025 895 4105 patiar.
937 4024 994 4085 lllc
1017 4022 1169 4098 Callicles,
1190 4020 1271 4081 vide·

58 4139 136 4179 utne
163 4139 232 4181 vero
255 4120 329 4196 tibi,
360 4143 376 4180 o
404 4121 549 4198 SocrateS,
583 4124 658 4183 bene
686 4145 714 4183 se
740 4123 846 4183 babere
868 4124 902 4182 in
931 4124 1047 4183 civitate
1077 4121 1178 4194 homo,
1217 4121 1270 4199 qui

59 4216 167 4276 ibimet
196 4217 256 4297 ipse
284 4239 342 4277 esse
367 4234 479 4299 praesto
503 4223 622 4300 nequit?
659 4224 712 4283 Cui
740 4220 887 4298 Socrates,
914 4221 999 4282 modo
1023 4221 1076 4281 boc
1100 4219 1222 4294 habeat,
1251 4243 1270 4280 o
1339 4224 1345 4233 “

80 4386 108 4491 1}
125 4427 214 4479 insu.
233 4442 257 4492 p.
279 4425 345 4489 160,
363 4425 420 4479 161.
477 4418 507 4503 ᾖ
565 4462 574 4483 .
