2796 5048
649 155 699 264 79'

51 369 161 445 nullis,
183 368 314 428 Platonis
334 380 362 426 et
381 365 536 426 Democriti
555 365 745 441 locutionem,
762 366 816 426 etsi
835 365 944 425 absita
963 353 1064 444 versu,
1086 384 1195 446 tamen,
1210 369 1288 451 quod

54 464 205 528 incitatius
223 467 334 525 feratur
352 478 380 524 et
398 464 565 524 clarissimis
582 464 735 524 verborum
749 460 909 524 luminibus
929 479 1043 542 utatur,
1071 471 1166 550 potius
1188 474 1289 552 poema

55 565 217 644 putandum
227 609 236 640 ,
256 584 343 642 quam
359 563 532 622 comicorum
551 568 708 644 poetarum.
721 587 736 620 u
762 564 910 623 Caeterum
929 563 1028 640 Plato,
1047 566 1125 645 quod
1141 568 1289 648 principio

56 665 237 738 monuimus,
258 683 274 720 a
293 662 371 741 poesi
392 660 429 720 ad
448 659 661 741 philosophiam
679 680 842 741 progressus
860 674 918 735 est,
940 674 967 720 et
986 683 1018 721 ea
1041 665 1161 725 vivebat
1179 679 1288 739 aetate,

57 779 108 837 qua
123 738 230 842 ligatae
248 758 387 817 elutionis
413 771 441 816 et
462 756 570 816 solutae
590 756 765 832 discrimen,
786 758 864 837 quod
884 758 922 818 ad
941 758 1140 843 philosophiae
1160 762 1288 822 studium

63 857 178 935 attinet,
205 856 325 934 idoneis
351 854 483 914 nondum
510 854 622 934 legibus
640 869 700 915 erat
720 855 882 916 definitum.
914 858 977 931 Quo
996 860 1091 918 minus
1111 860 1194 920 nobis
1213 881 1288 920 eom·

63 955 231 1015 mittendum
257 967 318 1029 est,
338 966 370 1012 ut
397 955 502 1034 scripta
529 953 586 1013 viri
616 967 644 1012 et
667 952 774 1034 placita
795 953 833 1013 ad
852 957 1016 1036 posterioris
1035 969 1063 1016 et
1081 970 1193 1017 nostrae
1215 959 1287 1018 adeo

12 1066 19 1121 ἰ
71 1055 157 1114 uetans
179 1052 377 1113 conditionem
409 1052 564 1131 exigamus.
602 1051 729 1110 Tantum
756 1065 850 1110 autem
878 1052 976 1128 abest,
1006 1067 1037 1113 ut
1064 1053 1134 1113 haee
1162 1054 1223 1132 ejus
1250 1055 1287 1116 de

11 1154 32 1221 ni
75 1169 152 1211 amore
183 1149 262 1209 dicta
288 1149 370 1209 'levia
403 1148 533 1232 putanda
569 1149 628 1208 sint
654 1169 687 1207 ac
713 1149 886 1230 philosopho
913 1150 1052 1231 indigna,
1083 1165 1115 1212 ut
1133 1154 1287 1213 ‘interioris

11 1242 41 1307 d
80 1249 226 1309 contineant
244 1246 394 1307 doetrinae
413 1246 577 1305 Platonicae
594 1247 748 1328 principia,
770 1245 855 1322 Quod
876 1246 960 1307 nobis
978 1263 1038 1308 tum
1058 1251 1180 1335 maxime
1198 1252 1290 1309 mani·

11 1364 46 1425 ῃ
84 1345 164 1404 lutum
187 1346 260 1420 erit,
286 1365 375 1424 quum
404 1365 437 1404 eo
467 1344 701 1425 pervenerimus,
731 1366 788 1424 quo
816 1347 909 1405 omnis
928 1346 1006 1426 apud
1029 1344 1176 1406 Platonem
1194 1346 1291 1407 tendit

11 1512 16 1518 ,
86 1441 243 1526 philosophia
269 1443 385 1525 pulcri,
410 1440 448 1501 ad
475 1449 573 1520 epotus
595 1444 704 1520 pelori
730 1451 899 1502 seientiam.
946 1443 1003 1503 Sed
1030 1467 1087 1524 quo
1115 1443 1230 1504 facilius
1257 1466 1291 1505 eo

90 1542 264 1620 perveniamus
274 1587 283 1616 ,
310 1540 347 1600 de
365 1540 476 1601 artibus
489 1541 551 1619 jam
567 1561 652 1622 porro
671 1541 814 1621 agendum
831 1555 886 1617 est,
906 1564 979 1621 quae
999 1530 1037 1602 ad
1055 1542 1149 1625 pulcri
1168 1563 1290 1602 amorem

90 1636 194 1716 ducunt,
211 1640 413 1718 hominemque
432 1653 617 1720 praeparant,
639 1652 670 1698 ut
690 1639 784 1720 ipsum
803 1639 961 1719 aliquando
981 1640 1114 1722 pulcrum
1132 1653 1290 1722 cognoscat.

11 1731 17 1788 Ι
948 1732 953 1746 ,

717 1858 730 1893 l

11 1947 26 1981 Ε

12 2024 33 2065 nl

10 2132 28 2225 l

10 2238 25 2271 lf
