2774 5048
653 233 712 293 rie

75 399 212 457 excitaret
234 397 454 474 informaretque
474 392 619 467 indolem,
641 396 704 474 pari
723 396 868 474 proposito
884 408 912 455 et
930 394 1059 453 omnium
1080 393 1201 457 tunimo
1214 402 1273 475 get-³

75 503 214 553 metricam
240 493 389 554 colendam
416 494 536 552 censuit.
577 491 704 551 Socrates
728 493 808 574 opud
829 514 912 567 eum,
932 491 971 551 ad
991 491 1080 550 linem
1098 490 1264 571 perductade

75 592 251 653 arithmetica
269 592 461 672 disputatione
486 589 548 650 oid
558 584 702 673 ssolecto,
723 592 836 669 inquit,
857 611 917 651 non
936 590 1111 661 vocabunt(
1103 612 1137 649 m
1150 588 1265 689 dubim,

74 705 211 771 quotquot
232 689 279 751 vel
299 689 510 769 aliquantulum
528 691 695 769 geometriae
715 704 782 748 suut
795 690 899 771 periti,
920 686 1264 769 hancdisciplinamplttt
1307 672 1309 685 Ι

19 854 22 863 Ι
75 809 231 870 repugnare
250 789 303 862 iis,
324 808 395 866 quae
414 787 501 866 vulgo
518 785 665 845 dicunt
642 808 702 865 equs
722 786 852 847 studiosi.
882 787 1052 864 Loquuntur
1068 787 1148 845 enim
1165 782 1265 847 ridicule

75 908 188 968 prorsus
212 899 240 944 et
260 885 460 953 illiberaliter·
483 906 549 944 nam
570 900 600 945 ιιι
621 887 696 944 fabri
718 900 746 944 et
765 886 844 963 quasi
866 884 1032 945 fabricandi
1052 885 1152 945 caused
1169 883 1266 963 loquar·

74 999 134 1059 tes,
155 984 191 1044 de
212 982 354 1044 ducendis
373 982 535 1063 quadratis,
556 981 592 1041 dc
612 983 700 1042 lineis
718 974 940 1064 producendis,
950 982 1152 1061 similibusque
1169 980 1265 1043 dicum:

74 1105 114 1143 το
109 1076 213 1143 d'”
196 1103 271 1143 εστι
297 1104 370 1141 nov
389 1080 459 1141 πᾶν
486 1073 524 1141 τό
547 1068 709 1162 μάθημα
729 1069 893 1162 γνώσεως
914 1077 1032 1141 ἕνεκα
1038 1073 1266 1161 ἐπιτηδευόμε-

1 1213 7 1222 ·
75 1204 148 1244 νον
169 1184 1266 1265 haoooutomdisriplinatotaeetcognorcendicorr

75 1293 117 1347 sd
137 1285 377 1345 tractanda.
388 1307 403 1339 ιι
447 1284 521 1341 Tum
540 1283 641 1362 pergit
667 1284 794 1344 «Nonne
813 1283 845 1343 id
863 1303 975 1362 quoque
993 1279 1266 1343 concedendum?-

76 1384 154 1460 Quid
173 1385 369 1445 tandeml-
387 1373 500 1454 Ὡς
456 1402 519 1459 της
533 1378 599 1439 τοῦ
615 1374 670 1442 uri
686 1375 783 1455 ὄντος
797 1369 975 1462 γνώσεως,
990 1374 1053 1441 ott
1066 1373 1166 1440 οὗτοο
1152 1350 1268 1441 nerlu

78 1478 247 1565 γιγνομένου
263 1505 311 1544 κον
304 1475 538 1561 ἀπολλυμένου
560 1496 692 1564 oportere
707 1506 771 1543 eam
790 1486 905 1544 addisci
923 1486 972 1543 ud
990 1485 1034 1543 e'd
1052 1500 1268 1563 cognosces·

79 1589 186 1661 dum,
217 1587 320 1665 quod
340 1596 421 1660 eet,
452 1608 508 1644 νιονι
528 1606 632 1643 rerum
650 1590 775 1697 caused,
797 1604 871 1661 quae
888 1589 1035 1641 ονίιιιιιιιι·
1052 1591 1082 1640 et
1094 1588 1266 1659 pwoualn·

78 1682 301 1744 Concedendum
326 1683 430 1764 plane:
470 1683 533 1743 τοῦ
564 1704 629 1761 γαρ
656 1675 709 1741 αἰί
735 1674 840 1754 ὄντος
864 1674 885 1761 η’
911 1700 1135 1761 γιιομιιρικη
1126 1668 1269 1757 γνῶσις

77 1780 166 1843 ἐστι·
206 1805 275 1841 nam
298 1793 463 1868 geometria
494 1793 576 1861 ejus,
602 1785 678 1862 quod
696 1794 740 1843 eet
760 1805 892 1861 emper,
912 1791 1040 1865 cogeritio
1060 1792 1175 1842 eet.—
1193 1767 1270 1841 ‘Olatit

76 1880 149 1964 ἄρα,
178 1875 205 1946 ol
230 1887 351 1964 γενναῖε,
378 1882 483 1965 ψυχῆς
510 1879 588 1966 προς
610 1876 795 1963 ἀλήθειαν
773 1880 817 1963 ιιι]
840 1877 889 1956 ἂν,
910 1879 959 1943 καὶ
980 1874 1189 1960 ιῖιιεργαστικον
1207 1880 1269 1960 udr-

76 1981 174 2067 σόοιοο
196 1983 324 2060 διανοίας
344 1981 421 2063 προς
442 1980 478 2047 rei
501 1979 562 2047 o’r'vor
585 1989 679 2065 σχεῖν,
702 1978 908 2058 derivationi,
931 1978 967 2044 mi
980 1978 1062 2058 δέον,
1084 1978 1204 2064 ἔχομεν·
1220 1993 1270 2042 tn·

75 2092 123 2148 tit
148 2096 268 2172 igitur,
296 2112 312 2147 ο
339 2091 407 2147 bone
418 2135 427 2163 ,
458 2092 498 2147 ad
526 2098 685 2147 veritatem
715 2095 870 2160 animum,
891 2086 1089 2165 fiectriaque
1108 2094 1172 2144 erit
1186 2085 1270 2141 menb't

70 2190 277 2269 philosophae,
299 2189 390 2245 ulad
409 2197 565 2263 superiora
585 2188 777 2260 attollamus,
799 2208 873 2264 quaa
891 2208 971 2243 nunc
981 2230 989 2260 ,
1011 2196 1119 2245 matra
1139 2204 1223 2263 quam
1234 2180 1270 2238 dt·

76 2298 140 2359 cet,
161 2293 194 2342 ιἰι
212 2288 364 2359 inferiora
384 2286 523 2345 dabamus
542 2288 678 2345 demissa.
700 2326 733 2336 -
753 2286 846 2359 Quam
865 2285 999 2345 maxime.
1013 2312 1049 2325 -
1067 2279 1270 2358 Qmmmaxi!

77 2384 165 2463 ighur
191 2383 427 2463 praecipiendum
457 2397 517 2458 est,
548 2398 580 2443 nt
609 2386 639 2442 in
669 2384 775 2464 optima
805 2383 922 2442 civitate
940 2383 1089 2462 principes
1107 2380 1192 2440 nullo
1207 2372 1269 2437 molt

79 2482 258 2560 geometriam
278 2494 432 2561 sper:nant
455 2502 539 2557 nam,
560 2503 632 2561 quae
649 2480 790 2553 accedunt
810 2479 889 2538 ad'
866 2502 928 2558 equs
945 2481 1124 2560 propositum
1142 2492 1268 2543 summu,

79 2601 138 2638 non
159 2580 260 2658 exigua
280 2593 412 2638 sunt-
433 2581 581 2655 Quaenam
604 2581 733 2640 illal-
699 2580 841 2652 -Quae
861 2578 970 2637 bellum
993 2590 1140 2658 spectant·
1169 2597 1223 2637 ιιοι
1216 2558 1268 2647 li

79 2675 134 2738 rol
159 2670 250 2757 προς
274 2670 390 2752 πάσας
416 2671 660 2765 μοθήοιις,’
633 2700 725 2739 orote
746 2670 885 2737 κάλλιον
906 2670 1209 2754 αποδέχισθοιι,”
1195 2690 1270 2754 aaut?

79 2801 147 2841 που
169 2772 225 2839 tiri
245 2780 294 2864 τῷ
316 2773 386 2864 ὅλῳ
407 2779 465 2840 καὶ
486 2779 590 2841 παντὶ
613 2780 744 2841 διοίσει
766 2773 926 2861 ἡμμένος
947 2800 982 2839 ιι
1004 2768 1269 2863 γεωμιτρίοςιιι

80 2876 147 2963 μή·
179 2890 278 2960 quin
304 2890 433 2941 etiam
459 2892 633 2958 acincus,
665 2886 713 2942 ud
743 2882 1270 2960 disciplinaeomaeefael·

81 2987 168 3073 lyce
193 2982 518 3062 perdiscendae
527 2990 740 3041 interesse
766 3002 887 3060 qaam
909 2986 1102 3055 maxime,
1133 2988 1270 3059 attigr-

80 3083 701 3161 rz'tnageometriamuliquis,
724 3101 896 3138 necne»
922 3075 951 3157 1)

121 3182 179 3263 Has
200 3193 293 3238 autem
311 3177 430 3252 breves,
462 3178 511 3237 sed
530 3193 625 3237 acutas
643 3179 880 3257 gravissimasque
900 3176 1055 3234 sententias
1065 3198 1152 3255 q,uo
1171 3175 1271 3254 diligeri-

81 3280 144 3365 tiu'q
153 3276 407 3359 per-penderimus,
429 3298 461 3335 eo
482 3278 586 3334 certius
604 3298 783 3355 assequemur
802 3274 1057 3334 effatisententiam
1068 3320 1076 3349 ,
1098 3274 1176 3353 quod
1186 3265 1271 3332 Platori

81 3376 220 3435 tribuitur
240 3374 325 3453 vulgo
344 3388 371 3431 et
389 3373 533 3431 declarare
553 3375 722 3433 Plutarchus
743 3373 869 3433 studuit:
903 3394 918 3430 ο
942 3366 1032 3445 θεός
1053 3392 1245 3451 γιωμιτρει
1231 3360 1272 3443 il)

81 3475 152 3532 Nam
191 3487 222 3532 ut
260 3473 319 3531 Deo
346 3470 491 3530 tribuebat
520 3471 726 3552 philosophus,
757 3471 869 3550 quod
862 3474 916 3552 rpsi
942 3475 974 3531 in
1000 3473 1117 3533 homine
1145 3457 1273 3533 'videbam

82 3573 254 3645 maximum,
288 3571 327 3628 ita
346 3571 526 3648 geometriam
545 3591 605 3628 non
624 3570 749 3627 tribuere
769 3568 889 3629 divinae
909 3572 998 3630 menti
1016 3594 1076 3632 non
1097 3573 1200 3653 potuit.
1235 3558 1273 3625 Sd

83 3684 162 3750 patet
182 3668 250 3727 inde
271 3669 356 3742 item,
377 3689 433 3746 quo
453 3667 560 3726 honore
581 3666 655 3726 hanc
677 3667 862 3749 disciplinam
880 3669 1031 3729 hahuerit:
1054 3693 1108 3729 nec
1118 3668 1272 3733 mirabimur,

80 3768 127 3826 his
145 3768 316 3848 perspectis,
337 3767 516 3845 geometriam
534 3778 631 3844 postca
650 3764 772 3825 Graecos
790 3758 927 3846 μάθησιν
944 3788 1078 3843 necasse,
1099 3769 1206 3849 quippe
1223 3774 1273 3843 qt!

83 3887 139 3925 una
170 3865 297 3924 omnium
327 3864 548 3944 disciplinarum
577 3865 699 3922 maxime
717 3865 895 3927 institutioni
914 3881 986 3927 esset
1004 3866 1173 3927 adhibenda
1192 3877 1218 3923 et
1232 3854 1272 3921 etl·

82 3965 229 4025 videretur
257 3964 418 4038 disciplina
448 3960 641 4042 appellanda,
671 3946 794 4041 nosque,
825 3986 921 4025 eorum
941 3964 1106 4045 exemplum
1126 3962 1272 4033 secum*

83 4084 180 4122 vocem
201 4063 325 4142 ipsorum
347 4073 375 4117 et
395 4059 447 4117 hac
467 4081 528 4117 eam
549 4059 757 4139 significatione
778 4063 885 4143 linguis
895 4064 999 4122 nostris
1007 4064 1172 4143 suscepisse.
1191 4060 1270 4119 vem

82 4234 333 4244 --.——---—

119 4338 141 4400 ll
163 4341 197 4390 De
215 4342 274 4407 liep,
293 4339 345 4417 vpl.
365 4338 422 4388 527.
441 4338 470 4387 Α.
493 4336 518 4387 B.

116 4424 141 4486 2)
160 4426 225 4476 Plut.
244 4426 391 4493 Syntposiac.
411 4424 473 4475 Vlll.
494 4424 550 4475 718.

445 4598 641 4705 ι’.
