<?xml version="1.0" encoding="UTF-8"?>
<!DOCTYPE html PUBLIC "-//W3C//DTD XHTML 1.0 Transitional//EN"
    "http://www.w3.org/TR/xhtml1/DTD/xhtml1-transitional.dtd">
<html xmlns="http://www.w3.org/1999/xhtml" xml:lang="en" lang="en">
 <head>
  <title>
</title>
<meta http-equiv="Content-Type" content="text/html;charset=utf-8" />
  <meta name='ocr-system' content='tesseract 3.04.00' />
  <meta name='ocr-capabilities' content='ocr_page ocr_carea ocr_par ocr_line ocrx_word'/>
</head>
<body>
  <div class='ocr_page' id='page_1' title='image "./initiaphilosoph00heusgoog_0197.png"; bbox 0 0 2796 5048; ppageno 0'>
   <div class='ocr_carea' id='block_1_1' title="bbox 672 220 729 279">
    <p class='ocr_par' dir='ltr' id='par_1_1' title="bbox 672 220 729 279">
     <span class='ocr_line' id='line_1_1' title="bbox 672 220 729 279; baseline 0 -1"><span class='ocrx_word' id='word_1_1' title='bbox 672 220 729 279; x_wconf 83' lang='lat'><strong>152</strong></span> 
     </span>
    </p>
   </div>
   <div class='ocr_carea' id='block_1_2' title="bbox 77 380 1345 1791">
    <p class='ocr_par' dir='ltr' id='par_1_2' title="bbox 77 380 1345 1448">
     <span class='ocr_line' id='line_1_2' title="bbox 77 380 1305 458; baseline 0.001 -20"><span class='ocrx_word' id='word_1_2' title='bbox 77 386 178 458; x_wconf 81' lang='lat' dir='ltr'><strong>ipsum</strong></span> <span class='ocrx_word' id='word_1_3' title='bbox 203 380 436 455; x_wconf 78' lang='lat' dir='ltr'><strong>oblivionem,</strong></span> <span class='ocrx_word' id='word_1_4' title='bbox 472 384 681 439; x_wconf 69' lang='lat' dir='ltr'><strong>excitationem</strong></span> <span class='ocrx_word' id='word_1_5' title='bbox 705 404 720 439; x_wconf 94' lang='lat' dir='ltr'><strong>e</strong></span> <span class='ocrx_word' id='word_1_6' title='bbox 749 402 848 439; x_wconf 82' lang='lat' dir='ltr'><strong>somno</strong></span> <span class='ocrx_word' id='word_1_7' title='bbox 870 388 1305 453; x_wconf 77' lang='lat' dir='ltr'><strong>reminiscentiam.m,·</strong></span> 
     </span>
     <span class='ocr_line' id='line_1_3' title="bbox 80 481 1322 557; baseline 0.002 -21"><span class='ocrx_word' id='word_1_8' title='bbox 80 500 186 537; x_wconf 82' lang='lat' dir='ltr'><strong>eurum</strong></span> <span class='ocrx_word' id='word_1_9' title='bbox 210 500 279 538; x_wconf 84' lang='lat' dir='ltr'><strong>uero</strong></span> <span class='ocrx_word' id='word_1_10' title='bbox 303 485 612 555; x_wconf 71' lang='lat' dir='ltr'><em>commotionemque</em></span> <span class='ocrx_word' id='word_1_11' title='bbox 634 501 752 553; x_wconf 85' lang='lat' dir='ltr'><strong>eorum,</strong></span> <span class='ocrx_word' id='word_1_12' title='bbox 778 486 932 557; x_wconf 81' lang='lat' dir='ltr'><strong>quaejam</strong></span> <span class='ocrx_word' id='word_1_13' title='bbox 948 481 1105 537; x_wconf 82' lang='lat' dir='ltr'><strong>ordinauit</strong></span> <span class='ocrx_word' id='word_1_14' title='bbox 1121 487 1225 555; x_wconf 85' lang='lat' dir='ltr'><strong>ratio,</strong></span> <span class='ocrx_word' id='word_1_15' title='bbox 1253 494 1322 539; x_wconf 67' lang='grc' dir='ltr'><strong><em>τιν’</em></strong></span> 
     </span>
     <span class='ocr_line' id='line_1_4' title="bbox 80 575 1305 657; baseline 0.002 -22"><span class='ocrx_word' id='word_1_16' title='bbox 80 585 258 636; x_wconf 87' lang='lat' dir='ltr'><strong>moriam.»</strong></span> <span class='ocrx_word' id='word_1_17' title='bbox 295 575 323 655; x_wconf 81' lang='lat' dir='ltr'><strong>l)</strong></span> <span class='ocrx_word' id='word_1_18' title='bbox 344 575 560 636; x_wconf 74' lang='lat' dir='ltr'><strong>Obstetricandi</strong></span> <span class='ocrx_word' id='word_1_19' title='bbox 580 591 673 635; x_wconf 77' lang='lat' dir='ltr'><strong>sortem</strong></span> <span class='ocrx_word' id='word_1_20' title='bbox 694 591 781 635; x_wconf 85' lang='lat' dir='ltr'><strong>artem</strong></span> <span class='ocrx_word' id='word_1_21' title='bbox 806 592 837 635; x_wconf 90' lang='lat' dir='ltr'><strong>ut</strong></span> <span class='ocrx_word' id='word_1_22' title='bbox 863 579 1011 656; x_wconf 87' lang='lat' dir='ltr'><strong>ingeniose</strong></span> <span class='ocrx_word' id='word_1_23' title='bbox 1039 578 1118 637; x_wconf 90' lang='lat' dir='ltr'><strong>idem</strong></span> <span class='ocrx_word' id='word_1_24' title='bbox 1144 600 1215 637; x_wconf 87' lang='lat' dir='ltr'><strong>cum</strong></span> <span class='ocrx_word' id='word_1_25' title='bbox 1237 580 1305 657; x_wconf 75' lang='lat' dir='ltr'><strong>Justa</strong></span> 
     </span>
     <span class='ocr_line' id='line_1_5' title="bbox 80 672 1305 757; baseline 0.001 -23"><span class='ocrx_word' id='word_1_26' title='bbox 80 674 238 755; x_wconf 84' lang='lat' dir='ltr'><strong>disciplina</strong></span> <span class='ocrx_word' id='word_1_27' title='bbox 258 688 422 755; x_wconf 88' lang='lat' dir='ltr'><strong>comparat,</strong></span> <span class='ocrx_word' id='word_1_28' title='bbox 444 672 476 754; x_wconf 84' lang='lat'><strong>2)</strong></span> <span class='ocrx_word' id='word_1_29' title='bbox 499 676 539 733; x_wconf 88' lang='lat' dir='ltr'><strong>ita</strong></span> <span class='ocrx_word' id='word_1_30' title='bbox 559 675 730 733; x_wconf 85' lang='lat' dir='ltr'><strong>Plutarchus</strong></span> <span class='ocrx_word' id='word_1_31' title='bbox 747 675 822 735; x_wconf 90' lang='lat' dir='ltr'><strong>hanc</strong></span> <span class='ocrx_word' id='word_1_32' title='bbox 842 678 1082 756; x_wconf 82' lang='lat' dir='ltr'><strong>comparationem</strong></span> <span class='ocrx_word' id='word_1_33' title='bbox 1100 697 1138 735; x_wconf 84' lang='lat' dir='ltr'><strong>ex</strong></span> <span class='ocrx_word' id='word_1_34' title='bbox 1164 677 1230 757; x_wconf 87' lang='lat' dir='ltr'><strong>ipsa</strong></span> <span class='ocrx_word' id='word_1_35' title='bbox 1247 676 1305 737; x_wconf 89' lang='lat' dir='ltr'><strong>Plu-</strong></span> 
     </span>
     <span class='ocr_line' id='line_1_6' title="bbox 79 773 1303 854; baseline 0.002 -22"><span class='ocrx_word' id='word_1_36' title='bbox 79 774 156 832; x_wconf 81' lang='lat' dir='ltr'><strong>tonis</strong></span> <span class='ocrx_word' id='word_1_37' title='bbox 177 785 272 830; x_wconf 90' lang='lat' dir='ltr'><strong>mente</strong></span> <span class='ocrx_word' id='word_1_38' title='bbox 300 773 331 831; x_wconf 90' lang='lat' dir='ltr'><strong>in</strong></span> <span class='ocrx_word' id='word_1_39' title='bbox 351 773 508 831; x_wconf 85' lang='lat' dir='ltr'><strong>Platonicis</strong></span> <span class='ocrx_word' id='word_1_40' title='bbox 531 773 748 850; x_wconf 83' lang='lat' dir='ltr'><strong>quaestionibus</strong></span> <span class='ocrx_word' id='word_1_41' title='bbox 770 773 907 854; x_wconf 79' lang='lat' dir='ltr'><strong>explicat.</strong></span> <span class='ocrx_word' id='word_1_42' title='bbox 942 795 956 826; x_wconf 78' lang='lat' dir='ltr'><strong>a</strong></span> <span class='ocrx_word' id='word_1_43' title='bbox 967 774 1043 833; x_wconf 87' lang='lat' dir='ltr'><strong>Vide</strong></span> <span class='ocrx_word' id='word_1_44' title='bbox 1063 795 1152 849; x_wconf 80' lang='lat' dir='ltr'><strong>vero,</strong></span> <span class='ocrx_word' id='word_1_45' title='bbox 1175 796 1215 834; x_wconf 89' lang='lat' dir='ltr'><strong>ne</strong></span> <span class='ocrx_word' id='word_1_46' title='bbox 1233 774 1303 835; x_wconf 72' lang='lat' dir='ltr'><strong>nulls</strong></span> 
     </span>
     <span class='ocr_line' id='line_1_7' title="bbox 79 868 1345 953; baseline 0.003 -23"><span class='ocrx_word' id='word_1_47' title='bbox 79 871 165 953; x_wconf 71' lang='lat' dir='ltr'><strong>opert</strong></span> <span class='ocrx_word' id='word_1_48' title='bbox 182 868 333 948; x_wconf 89' lang='lat' dir='ltr'><strong>studioque</strong></span> <span class='ocrx_word' id='word_1_49' title='bbox 349 868 436 950; x_wconf 86' lang='lat' dir='ltr'><strong>digna</strong></span> <span class='ocrx_word' id='word_1_50' title='bbox 456 871 567 931; x_wconf 86' lang='lat' dir='ltr'><strong>fuerint</strong></span> <span class='ocrx_word' id='word_1_51' title='bbox 585 870 696 949; x_wconf 87' lang='lat' dir='ltr'><strong>reliqua</strong></span> <span class='ocrx_word' id='word_1_52' title='bbox 716 885 743 929; x_wconf 88' lang='lat' dir='ltr'><strong>et</strong></span> <span class='ocrx_word' id='word_1_53' title='bbox 761 873 887 931; x_wconf 86' lang='lat' dir='ltr'><strong>carmina</strong></span> <span class='ocrx_word' id='word_1_54' title='bbox 904 887 932 930; x_wconf 90' lang='lat' dir='ltr'><strong>et</strong></span> <span class='ocrx_word' id='word_1_55' title='bbox 945 872 1111 946; x_wconf 84' lang='lat' dir='ltr'><strong>doctrinae,</strong></span> <span class='ocrx_word' id='word_1_56' title='bbox 1133 886 1163 932; x_wconf 92' lang='lat' dir='ltr'><strong>et</strong></span> <span class='ocrx_word' id='word_1_57' title='bbox 1178 874 1307 933; x_wconf 83' lang='lat' dir='ltr'><strong>orationes</strong></span> <span class='ocrx_word' id='word_1_58' title='bbox 1343 910 1345 915; x_wconf 95' lang='lat'>·</span> 
     </span>
     <span class='ocr_line' id='line_1_8' title="bbox 80 967 1303 1051; baseline -0.002 -22"><span class='ocrx_word' id='word_1_59' title='bbox 80 983 241 1042; x_wconf 87' lang='lat' dir='ltr'><strong>oratorum,</strong></span> <span class='ocrx_word' id='word_1_60' title='bbox 262 982 290 1027; x_wconf 92' lang='lat' dir='ltr'><strong>et</strong></span> <span class='ocrx_word' id='word_1_61' title='bbox 307 968 421 1027; x_wconf 91' lang='lat' dir='ltr'><strong>decreta</strong></span> <span class='ocrx_word' id='word_1_62' title='bbox 439 967 643 1047; x_wconf 81' lang='lat' dir='ltr'><strong>sophistarum,</strong></span> <span class='ocrx_word' id='word_1_63' title='bbox 665 990 737 1047; x_wconf 89' lang='lat' dir='ltr'><strong>quae</strong></span> <span class='ocrx_word' id='word_1_64' title='bbox 757 971 872 1049; x_wconf 76' lang='lat' dir='ltr'><strong>gignere</strong></span> <span class='ocrx_word' id='word_1_65' title='bbox 891 971 1034 1029; x_wconf 84' lang='lat' dir='ltr'><strong>Socratem</strong></span> <span class='ocrx_word' id='word_1_66' title='bbox 1053 972 1132 1030; x_wconf 90' lang='lat' dir='ltr'><strong>Deus</strong></span> <span class='ocrx_word' id='word_1_67' title='bbox 1151 970 1303 1051; x_wconf 86' lang='lat' dir='ltr'><strong>prohibuit:</strong></span> 
     </span>
     <span class='ocr_line' id='line_1_9' title="bbox 79 1065 1303 1147; baseline 0.003 -22"><span class='ocrx_word' id='word_1_68' title='bbox 79 1088 166 1145; x_wconf 87' lang='lat' dir='ltr'><strong>quam</strong></span> <span class='ocrx_word' id='word_1_69' title='bbox 186 1087 253 1125; x_wconf 78' lang='lat' dir='ltr'><strong>vero</strong></span> <span class='ocrx_word' id='word_1_70' title='bbox 271 1066 360 1124; x_wconf 91' lang='lat' dir='ltr'><strong>solam</strong></span> <span class='ocrx_word' id='word_1_71' title='bbox 384 1065 567 1125; x_wconf 83' lang='lat' dir='ltr'><strong>existimabat</strong></span> <span class='ocrx_word' id='word_1_72' title='bbox 590 1066 719 1125; x_wconf 88' lang='lat' dir='ltr'><strong>Socrates</strong></span> <span class='ocrx_word' id='word_1_73' title='bbox 739 1069 928 1147; x_wconf 86' lang='lat' dir='ltr'><strong>sapientiam,</strong></span> <span class='ocrx_word' id='word_1_74' title='bbox 954 1090 1026 1147; x_wconf 90' lang='lat' dir='ltr'><strong>quae</strong></span> <span class='ocrx_word' id='word_1_75' title='bbox 1047 1069 1079 1127; x_wconf 91' lang='lat' dir='ltr'><strong>iu</strong></span> <span class='ocrx_word' id='word_1_76' title='bbox 1100 1069 1190 1129; x_wconf 88' lang='lat' dir='ltr'><strong>rebus</strong></span> <span class='ocrx_word' id='word_1_77' title='bbox 1208 1068 1303 1130; x_wconf 83' lang='lat' dir='ltr'><strong>divinis</strong></span> 
     </span>
     <span class='ocr_line' id='line_1_10' title="bbox 80 1163 1302 1248; baseline 0.003 -25"><span class='ocrx_word' id='word_1_78' title='bbox 80 1178 107 1223; x_wconf 86' lang='lat' dir='ltr'><strong>et</strong></span> <span class='ocrx_word' id='word_1_79' title='bbox 126 1163 365 1245; x_wconf 72' lang='lat' dir='ltr'><strong>intelligibilibus</strong></span> <span class='ocrx_word' id='word_1_80' title='bbox 384 1177 531 1238; x_wconf 86' lang='lat' dir='ltr'><strong>versatur,</strong></span> <span class='ocrx_word' id='word_1_81' title='bbox 552 1185 693 1243; x_wconf 88' lang='lat' dir='ltr'><strong>quamque</strong></span> <span class='ocrx_word' id='word_1_82' title='bbox 713 1168 877 1224; x_wconf 78' lang='lat' dir='ltr'><strong>amatorium</strong></span> <span class='ocrx_word' id='word_1_83' title='bbox 897 1167 1081 1248; x_wconf 90' lang='lat' dir='ltr'><strong>appellabat,</strong></span> <span class='ocrx_word' id='word_1_84' title='bbox 1103 1167 1194 1245; x_wconf 87' lang='lat' dir='ltr'><strong>hujus</strong></span> <span class='ocrx_word' id='word_1_85' title='bbox 1213 1168 1244 1227; x_wconf 93' lang='lat' dir='ltr'><strong>in</strong></span> <span class='ocrx_word' id='word_1_86' title='bbox 1260 1167 1302 1227; x_wconf 91' lang='lat' dir='ltr'><strong>ho-</strong></span> 
     </span>
     <span class='ocr_line' id='line_1_11' title="bbox 79 1248 1302 1340; baseline 0.007 -21"><span class='ocrx_word' id='word_1_87' title='bbox 79 1261 208 1321; x_wconf 86' lang='lat' dir='ltr'><strong>minibus</strong></span> <span class='ocrx_word' id='word_1_88' title='bbox 226 1248 308 1320; x_wconf 74' lang='lat' dir='ltr'><strong>nullia</strong></span> <span class='ocrx_word' id='word_1_89' title='bbox 329 1263 367 1319; x_wconf 89' lang='lat' dir='ltr'><strong>sit</strong></span> <span class='ocrx_word' id='word_1_90' title='bbox 385 1262 531 1340; x_wconf 86' lang='lat' dir='ltr'><strong>generatio</strong></span> <span class='ocrx_word' id='word_1_91' title='bbox 550 1283 603 1321; x_wconf 89' lang='lat' dir='ltr'><strong>nec</strong></span> <span class='ocrx_word' id='word_1_92' title='bbox 621 1263 770 1338; x_wconf 87' lang='lat' dir='ltr'><strong>inventio,</strong></span> <span class='ocrx_word' id='word_1_93' title='bbox 790 1264 842 1323; x_wconf 89' lang='lat' dir='ltr'><strong>sed</strong></span> <span class='ocrx_word' id='word_1_94' title='bbox 856 1267 1080 1326; x_wconf 87' lang='lat' dir='ltr'><strong>reminiscentia.</strong></span> <span class='ocrx_word' id='word_1_95' title='bbox 1117 1257 1213 1328; x_wconf 71' lang='grc' dir='ltr'><strong><em>Ὅθεν</em></strong></span> <span class='ocrx_word' id='word_1_96' title='bbox 1233 1260 1302 1327; x_wconf 76' lang='lat' dir='ltr'><strong>otialis</strong></span> 
     </span>
     <span class='ocr_line' id='line_1_12' title="bbox 79 1351 1300 1486; baseline 0.008 -67"><span class='ocrx_word' id='word_1_97' title='bbox 79 1357 213 1421; x_wconf 73' lang='grc' dir='ltr'><strong><em>ἐδίδασκε</em></strong></span> <span class='ocrx_word' id='word_1_98' title='bbox 235 1351 413 1439; x_wconf 64' lang='lat' dir='ltr'><strong>Emetitur,</strong></span> <span class='ocrx_word' id='word_1_99' title='bbox 439 1353 514 1419; x_wconf 72' lang='lat' dir='ltr'><strong>itti</strong></span> <span class='ocrx_word' id='word_1_100' title='bbox 535 1354 715 1434; x_wconf 68' lang='lat' dir='ltr'><strong>totitoig’</strong></span> <span class='ocrx_word' id='word_1_101' title='bbox 695 1356 792 1443; x_wconf 79' lang='grc' dir='ltr'><strong><em>αρχάς</em></strong></span> <span class='ocrx_word' id='word_1_102' title='bbox 810 1358 958 1486; x_wconf 62' lang='lat' dir='ltr'><strong>inopinis,</strong></span> <span class='ocrx_word' id='word_1_103' title='bbox 981 1357 1081 1485; x_wconf 70' lang='lat' dir='ltr'><strong>eianep</strong></span> <span class='ocrx_word' id='word_1_104' title='bbox 1104 1362 1300 1445; x_wconf 76' lang='grc' dir='ltr'><strong><em>τάδίνων,τοῖς</em></strong></span> 
     </span>
    </p>

    <p class='ocr_par' dir='ltr' id='par_1_3' title="bbox 77 1451 1298 1751">
     <span class='ocr_line' id='line_1_13' title="bbox 77 1451 1298 1548; baseline 0.011 -27"><span class='ocrx_word' id='word_1_105' title='bbox 77 1455 205 1535; x_wconf 77' lang='grc' dir='ltr'><strong><em>νὲοις,</em></strong></span> <span class='ocrx_word' id='word_1_106' title='bbox 190 1451 323 1542; x_wconf 73' lang='grc' dir='ltr'><strong><em>σπη’γειοε</em></strong></span> <span class='ocrx_word' id='word_1_107' title='bbox 344 1458 393 1521; x_wconf 84' lang='grc' dir='ltr'><strong>καὶ</strong></span> <span class='ocrx_word' id='word_1_108' title='bbox 414 1456 531 1523; x_wconf 88' lang='grc' dir='ltr'><strong><em>ἀνεκίνει</em></strong></span> <span class='ocrx_word' id='word_1_109' title='bbox 551 1461 601 1522; x_wconf 78' lang='grc' dir='ltr'><strong>καὶ</strong></span> <span class='ocrx_word' id='word_1_110' title='bbox 622 1461 816 1544; x_wconf 72' lang='grc' dir='ltr'><strong>συνεξῆγε</strong></span> <span class='ocrx_word' id='word_1_111' title='bbox 779 1487 878 1544; x_wconf 75' lang='grc' dir='ltr'><strong><em>ταςεγ</em></strong></span> <span class='ocrx_word' id='word_1_112' title='bbox 857 1462 1003 1547; x_wconf 57' lang='lat' dir='ltr'><strong>huminous</strong></span> <span class='ocrx_word' id='word_1_113' title='bbox 1017 1462 1146 1548; x_wconf 74' lang='grc' dir='ltr'><strong><em>νοήσεις·</em></strong></span> <span class='ocrx_word' id='word_1_114' title='bbox 1167 1470 1298 1533; x_wconf 70' lang='grc' dir='ltr'><strong><em>καὶτοῦτο</em></strong></span> 
     </span>
     <span class='ocr_line' id='line_1_14' title="bbox 78 1557 1297 1665; baseline 0.011 -42"><span class='ocrx_word' id='word_1_115' title='bbox 78 1585 246 1655; x_wconf 75' lang='grc' dir='ltr'><strong><em>μαιευτικιγν</em></strong></span> <span class='ocrx_word' id='word_1_116' title='bbox 266 1559 375 1644; x_wconf 76' lang='grc' dir='ltr'><strong><em>τέχνην</em></strong></span> <span class='ocrx_word' id='word_1_117' title='bbox 396 1557 563 1642; x_wconf 73' lang='grc' dir='ltr'><strong><em>(ὀνόμαζεν,</em></strong></span> <span class='ocrx_word' id='word_1_118' title='bbox 586 1587 637 1625; x_wconf 94' lang='grc' dir='ltr'><strong><em>ουκ</em></strong></span> <span class='ocrx_word' id='word_1_119' title='bbox 658 1565 824 1629; x_wconf 73' lang='grc' dir='ltr'><strong><em>ἐντιθεῖσαν</em></strong></span> <span class='ocrx_word' id='word_1_120' title='bbox 845 1563 973 1645; x_wconf 71' lang='grc' dir='ltr'><strong><em>ἔξωθεν,</em></strong></span> <span class='ocrx_word' id='word_1_121' title='bbox 995 1562 1094 1653; x_wconf 76' lang='grc' dir='ltr'><strong><em>ὥσπερ</em></strong></span> <span class='ocrx_word' id='word_1_122' title='bbox 1117 1569 1214 1665; x_wconf 78' lang='grc' dir='ltr'><strong><em>ἕτεροι</em></strong></span> <span class='ocrx_word' id='word_1_123' title='bbox 1228 1594 1297 1657; x_wconf 78' lang='grc' dir='ltr'><strong><em>προς-</em></strong></span> 
     </span>
     <span class='ocr_line' id='line_1_15' title="bbox 79 1661 1296 1791; baseline 0.01 -65"><span class='ocrx_word' id='word_1_124' title='bbox 79 1665 241 1740; x_wconf 82' lang='grc' dir='ltr'><strong><em>εποιοῦντο,</em></strong></span> <span class='ocrx_word' id='word_1_125' title='bbox 274 1666 343 1727; x_wconf 76' lang='grc' dir='ltr'><strong><em>νοῦν</em></strong></span> <span class='ocrx_word' id='word_1_126' title='bbox 374 1669 437 1741; x_wconf 79' lang='grc' dir='ltr'><strong><em>τοῖς</em></strong></span> <span class='ocrx_word' id='word_1_127' title='bbox 468 1661 708 1791; x_wconf 75' lang='grc' dir='ltr'><strong><em>ἐντυγχάνουσιν,</em></strong></span> <span class='ocrx_word' id='word_1_128' title='bbox 741 1666 803 1731; x_wconf 82' lang='grc' dir='ltr'><strong><em>ἀλλ’</em></strong></span> <span class='ocrx_word' id='word_1_129' title='bbox 832 1666 955 1751; x_wconf 79' lang='grc' dir='ltr'><strong><em>ἔχοντας</em></strong></span> <span class='ocrx_word' id='word_1_130' title='bbox 987 1672 1138 1734; x_wconf 72' lang='grc' dir='ltr'><strong><em>οἶνεῖον’</em></strong></span> <span class='ocrx_word' id='word_1_131' title='bbox 1121 1697 1155 1736; x_wconf 86' lang='grc' dir='ltr'><strong>εν</strong></span> <span class='ocrx_word' id='word_1_132' title='bbox 1191 1672 1296 1749; x_wconf 65' lang='lat' dir='ltr'><strong>innah,</strong></span> 
     </span>
    </p>
   </div>
   <div class='ocr_carea' id='block_1_3' title="bbox 44 1760 1298 3763">
    <p class='ocr_par' dir='ltr' id='par_1_4' title="bbox 44 1760 1298 3763">
     <span class='ocr_line' id='line_1_16' title="bbox 79 1760 1296 1859; baseline 0.009 -29"><span class='ocrx_word' id='word_1_133' title='bbox 79 1763 171 1850; x_wconf 82' lang='grc' dir='ltr'><strong><em>ἀτελῆ</em></strong></span> <span class='ocrx_word' id='word_1_134' title='bbox 198 1765 233 1830; x_wconf 76' lang='lat' dir='ltr'><strong>tt</strong></span> <span class='ocrx_word' id='word_1_135' title='bbox 258 1767 308 1829; x_wconf 78' lang='lat' dir='ltr'><strong>uui</strong></span> <span class='ocrx_word' id='word_1_136' title='bbox 334 1763 548 1850; x_wconf 73' lang='grc' dir='ltr'><strong><em>συγκεχυμένον</em></strong></span> <span class='ocrx_word' id='word_1_137' title='bbox 572 1769 622 1830; x_wconf 81' lang='grc' dir='ltr'><strong>καὶ</strong></span> <span class='ocrx_word' id='word_1_138' title='bbox 643 1760 786 1851; x_wconf 76' lang='grc' dir='ltr'><strong><em>ὃεομενον</em></strong></span> <span class='ocrx_word' id='word_1_139' title='bbox 805 1796 858 1835; x_wconf 90' lang='grc' dir='ltr'><strong><em>του</em></strong></span> <span class='ocrx_word' id='word_1_140' title='bbox 845 1770 1041 1856; x_wconf 77' lang='grc' dir='ltr'><strong><em>τρέφοντος</em></strong></span> <span class='ocrx_word' id='word_1_141' title='bbox 1060 1776 1110 1837; x_wconf 77' lang='lat' dir='ltr'><strong>uei</strong></span> <span class='ocrx_word' id='word_1_142' title='bbox 1130 1779 1296 1859; x_wconf 75' lang='grc' dir='ltr'><strong><em>βεβαιοῦντος</em></strong></span> 
     </span>
     <span class='ocr_line' id='line_1_17' title="bbox 80 1862 1297 1954; baseline 0.006 -22"><span class='ocrx_word' id='word_1_143' title='bbox 80 1862 322 1933; x_wconf 70' lang='grc' dir='ltr'><strong><em>ἐπιδεικνύουσαν.</em></strong></span> <span class='ocrx_word' id='word_1_144' title='bbox 376 1872 565 1953; x_wconf 80' lang='lat' dir='ltr'><strong>Quapropter</strong></span> <span class='ocrx_word' id='word_1_145' title='bbox 591 1877 640 1932; x_wconf 85' lang='lat' dir='ltr'><strong>nil</strong></span> <span class='ocrx_word' id='word_1_146' title='bbox 664 1877 764 1935; x_wconf 85' lang='lat' dir='ltr'><strong>docuit</strong></span> <span class='ocrx_word' id='word_1_147' title='bbox 790 1877 947 1954; x_wconf 82' lang='lat' dir='ltr'><strong>Socrates,</strong></span> <span class='ocrx_word' id='word_1_148' title='bbox 978 1882 1028 1938; x_wconf 85' lang='lat' dir='ltr'><strong>sed</strong></span> <span class='ocrx_word' id='word_1_149' title='bbox 1049 1902 1175 1943; x_wconf 81' lang='lat' dir='ltr'><strong>caussas</strong></span> <span class='ocrx_word' id='word_1_150' title='bbox 1196 1885 1297 1943; x_wconf 67' lang='lat' dir='ltr'><strong>dubto-</strong></span> 
     </span>
     <span class='ocr_line' id='line_1_18' title="bbox 79 1956 1297 2057; baseline 0.007 -23"><span class='ocrx_word' id='word_1_151' title='bbox 79 1983 195 2037; x_wconf 85' lang='lat' dir='ltr'><strong>tionunt</strong></span> <span class='ocrx_word' id='word_1_152' title='bbox 206 1956 381 2055; x_wconf 78' lang='lat' dir='ltr'><strong>,tanquam</strong></span> <span class='ocrx_word' id='word_1_153' title='bbox 401 1975 533 2032; x_wconf 76' lang='lat' dir='ltr'><strong>dolorum·</strong></span> <span class='ocrx_word' id='word_1_154' title='bbox 547 1985 675 2051; x_wconf 85' lang='lat' dir='ltr'><strong>partus,</strong></span> <span class='ocrx_word' id='word_1_155' title='bbox 685 1979 852 2052; x_wconf 80' lang='lat' dir='ltr'><strong>juvenibus</strong></span> <span class='ocrx_word' id='word_1_156' title='bbox 871 1979 1014 2037; x_wconf 77' lang='lat' dir='ltr'><strong>adhibens</strong></span> <span class='ocrx_word' id='word_1_157' title='bbox 1023 2025 1031 2053; x_wconf 89' lang='lat'><em>,</em></span> <span class='ocrx_word' id='word_1_158' title='bbox 1052 1984 1223 2057; x_wconf 78' lang='lat' dir='ltr'><strong>oscitabat,</strong></span> <span class='ocrx_word' id='word_1_159' title='bbox 1242 2002 1297 2042; x_wconf 78' lang='lat' dir='ltr'><strong>eou-</strong></span> 
     </span>
     <span class='ocr_line' id='line_1_19' title="bbox 78 2076 1296 2154; baseline 0.003 -21"><span class='ocrx_word' id='word_1_160' title='bbox 78 2077 227 2151; x_wconf 79' lang='lat' dir='ltr'><strong>nteoeleut,</strong></span> <span class='ocrx_word' id='word_1_161' title='bbox 245 2076 426 2154; x_wconf 85' lang='lat' dir='ltr'><strong>provocabat</strong></span> <span class='ocrx_word' id='word_1_162' title='bbox 443 2077 723 2133; x_wconf 81' lang='lat' dir='ltr'><strong>insitas&#39;notiones:</strong></span> <span class='ocrx_word' id='word_1_163' title='bbox 752 2087 875 2153; x_wconf 87' lang='lat' dir='ltr'><strong>eamque</strong></span> <span class='ocrx_word' id='word_1_164' title='bbox 904 2078 1106 2135; x_wconf 71' lang='lat' dir='ltr'><strong>obstetricium</strong></span> <span class='ocrx_word' id='word_1_165' title='bbox 1133 2088 1247 2139; x_wconf 75' lang='lat' dir='ltr'><strong>amauit</strong></span> <span class='ocrx_word' id='word_1_166' title='bbox 1260 2098 1296 2137; x_wconf 81' lang='lat' dir='ltr'><strong>er·</strong></span> 
     </span>
     <span class='ocr_line' id='line_1_20' title="bbox 79 2175 1298 2253; baseline 0.005 -22"><span class='ocrx_word' id='word_1_167' title='bbox 79 2182 139 2231; x_wconf 87' lang='lat' dir='ltr'><strong>tem</strong></span> <span class='ocrx_word' id='word_1_168' title='bbox 149 2220 158 2249; x_wconf 87' lang='lat'>‚</span> <span class='ocrx_word' id='word_1_169' title='bbox 179 2182 286 2252; x_wconf 84' lang='lat' dir='ltr'><strong>quippe</strong></span> <span class='ocrx_word' id='word_1_170' title='bbox 306 2194 381 2251; x_wconf 88' lang='lat' dir='ltr'><strong>quae</strong></span> <span class='ocrx_word' id='word_1_171' title='bbox 399 2193 456 2229; x_wconf 90' lang='lat' dir='ltr'><strong>non</strong></span> <span class='ocrx_word' id='word_1_172' title='bbox 477 2177 668 2232; x_wconf 69' lang='lat' dir='ltr'><strong>extrinsecae</strong></span> <span class='ocrx_word' id='word_1_173' title='bbox 677 2219 685 2248; x_wconf 84' lang='lat'><em>‚</em></span> <span class='ocrx_word' id='word_1_174' title='bbox 711 2176 787 2250; x_wconf 87' lang='lat' dir='ltr'><strong>quod</strong></span> <span class='ocrx_word' id='word_1_175' title='bbox 803 2175 862 2231; x_wconf 83' lang='lat' dir='ltr'><strong>alii</strong></span> <span class='ocrx_word' id='word_1_176' title='bbox 873 2195 952 2251; x_wconf 87' lang='lat' dir='ltr'><strong>prae</strong></span> <span class='ocrx_word' id='word_1_177' title='bbox 968 2178 1176 2253; x_wconf 74' lang='lat' dir='ltr'><strong>referebant,</strong></span> <span class='ocrx_word' id='word_1_178' title='bbox 1199 2178 1298 2239; x_wconf 81' lang='lat' dir='ltr'><strong>intelli·</strong></span> 
     </span>
     <span class='ocr_line' id='line_1_21' title="bbox 76 2272 1298 2353; baseline 0.006 -24"><span class='ocrx_word' id='word_1_179' title='bbox 76 2279 214 2352; x_wconf 85' lang='lat' dir='ltr'><strong>gentiam</strong></span> <span class='ocrx_word' id='word_1_180' title='bbox 231 2273 413 2330; x_wconf 77' lang='lat' dir='ltr'><strong>discentibus</strong></span> <span class='ocrx_word' id='word_1_181' title='bbox 430 2275 583 2347; x_wconf 85' lang='lat' dir='ltr'><strong>inferret,</strong></span> <span class='ocrx_word' id='word_1_182' title='bbox 604 2272 654 2330; x_wconf 81' lang='lat' dir='ltr'><strong>sed</strong></span> <span class='ocrx_word' id='word_1_183' title='bbox 673 2273 840 2329; x_wconf 80' lang='lat' dir='ltr'><strong>ostenderet</strong></span> <span class='ocrx_word' id='word_1_184' title='bbox 858 2293 921 2330; x_wconf 87' lang='lat' dir='ltr'><strong>eam</strong></span> <span class='ocrx_word' id='word_1_185' title='bbox 938 2281 1013 2349; x_wconf 85' lang='lat' dir='ltr'><strong>ipsis</strong></span> <span class='ocrx_word' id='word_1_186' title='bbox 1029 2282 1156 2333; x_wconf 87' lang='lat' dir='ltr'><strong>insitum</strong></span> <span class='ocrx_word' id='word_1_187' title='bbox 1175 2298 1248 2353; x_wconf 85' lang='lat' dir='ltr'><strong>esse,</strong></span> <span class='ocrx_word' id='word_1_188' title='bbox 1261 2274 1298 2335; x_wconf 72' lang='lat' dir='ltr'><strong>sti</strong></span> 
     </span>
     <span class='ocr_line' id='line_1_22' title="bbox 78 2372 1296 2456; baseline 0.006 -28"><span class='ocrx_word' id='word_1_189' title='bbox 78 2373 307 2448; x_wconf 70' lang='lat' dir='ltr'><strong>imperfectam,</strong></span> <span class='ocrx_word' id='word_1_190' title='bbox 331 2373 507 2447; x_wconf 87' lang='lat' dir='ltr'><strong>confusam,</strong></span> <span class='ocrx_word' id='word_1_191' title='bbox 522 2372 661 2450; x_wconf 82' lang='lat' dir='ltr'><strong>indigam</strong></span> <span class='ocrx_word' id='word_1_192' title='bbox 675 2378 830 2429; x_wconf 82' lang='lat' dir='ltr'><strong>nutritore</strong></span> <span class='ocrx_word' id='word_1_193' title='bbox 848 2382 877 2428; x_wconf 88' lang='lat' dir='ltr'><strong>et</strong></span> <span class='ocrx_word' id='word_1_194' title='bbox 896 2373 1135 2450; x_wconf 82' lang='lat' dir='ltr'><strong>confirmatore.»</strong></span> <span class='ocrx_word' id='word_1_195' title='bbox 1160 2373 1193 2456; x_wconf 87' lang='grc'><strong>3)</strong></span> <span class='ocrx_word' id='word_1_196' title='bbox 1219 2378 1296 2437; x_wconf 66' lang='lat' dir='ltr'><strong>Gaea·</strong></span> 
     </span>
     <span class='ocr_line' id='line_1_23' title="bbox 79 2464 1296 2555; baseline 0.005 -29"><span class='ocrx_word' id='word_1_197' title='bbox 79 2488 143 2526; x_wconf 90' lang='lat' dir='ltr'><strong>rum</strong></span> <span class='ocrx_word' id='word_1_198' title='bbox 162 2482 219 2527; x_wconf 88' lang='lat' dir='ltr'><strong>tres</strong></span> <span class='ocrx_word' id='word_1_199' title='bbox 237 2489 403 2528; x_wconf 89' lang='lat' dir='ltr'><strong>enumerare</strong></span> <span class='ocrx_word' id='word_1_200' title='bbox 422 2470 551 2530; x_wconf 85' lang='lat' dir='ltr'><strong>Platonis</strong></span> <span class='ocrx_word' id='word_1_201' title='bbox 570 2468 741 2550; x_wconf 87' lang='lat' dir='ltr'><strong>disciplinas</strong></span> <span class='ocrx_word' id='word_1_202' title='bbox 754 2469 886 2529; x_wconf 89' lang='lat' dir='ltr'><strong>solebant</strong></span> <span class='ocrx_word' id='word_1_203' title='bbox 901 2470 1059 2546; x_wconf 83' lang='lat' dir='ltr'><strong>Platonici,</strong></span> <span class='ocrx_word' id='word_1_204' title='bbox 1080 2464 1138 2552; x_wconf 68' lang='grc' dir='ltr'><strong><em>τήν</em></strong></span> <span class='ocrx_word' id='word_1_205' title='bbox 1159 2465 1296 2555; x_wconf 65' lang='lat' dir='ltr'><strong>inunctis,</strong></span> 
     </span>
     <span class='ocr_line' id='line_1_24' title="bbox 78 2561 1296 2654; baseline 0.007 -26"><span class='ocrx_word' id='word_1_206' title='bbox 78 2561 135 2647; x_wconf 71' lang='grc' dir='ltr'><strong><em>τήν</em></strong></span> <span class='ocrx_word' id='word_1_207' title='bbox 160 2562 317 2648; x_wconf 60' lang='grc' dir='ltr'><strong><em>μουσικήν,</em></strong></span> <span class='ocrx_word' id='word_1_208' title='bbox 344 2563 400 2651; x_wconf 65' lang='grc' dir='ltr'><strong><em>τάν</em></strong></span> <span class='ocrx_word' id='word_1_209' title='bbox 425 2561 619 2648; x_wconf 70' lang='grc' dir='ltr'><strong><em>διαλεκτικήν·</em></strong></span> <span class='ocrx_word' id='word_1_210' title='bbox 650 2569 702 2627; x_wconf 91' lang='lat' dir='ltr'><strong>has</strong></span> <span class='ocrx_word' id='word_1_211' title='bbox 725 2568 841 2646; x_wconf 88' lang='lat' dir='ltr'><strong>quidem</strong></span> <span class='ocrx_word' id='word_1_212' title='bbox 865 2569 1005 2631; x_wconf 88' lang='lat' dir='ltr'><strong>Plotinus.</strong></span> <span class='ocrx_word' id='word_1_213' title='bbox 1028 2570 1060 2654; x_wconf 76' lang='lat' dir='ltr'><strong>h)</strong></span> <span class='ocrx_word' id='word_1_214' title='bbox 1085 2575 1204 2636; x_wconf 89' lang='lat' dir='ltr'><strong>Proclus</strong></span> <span class='ocrx_word' id='word_1_215' title='bbox 1221 2590 1296 2637; x_wconf 81' lang='lat' dir='ltr'><strong>autea</strong></span> 
     </span>
     <span class='ocr_line' id='line_1_25' title="bbox 78 2662 1296 2755; baseline 0.002 -25"><span class='ocrx_word' id='word_1_216' title='bbox 78 2668 120 2751; x_wconf 75' lang='grc' dir='ltr'><strong><em>τῆ</em></strong></span> <span class='ocrx_word' id='word_1_217' title='bbox 144 2669 273 2755; x_wconf 72' lang='grc' dir='ltr'><strong><em>μουσικῇ</em></strong></span> <span class='ocrx_word' id='word_1_218' title='bbox 297 2672 447 2731; x_wconf 90' lang='lat' dir='ltr'><strong>substituit</strong></span> <span class='ocrx_word' id='word_1_219' title='bbox 474 2664 529 2751; x_wconf 72' lang='grc' dir='ltr'><strong><em>τήν</em></strong></span> <span class='ocrx_word' id='word_1_220' title='bbox 553 2662 730 2748; x_wconf 65' lang='lat' dir='ltr'><strong>praecurreris.</strong></span> <span class='ocrx_word' id='word_1_221' title='bbox 774 2671 832 2728; x_wconf 88' lang='lat' dir='ltr'><strong>Nec</strong></span> <span class='ocrx_word' id='word_1_222' title='bbox 856 2690 924 2727; x_wconf 90' lang='lat' dir='ltr'><strong>sane</strong></span> <span class='ocrx_word' id='word_1_223' title='bbox 952 2670 1050 2751; x_wconf 88' lang='lat' dir='ltr'><strong>inepte</strong></span> <span class='ocrx_word' id='word_1_224' title='bbox 1073 2673 1109 2731; x_wconf 90' lang='lat' dir='ltr'><strong>iis</strong></span> <span class='ocrx_word' id='word_1_225' title='bbox 1136 2674 1296 2755; x_wconf 85' lang='lat' dir='ltr'><strong>singulisin</strong></span> 
     </span>
     <span class='ocr_line' id='line_1_26' title="bbox 79 2756 1298 2855; baseline 0.004 -25"><span class='ocrx_word' id='word_1_226' title='bbox 79 2771 278 2853; x_wconf 88' lang='lat' dir='ltr'><strong>philosophiae</strong></span> <span class='ocrx_word' id='word_1_227' title='bbox 303 2774 499 2852; x_wconf 82' lang='lat' dir='ltr'><strong>progressione</strong></span> <span class='ocrx_word' id='word_1_228' title='bbox 521 2794 585 2830; x_wconf 87' lang='lat' dir='ltr'><strong>suas</strong></span> <span class='ocrx_word' id='word_1_229' title='bbox 604 2785 698 2852; x_wconf 81' lang='lat' dir='ltr'><strong>partes</strong></span> <span class='ocrx_word' id='word_1_230' title='bbox 717 2770 821 2829; x_wconf 91' lang='lat' dir='ltr'><strong>tribuit</strong></span> <span class='ocrx_word' id='word_1_231' title='bbox 838 2769 892 2828; x_wconf 89' lang='lat' dir='ltr'><strong>hoo</strong></span> <span class='ocrx_word' id='word_1_232' title='bbox 911 2756 1017 2828; x_wconf 71' lang='lat' dir='ltr'><strong>morlo:</strong></span> <span class='ocrx_word' id='word_1_233' title='bbox 1035 2764 1085 2830; x_wconf 77' lang='grc' dir='ltr'><strong>διά</strong></span> <span class='ocrx_word' id='word_1_234' title='bbox 1106 2768 1164 2849; x_wconf 75' lang='grc' dir='ltr'><strong><em>μὲν</em></strong></span> <span class='ocrx_word' id='word_1_235' title='bbox 1184 2767 1242 2855; x_wconf 76' lang='grc' dir='ltr'><strong>γάρ</strong></span> <span class='ocrx_word' id='word_1_236' title='bbox 1258 2768 1298 2855; x_wconf 69' lang='grc' dir='ltr'><strong>τῆς</strong></span> 
     </span>
     <span class='ocr_line' id='line_1_27' title="bbox 79 2863 1298 2956; baseline 0.006 -26"><span class='ocrx_word' id='word_1_237' title='bbox 79 2867 221 2950; x_wconf 76' lang='grc' dir='ltr'><strong><em>ἐρωτικῆς</em></strong></span> <span class='ocrx_word' id='word_1_238' title='bbox 247 2864 323 2952; x_wconf 74' lang='grc' dir='ltr'><strong><em>πρός</em></strong></span> <span class='ocrx_word' id='word_1_239' title='bbox 348 2864 385 2930; x_wconf 77' lang='lat' dir='ltr'><strong>tri</strong></span> <span class='ocrx_word' id='word_1_240' title='bbox 407 2865 498 2930; x_wconf 83' lang='grc' dir='ltr'><strong><em>καλάν</em></strong></span> <span class='ocrx_word' id='word_1_241' title='bbox 519 2863 708 2949; x_wconf 74' lang='grc' dir='ltr'><strong><em>ἀναγόμεθα·</em></strong></span> <span class='ocrx_word' id='word_1_242' title='bbox 738 2863 787 2928; x_wconf 61' lang='lat' dir='ltr'><strong>rire⁸</strong></span> <span class='ocrx_word' id='word_1_243' title='bbox 810 2865 845 2928; x_wconf 77' lang='lat' dir='ltr'><strong>ti</strong></span> <span class='ocrx_word' id='word_1_244' title='bbox 866 2868 921 2950; x_wconf 71' lang='grc' dir='ltr'><strong><em>τῆς</em></strong></span> <span class='ocrx_word' id='word_1_245' title='bbox 941 2872 1109 2955; x_wconf 81' lang='grc' dir='ltr'><strong><em>μαιευτικῆς</em></strong></span> <span class='ocrx_word' id='word_1_246' title='bbox 1130 2869 1228 2956; x_wconf 65' lang='lat' dir='ltr'><strong>copie</strong></span> <span class='ocrx_word' id='word_1_247' title='bbox 1247 2870 1298 2937; x_wconf 71' lang='lat' dir='ltr'><strong>btt-</strong></span> 
     </span>
     <span class='ocr_line' id='line_1_28' title="bbox 79 2960 1296 3063; baseline 0.006 -31"><span class='ocrx_word' id='word_1_248' title='bbox 79 2991 147 3044; x_wconf 87' lang='grc' dir='ltr'><strong><em>στος</em></strong></span> <span class='ocrx_word' id='word_1_249' title='bbox 173 2965 263 3053; x_wconf 75' lang='grc' dir='ltr'><strong><em>ἡμῶν</em></strong></span> <span class='ocrx_word' id='word_1_250' title='bbox 287 2968 476 3053; x_wconf 73' lang='grc' dir='ltr'><strong><em>ἀναφαίνεται</em></strong></span> <span class='ocrx_word' id='word_1_251' title='bbox 501 2971 569 3053; x_wconf 82' lang='grc' dir='ltr'><strong><em>περὶ</em></strong></span> <span class='ocrx_word' id='word_1_252' title='bbox 595 2960 639 3032; x_wconf 79' lang='lat' dir='ltr'><strong>nir</strong></span> <span class='ocrx_word' id='word_1_253' title='bbox 663 2968 743 3031; x_wconf 72' lang='grc' dir='ltr'><strong><em>ἐστὶν</em></strong></span> <span class='ocrx_word' id='word_1_254' title='bbox 769 2965 909 3052; x_wconf 63' lang='grc' dir='ltr'><strong><em>ἀμαθής,</em></strong></span> <span class='ocrx_word' id='word_1_255' title='bbox 935 2968 1004 3048; x_wconf 77' lang='grc' dir='ltr'><strong><em>τους</em></strong></span> <span class='ocrx_word' id='word_1_256' title='bbox 1026 2973 1058 3035; x_wconf 75' lang='grc' dir='ltr'><strong><em>ἓν</em></strong></span> <span class='ocrx_word' id='word_1_257' title='bbox 1078 2971 1164 3063; x_wconf 74' lang='grc' dir='ltr'><strong><em>αὐτῷ</em></strong></span> <span class='ocrx_word' id='word_1_258' title='bbox 1183 2968 1296 3059; x_wconf 66' lang='grc' dir='ltr'><strong><em>προβάλ-</em></strong></span> 
     </span>
     <span class='ocr_line' id='line_1_29' title="bbox 78 3067 1298 3164; baseline 0.007 -30"><span class='ocrx_word' id='word_1_259' title='bbox 78 3076 140 3135; x_wconf 77' lang='grc' dir='ltr'><strong><em>λων</em></strong></span> <span class='ocrx_word' id='word_1_260' title='bbox 169 3072 236 3157; x_wconf 80' lang='grc' dir='ltr'><strong><em>περὶ</em></strong></span> <span class='ocrx_word' id='word_1_261' title='bbox 264 3075 325 3136; x_wconf 77' lang='grc' dir='ltr'><strong>τῶν</strong></span> <span class='ocrx_word' id='word_1_262' title='bbox 357 3068 452 3135; x_wconf 76' lang='grc' dir='ltr'><strong><em>ὄντων</em></strong></span> <span class='ocrx_word' id='word_1_263' title='bbox 481 3067 600 3155; x_wconf 78' lang='grc' dir='ltr'><strong><em>λόγους·</em></strong></span> <span class='ocrx_word' id='word_1_264' title='bbox 633 3069 682 3134; x_wconf 73' lang='lat' dir='ltr'><strong>ieci</strong></span> <span class='ocrx_word' id='word_1_265' title='bbox 715 3071 750 3134; x_wconf 76' lang='lat' dir='ltr'><strong>ti</strong></span> <span class='ocrx_word' id='word_1_266' title='bbox 782 3074 836 3155; x_wconf 75' lang='grc' dir='ltr'><strong><em>τῆς</em></strong></span> <span class='ocrx_word' id='word_1_267' title='bbox 867 3075 1045 3159; x_wconf 75' lang='grc' dir='ltr'><strong><em>διαλεκτικῆς</em></strong></span> <span class='ocrx_word' id='word_1_268' title='bbox 1069 3077 1119 3139; x_wconf 80' lang='grc' dir='ltr'><strong>καὶ</strong></span> <span class='ocrx_word' id='word_1_269' title='bbox 1144 3075 1237 3164; x_wconf 75' lang='grc' dir='ltr'><strong><em>μέχρι</em></strong></span> <span class='ocrx_word' id='word_1_270' title='bbox 1258 3072 1298 3141; x_wconf 65' lang='lat' dir='ltr'><strong>toti</strong></span> 
     </span>
     <span class='ocr_line' id='line_1_30' title="bbox 79 3170 1297 3266; baseline 0.007 -32"><span class='ocrx_word' id='word_1_271' title='bbox 79 3171 202 3256; x_wconf 74' lang='grc' dir='ltr'><strong><em>ἀγαθοῦ</em></strong></span> <span class='ocrx_word' id='word_1_272' title='bbox 221 3171 276 3259; x_wconf 70' lang='grc' dir='ltr'><strong><em>τήν</em></strong></span> <span class='ocrx_word' id='word_1_273' title='bbox 297 3170 404 3238; x_wconf 69' lang='lat' dir='ltr'><strong>treton</strong></span> <span class='ocrx_word' id='word_1_274' title='bbox 425 3170 501 3237; x_wconf 83' lang='grc' dir='ltr'><strong><em>εἷναί</em></strong></span> <span class='ocrx_word' id='word_1_275' title='bbox 521 3195 611 3259; x_wconf 72' lang='grc' dir='ltr'><strong><em>φησιν</em></strong></span> <span class='ocrx_word' id='word_1_276' title='bbox 639 3171 657 3237; x_wconf 80' lang='lat' dir='ltr'><strong>o‘</strong></span> <span class='ocrx_word' id='word_1_277' title='bbox 685 3176 717 3237; x_wconf 83' lang='grc' dir='ltr'><strong><em>ἒν</em></strong></span> <span class='ocrx_word' id='word_1_278' title='bbox 736 3176 779 3262; x_wconf 78' lang='grc' dir='ltr'><strong><em>τῇ</em></strong></span> <span class='ocrx_word' id='word_1_279' title='bbox 800 3175 941 3262; x_wconf 74' lang='grc' dir='ltr'><strong><em>Πολιτείᾳ</em></strong></span> <span class='ocrx_word' id='word_1_280' title='bbox 962 3174 1125 3263; x_wconf 72' lang='grc' dir='ltr'><strong><em>Σωκράτης</em></strong></span> <span class='ocrx_word' id='word_1_281' title='bbox 1146 3186 1209 3258; x_wconf 80' lang='grc' dir='ltr'><strong><em>τοῖς</em></strong></span> <span class='ocrx_word' id='word_1_282' title='bbox 1229 3184 1297 3266; x_wconf 70' lang='lat' dir='ltr'><strong>pulp-</strong></span> 
     </span>
     <span class='ocr_line' id='line_1_31' title="bbox 79 3271 1296 3361; baseline 0.006 -22"><span class='ocrx_word' id='word_1_283' title='bbox 79 3271 210 3359; x_wconf 69' lang='grc' dir='ltr'><strong><em>θεάμασι</em></strong></span> <span class='ocrx_word' id='word_1_284' title='bbox 230 3279 285 3361; x_wconf 77' lang='grc' dir='ltr'><strong><em>τῆς</em></strong></span> <span class='ocrx_word' id='word_1_285' title='bbox 306 3274 461 3360; x_wconf 70' lang='grc' dir='ltr'><strong><em>ἀληθείας·</em></strong></span> <span class='ocrx_word' id='word_1_286' title='bbox 487 3300 546 3357; x_wconf 80' lang='grc' dir='ltr'><strong><em>γιον</em></strong></span> <span class='ocrx_word' id='word_1_287' title='bbox 572 3288 753 3339; x_wconf 84' lang='lat' dir='ltr'><strong>aneatoriam</strong></span> <span class='ocrx_word' id='word_1_288' title='bbox 776 3289 857 3338; x_wconf 72' lang='lat' dir='ltr'><strong>entim</strong></span> <span class='ocrx_word' id='word_1_289' title='bbox 880 3292 977 3340; x_wconf 89' lang='lat' dir='ltr'><strong>artem</strong></span> <span class='ocrx_word' id='word_1_290' title='bbox 1003 3286 1043 3341; x_wconf 86' lang='lat' dir='ltr'><strong>od</strong></span> <span class='ocrx_word' id='word_1_291' title='bbox 1055 3287 1200 3361; x_wconf 86' lang='lat' dir='ltr'><strong>pulcrum</strong></span> <span class='ocrx_word' id='word_1_292' title='bbox 1215 3288 1296 3346; x_wconf 79' lang='lat' dir='ltr'><strong>etut-</strong></span> 
     </span>
     <span class='ocr_line' id='line_1_32' title="bbox 78 3386 1295 3467; baseline 0.005 -27"><span class='ocrx_word' id='word_1_293' title='bbox 78 3404 164 3440; x_wconf 86' lang='lat' dir='ltr'><strong>neur:</strong></span> <span class='ocrx_word' id='word_1_294' title='bbox 175 3404 234 3460; x_wconf 86' lang='lat' dir='ltr'><strong>per</strong></span> <span class='ocrx_word' id='word_1_295' title='bbox 242 3386 445 3442; x_wconf 74' lang='lat' dir='ltr'><strong>obstetricium</strong></span> <span class='ocrx_word' id='word_1_296' title='bbox 464 3387 583 3457; x_wconf 87' lang='lat' dir='ltr'><strong>sapiens</strong></span> <span class='ocrx_word' id='word_1_297' title='bbox 597 3387 802 3458; x_wconf 84' lang='lat' dir='ltr'><strong>unusquisque</strong></span> <span class='ocrx_word' id='word_1_298' title='bbox 818 3391 955 3438; x_wconf 86' lang='lat' dir='ltr'><strong>nestrum</strong></span> <span class='ocrx_word' id='word_1_299' title='bbox 965 3390 998 3440; x_wconf 92' lang='lat' dir='ltr'><strong>in</strong></span> <span class='ocrx_word' id='word_1_300' title='bbox 1009 3391 1050 3443; x_wconf 85' lang='lat' dir='ltr'><strong>iis</strong></span> <span class='ocrx_word' id='word_1_301' title='bbox 1060 3386 1163 3466; x_wconf 83' lang='lat' dir='ltr'><strong>eradit</strong></span> <span class='ocrx_word' id='word_1_302' title='bbox 1169 3433 1178 3462; x_wconf 88' lang='lat'>‚</span> <span class='ocrx_word' id='word_1_303' title='bbox 1188 3402 1295 3467; x_wconf 68' lang='lat' dir='ltr'><strong>quorum</strong></span> 
     </span>
     <span class='ocr_line' id='line_1_33' title="bbox 44 3479 1295 3562; baseline 0.004 -23"><span class='ocrx_word' id='word_1_304' title='bbox 44 3542 48 3549; x_wconf 69' lang='grc'><em>,</em></span> <span class='ocrx_word' id='word_1_305' title='bbox 79 3490 124 3539; x_wconf 84' lang='lat' dir='ltr'><strong>est</strong></span> <span class='ocrx_word' id='word_1_306' title='bbox 141 3489 291 3562; x_wconf 83' lang='lat' dir='ltr'><strong>ignarus,</strong></span> <span class='ocrx_word' id='word_1_307' title='bbox 312 3488 499 3561; x_wconf 81' lang='lat' dir='ltr'><strong>quaestiones</strong></span> <span class='ocrx_word' id='word_1_308' title='bbox 519 3480 577 3536; x_wconf 78' lang='lat' dir='ltr'><strong>site·</strong></span> <span class='ocrx_word' id='word_1_309' title='bbox 592 3499 758 3555; x_wconf 83' lang='lat' dir='ltr'><strong>proponens</strong></span> <span class='ocrx_word' id='word_1_310' title='bbox 777 3479 812 3536; x_wconf 81' lang='lat' dir='ltr'><strong>de</strong></span> <span class='ocrx_word' id='word_1_311' title='bbox 835 3486 894 3554; x_wconf 85' lang='lat' dir='ltr'><strong>iis,</strong></span> <span class='ocrx_word' id='word_1_312' title='bbox 916 3502 991 3558; x_wconf 86' lang='lat' dir='ltr'><strong>quae</strong></span> <span class='ocrx_word' id='word_1_313' title='bbox 1017 3493 1109 3540; x_wconf 89' lang='lat' dir='ltr'><strong>sunt:</strong></span> <span class='ocrx_word' id='word_1_314' title='bbox 1125 3504 1187 3561; x_wconf 84' lang='lat' dir='ltr'><strong>per</strong></span> <span class='ocrx_word' id='word_1_315' title='bbox 1203 3486 1295 3543; x_wconf 61' lang='lat' dir='ltr'><strong>dium</strong></span> 
     </span>
     <span class='ocr_line' id='line_1_34' title="bbox 79 3578 1295 3654; baseline 0.003 -18"><span class='ocrx_word' id='word_1_316' title='bbox 79 3587 172 3638; x_wconf 87' lang='lat' dir='ltr'><strong>ticam</strong></span> <span class='ocrx_word' id='word_1_317' title='bbox 191 3602 259 3639; x_wconf 85' lang='lat' dir='ltr'><strong>aero</strong></span> <span class='ocrx_word' id='word_1_318' title='bbox 277 3586 474 3645; x_wconf 73' lang='lat' dir='ltr'><strong>escensionem</strong></span> <span class='ocrx_word' id='word_1_319' title='bbox 489 3579 529 3636; x_wconf 82' lang='lat' dir='ltr'><strong>ad</strong></span> <span class='ocrx_word' id='word_1_320' title='bbox 540 3599 688 3635; x_wconf 88' lang='lat' dir='ltr'><strong>summum</strong></span> <span class='ocrx_word' id='word_1_321' title='bbox 700 3578 805 3634; x_wconf 83' lang='lat' dir='ltr'><strong>bonurn</strong></span> <span class='ocrx_word' id='word_1_322' title='bbox 815 3600 889 3654; x_wconf 85' lang='lat' dir='ltr'><strong>esse,</strong></span> <span class='ocrx_word' id='word_1_323' title='bbox 914 3578 1053 3639; x_wconf 84' lang='lat' dir='ltr'><strong>Socrates</strong></span> <span class='ocrx_word' id='word_1_324' title='bbox 1062 3583 1141 3640; x_wconf 86' lang='lat' dir='ltr'><strong>dicit</strong></span> <span class='ocrx_word' id='word_1_325' title='bbox 1149 3589 1184 3641; x_wconf 85' lang='lat' dir='ltr'><strong>iu.</strong></span> <span class='ocrx_word' id='word_1_326' title='bbox 1194 3582 1295 3643; x_wconf 76' lang='lat' dir='ltr'><strong>Petrae</strong></span> 
     </span>
     <span class='ocr_line' id='line_1_35' title="bbox 76 3673 1295 3763; baseline 0.005 -28"><span class='ocrx_word' id='word_1_327' title='bbox 76 3685 118 3745; x_wconf 82' lang='lat' dir='ltr'><strong>iis</strong></span> <span class='ocrx_word' id='word_1_328' title='bbox 127 3726 136 3755; x_wconf 86' lang='lat'><em>‚</em></span> <span class='ocrx_word' id='word_1_329' title='bbox 147 3687 200 3759; x_wconf 85' lang='lat' dir='ltr'><strong>qui</strong></span> <span class='ocrx_word' id='word_1_330' title='bbox 217 3700 322 3736; x_wconf 87' lang='lat' dir='ltr'><strong>oerum</strong></span> <span class='ocrx_word' id='word_1_331' title='bbox 333 3687 467 3756; x_wconf 87' lang='lat' dir='ltr'><strong>spectare</strong></span> <span class='ocrx_word' id='word_1_332' title='bbox 477 3686 592 3735; x_wconf 86' lang='lat' dir='ltr'><strong>amant.</strong></span> <span class='ocrx_word' id='word_1_333' title='bbox 609 3673 641 3756; x_wconf 81' lang='lat'><strong>5)</strong></span> <span class='ocrx_word' id='word_1_334' title='bbox 650 3704 685 3714; x_wconf 91' lang='lat'>-</span> <span class='ocrx_word' id='word_1_335' title='bbox 694 3675 779 3749; x_wconf 90' lang='lat' dir='ltr'><strong>Quod</strong></span> <span class='ocrx_word' id='word_1_336' title='bbox 787 3676 872 3754; x_wconf 90' lang='lat' dir='ltr'><strong>quale</strong></span> <span class='ocrx_word' id='word_1_337' title='bbox 882 3678 921 3736; x_wconf 90' lang='lat' dir='ltr'><strong>sit</strong></span> <span class='ocrx_word' id='word_1_338' title='bbox 930 3723 938 3752; x_wconf 89' lang='lat'><em>‚</em></span> <span class='ocrx_word' id='word_1_339' title='bbox 947 3678 1058 3758; x_wconf 89' lang='lat' dir='ltr'><strong>patebit</strong></span> <span class='ocrx_word' id='word_1_340' title='bbox 1068 3678 1155 3741; x_wconf 85' lang='lat' dir='ltr'><strong>nobis</strong></span> <span class='ocrx_word' id='word_1_341' title='bbox 1163 3680 1295 3763; x_wconf 64' lang='lat' dir='ltr'><strong>deinceps</strong></span> 
     </span>
    </p>
   </div>
   <div class='ocr_carea' id='block_1_4' title="bbox 79 3867 1308 4380">
    <p class='ocr_par' dir='ltr' id='par_1_5' title="bbox 113 3867 577 3936">
     <span class='ocr_line' id='line_1_36' title="bbox 113 3867 577 3936; baseline -0.009 -13"><span class='ocrx_word' id='word_1_342' title='bbox 113 3872 138 3936; x_wconf 86' lang='grc'><strong>1)</strong></span> <span class='ocrx_word' id='word_1_343' title='bbox 156 3873 221 3923; x_wconf 77' lang='lat' dir='ltr'><strong>llas.</strong></span> <span class='ocrx_word' id='word_1_344' title='bbox 240 3871 300 3936; x_wconf 81' lang='lat' dir='ltr'><strong>Tyr.</strong></span> <span class='ocrx_word' id='word_1_345' title='bbox 317 3874 374 3922; x_wconf 81' lang='lat' dir='ltr'><strong>diss.</strong></span> <span class='ocrx_word' id='word_1_346' title='bbox 393 3871 457 3922; x_wconf 82' lang='lat' dir='ltr'><strong>XVI.</strong></span> <span class='ocrx_word' id='word_1_347' title='bbox 475 3870 500 3922; x_wconf 90' lang='grc'><strong>6.</strong></span> <span class='ocrx_word' id='word_1_348' title='bbox 518 3867 577 3919; x_wconf 73' lang='grc'><strong>299.</strong></span> 
     </span>
    </p>

    <p class='ocr_par' dir='ltr' id='par_1_6' title="bbox 112 3954 295 4022">
     <span class='ocr_line' id='line_1_37' title="bbox 112 3954 295 4022; baseline 0 -16"><span class='ocrx_word' id='word_1_349' title='bbox 112 3956 138 4022; x_wconf 81' lang='lat'><strong>2)</strong></span> <span class='ocrx_word' id='word_1_350' title='bbox 158 3959 218 4008; x_wconf 84' lang='lat' dir='ltr'><strong>Eoi.</strong></span> <span class='ocrx_word' id='word_1_351' title='bbox 237 3954 295 4006; x_wconf 77' lang='lat'><strong>292.</strong></span> 
     </span>
    </p>

    <p class='ocr_par' dir='ltr' id='par_1_7' title="bbox 111 4038 608 4107">
     <span class='ocr_line' id='line_1_38' title="bbox 111 4038 608 4107; baseline -0.016 -13"><span class='ocrx_word' id='word_1_352' title='bbox 111 4041 138 4107; x_wconf 83' lang='lat'><strong>3)</strong></span> <span class='ocrx_word' id='word_1_353' title='bbox 156 4043 223 4093; x_wconf 87' lang='lat' dir='ltr'><strong>Plut.</strong></span> <span class='ocrx_word' id='word_1_354' title='bbox 242 4042 340 4104; x_wconf 75' lang='lat' dir='ltr'><strong>(truncat.</strong></span> <span class='ocrx_word' id='word_1_355' title='bbox 359 4041 424 4092; x_wconf 86' lang='lat' dir='ltr'><strong>Plat.</strong></span> <span class='ocrx_word' id='word_1_356' title='bbox 444 4038 558 4091; x_wconf 85' lang='lat'><strong>1.1000.</strong></span> <span class='ocrx_word' id='word_1_357' title='bbox 578 4039 608 4089; x_wconf 86' lang='lat' dir='ltr'><strong>E.</strong></span> 
     </span>
    </p>

    <p class='ocr_par' dir='ltr' id='par_1_8' title="bbox 110 4123 1218 4201">
     <span class='ocr_line' id='line_1_39' title="bbox 110 4123 1218 4201; baseline 0.004 -22"><span class='ocrx_word' id='word_1_358' title='bbox 110 4127 138 4191; x_wconf 80' lang='grc' dir='ltr'><strong>Ιε)</strong></span> <span class='ocrx_word' id='word_1_359' title='bbox 155 4129 221 4179; x_wconf 93' lang='lat' dir='ltr'><strong>Plot.</strong></span> <span class='ocrx_word' id='word_1_360' title='bbox 241 4131 271 4179; x_wconf 78' lang='lat' dir='ltr'><strong>rte</strong></span> <span class='ocrx_word' id='word_1_361' title='bbox 283 4128 364 4195; x_wconf 80' lang='lat' dir='ltr'><strong>preter.</strong></span> <span class='ocrx_word' id='word_1_362' title='bbox 383 4144 408 4193; x_wconf 88' lang='lat' dir='ltr'><strong>p.</strong></span> <span class='ocrx_word' id='word_1_363' title='bbox 428 4124 468 4176; x_wconf 83' lang='lat'><strong>19.</strong></span> <span class='ocrx_word' id='word_1_364' title='bbox 490 4124 581 4176; x_wconf 84' lang='lat' dir='ltr'><strong>Creuu.</strong></span> <span class='ocrx_word' id='word_1_365' title='bbox 602 4123 640 4197; x_wconf 81' lang='lat' dir='ltr'><strong>Cl.</strong></span> <span class='ocrx_word' id='word_1_366' title='bbox 658 4124 751 4175; x_wconf 87' lang='lat' dir='ltr'><strong>Editor</strong></span> <span class='ocrx_word' id='word_1_367' title='bbox 765 4142 883 4192; x_wconf 87' lang='lat' dir='ltr'><strong>praepar.</strong></span> <span class='ocrx_word' id='word_1_368' title='bbox 902 4129 934 4178; x_wconf 83' lang='lat' dir='ltr'><strong>arl</strong></span> <span class='ocrx_word' id='word_1_369' title='bbox 950 4128 1016 4179; x_wconf 89' lang='lat' dir='ltr'><strong>Plot.</strong></span> <span class='ocrx_word' id='word_1_370' title='bbox 1035 4146 1059 4195; x_wconf 91' lang='lat' dir='ltr'><strong>p.</strong></span> <span class='ocrx_word' id='word_1_371' title='bbox 1080 4128 1144 4181; x_wconf 84' lang='lat' dir='ltr'><strong>GlV.</strong></span> <span class='ocrx_word' id='word_1_372' title='bbox 1163 4148 1218 4201; x_wconf 87' lang='lat' dir='ltr'><strong>sqq.</strong></span> 
     </span>
    </p>

    <p class='ocr_par' dir='ltr' id='par_1_9' title="bbox 79 4203 1308 4380">
     <span class='ocr_line' id='line_1_40' title="bbox 112 4203 1308 4290; baseline -0.004 -16"><span class='ocrx_word' id='word_1_373' title='bbox 112 4221 137 4284; x_wconf 85' lang='lat'><strong>5)</strong></span> <span class='ocrx_word' id='word_1_374' title='bbox 156 4221 368 4274; x_wconf 65' lang='lat' dir='ltr'><strong>Procrustes.</strong></span> <span class='ocrx_word' id='word_1_375' title='bbox 388 4221 407 4268; x_wconf 86' lang='lat'><strong>1.</strong></span> <span class='ocrx_word' id='word_1_376' title='bbox 426 4219 467 4268; x_wconf 81' lang='lat' dir='ltr'><strong>aa.</strong></span> <span class='ocrx_word' id='word_1_377' title='bbox 487 4222 523 4271; x_wconf 74' lang='lat' dir='ltr'><strong>ue</strong></span> <span class='ocrx_word' id='word_1_378' title='bbox 542 4203 700 4290; x_wconf 62' lang='lat' dir='ltr'><strong>despoton</strong></span> <span class='ocrx_word' id='word_1_379' title='bbox 723 4219 774 4268; x_wconf 71' lang='lat' dir='ltr'><strong>viu.</strong></span> <span class='ocrx_word' id='word_1_380' title='bbox 795 4219 880 4269; x_wconf 63' lang='lat' dir='ltr'><strong>rotet.</strong></span> <span class='ocrx_word' id='word_1_381' title='bbox 904 4221 936 4271; x_wconf 75' lang='lat' dir='ltr'><strong>aa</strong></span> <span class='ocrx_word' id='word_1_382' title='bbox 956 4221 1262 4275; x_wconf 61' lang='lat' dir='ltr'><strong>conuenturum</strong></span> <span class='ocrx_word' id='word_1_383' title='bbox 1277 4218 1308 4269; x_wconf 74' lang='lat' dir='ltr'><strong>et</strong></span> 
     </span>
     <span class='ocr_line' id='line_1_41' title="bbox 79 4308 624 4380; baseline -0.009 -17"><span class='ocrx_word' id='word_1_384' title='bbox 79 4314 112 4364; x_wconf 87' lang='lat' dir='ltr'><strong>ud</strong></span> <span class='ocrx_word' id='word_1_385' title='bbox 130 4314 196 4365; x_wconf 83' lang='lat' dir='ltr'><strong>Plu.</strong></span> <span class='ocrx_word' id='word_1_386' title='bbox 216 4316 244 4363; x_wconf 75' lang='lat' dir='ltr'><strong>tle</strong></span> <span class='ocrx_word' id='word_1_387' title='bbox 261 4313 342 4380; x_wconf 83' lang='lat' dir='ltr'><strong>putor.</strong></span> <span class='ocrx_word' id='word_1_388' title='bbox 362 4327 386 4376; x_wconf 90' lang='lat' dir='ltr'><strong>p.</strong></span> <span class='ocrx_word' id='word_1_389' title='bbox 407 4308 466 4358; x_wconf 86' lang='grc'>166.</span> <span class='ocrx_word' id='word_1_390' title='bbox 487 4310 544 4362; x_wconf 82' lang='grc'><strong>405,</strong></span> <span class='ocrx_word' id='word_1_391' title='bbox 565 4310 624 4358; x_wconf 85' lang='grc'><strong>539,</strong></span> 
     </span>
    </p>
   </div>
   <div class='ocr_carea' id='block_1_5' title="bbox 593 4473 786 4482">
    <p class='ocr_par' dir='ltr' id='par_1_10' title="bbox 593 4473 786 4482">
     <span class='ocr_line' id='line_1_42' title="bbox 593 4473 786 4482; baseline 0.005 -2"><span class='ocrx_word' id='word_1_392' title='bbox 593 4473 612 4480; x_wconf 80' lang='grc'><strong>-.</strong></span> <span class='ocrx_word' id='word_1_393' title='bbox 615 4474 647 4481; x_wconf 69' lang='lat' dir='ltr'><strong>-n</strong></span> <span class='ocrx_word' id='word_1_394' title='bbox 650 4474 656 4480; x_wconf 68' lang='lat' dir='ltr'><strong>a</strong></span> <span class='ocrx_word' id='word_1_395' title='bbox 660 4475 747 4481; x_wconf 71' lang='lat'><strong>.-—-..·.</strong></span> <span class='ocrx_word' id='word_1_396' title='bbox 752 4474 786 4482; x_wconf 63' lang='lat' dir='ltr'><strong>..u-</strong></span> 
     </span>
    </p>
   </div>
   <div class='ocr_carea' id='block_1_6' title="bbox 0 0 1402 5048">
    <p class='ocr_par' dir='ltr' id='par_1_11' title="bbox 0 0 1402 5048">
     <span class='ocr_line' id='line_1_43' title="bbox 0 0 1402 5048; baseline 0 0"><span class='ocrx_word' id='word_1_397' title='bbox 0 0 1402 5048; x_wconf 95' lang='lat' dir='ltr'><strong> </strong></span> 
     </span>
    </p>
   </div>
  </div>
 </body>
</html>
