2774 5048
657 216 718 274 26¹}

74 371 232 456 nomotdr
252 380 384 439 alterum.
426 375 584 436 Videamus
610 390 725 454 autem,
745 375 854 455 quibus
878 377 1040 438 rationibus
1063 379 1102 439 ad
1130 378 1206 441 hauc
1231 381 1294 440 ιιιιιι

75 479 251 541 divisionem
278 475 422 538 adductus
447 476 493 535 sit.
538 475 668 534 «Nonne
691 474 892 550 arithmetica,
912 475 1016 558 hospes
1040 472 1155 556 quaerit
1173 476 1295 553 Eleum,

76 590 106 637 et
122 575 197 637 aliae
224 576 365 658 quaedam
395 574 464 634 huic
493 587 629 654 cognatae
658 588 750 649 artes,
771 588 804 634 ut
828 595 1048 656 cognoscamus,
1069 572 1222 653 efficiunt,
1239 598 1295 637 non

76 666 165 750 item,
185 689 219 735 ut
235 676 399 735 faciamus?
419 698 453 719 ⁸-
474 671 521 732 Sic
537 685 588 735 est.
608 698 643 708 -
664 672 863 732 Architectura
884 688 978 733 autem
994 686 1023 733 et
1037 694 1227 755 quaecunque
1241 696 1298 735 ιιιι-

76 772 165 833 nibus
182 772 374 855 perficiuntur
393 763 494 850 ὥσπερ
520 767 643 845 ἐιταῖς
667 764 805 851 πράξεσιν
831 769 954 833 ἐνοῦσαν
979 766 1139 854 σύμφυτον
1163 767 1219 856 τήν
1238 770 1297 835 ἰιι-

77 864 196 954 στήμηιι
216 865 380 953 κέκτηνται,
394 881 554 932 scientium
571 880 728 933 continent
746 884 893 953 tanquam
912 882 1030 934 notura
1049 898 1120 935 eum
1139 879 1298 939 notionibus

79 980 274 1052 conjunctum
283 1019 293 1050 ,
313 994 432 1056 corpora
452 971 489 1031 ab
508 973 579 1053 ipsis
598 973 727 1032 confecta
739 992 887 1052 ,quaeque
904 988 989 1034 antea
1007 995 1067 1034 non
1086 976 1222 1052 lucrant,
1242 994 1294 1058 per⁴

79 1071 252 1132 ficiunt'l-
273 1070 456 1147 Quidnil-
475 1070 882 1151 Hacigiturrationeorunes
900 1069 1048 1132 doctrinas
1066 1072 1295 1135 discernebant

76 1192 237 1253 πρακτοιην
256 1190 381 1245 vocans,
402 1169 484 1231 illam
507 1163 669 1250 γιωστικήν
688 1182 811 1229 tantum.
833 1168 900 1231 Sint
916 1169 970 1229 hae
987 1169 1043 1230 tihi
1061 1182 1213 1275 tanquam
1222 1172 1293 1233 unius

76 1273 230 1333 universae
248 1269 385 1345 scientiae
404 1270 513 1350 species
531 1268 617 1331 duae
628 1295 643 1328 ιι
670 1268 699 1350 l)

118 1370 183 1430 Non
212 1369 304 1430 ausim
332 1365 465 1447 equidem
488 1369 555 1449 plus
585 1368 655 1429 inde
671 1366 710 1428 ad
732 1367 837 1427 artium
856 1380 884 1425 et
904 1367 1104 1427 doctrinarum
1122 1366 1290 1429 distributio

77 1489 144 1528 nem
162 1465 294 1542 efficere,
314 1484 400 1546 quam
418 1467 554 1546 cogitasse
575 1481 674 1528 auctor
692 1465 818 1526 videtur.
860 1465 1059 1525 Veruntamen
1085 1464 1119 1525 id
1150 1487 1210 1526 non
1237 1478 1288 1549 puta

76 1585 266 1646 quemquam,
280 1564 351 1624 haec
368 1562 619 1640 considerantem,
639 1565 747 1638 latere,
763 1561 1034 1641 dissimilitudinem
1050 1563 1105 1623 hac
1119 1563 1287 1633 distinctione

78 1661 224 1743 simulque
253 1661 405 1724 vinculum
436 1676 622 1745 utrarumque
644 1676 721 1724 recte
748 1661 795 1721 his
820 1661 975 1722 contineri.
1016 1663 1132 1721 Artium
1158 1662 1286 1743 propriu!

71 1774 134 1836 cst,
157 1776 190 1822 ut
214 1770 391 1841 procreent,
422 1762 455 1821 in
483 1761 578 1822 lucem
604 1761 730 1844 prodant
754 1780 828 1839 quae
854 1756 1068 1836 nou‘fuerant,
1088 1758 1284 1833 doctrinarum

5 1896 7 1900 Α
80 1876 112 1923 ιιι
132 1881 351 1944 cognoscuntur.
377 1860 534 1921 Enimvero
553 1883 614 1921 non
634 1861 674 1920 ita
693 1858 934 1939 distinguuntur,
954 1859 1027 1938 quin
1048 1857 1165 1939 aliquid
1182 1857 1284 1917 habetat

79 1978 248 2024 commune:
280 1971 322 2018 est
341 1968 438 2018 autem
463 1957 571 2019 illud
562 1980 657 2069 ipsum
667 2004 676 2035 ,
696 1977 754 2037 quo
782 1962 967 2035 utrarumque
991 1957 1189 2037 procreatrix,
1208 1954 1289 2039 phdos

79 2058 198 2140 sophia,
218 2056 297 2123 tolet
313 2056 455 2130 maxime,
476 2055 571 2137 pulcri
593 2058 712 2137 verique
740 2053 888 2130 studium,
913 2075 972 2134 quo
991 2074 1043 2115 nos
1063 2055 1117 2114 illa
1136 2053 1174 2115 ud
1191 2056 1307 2209 sapiet*

79 2157 150 2216 tiam
175 2154 267 2219 ducit
1229 2200 1232 2207 ,
1284 2206 1292 2221 ,

120 2259 210 2334 Aegre
228 2253 359 2312 tulerunt
378 2251 439 2311 fere
456 2252 644 2361 philosophi,
674 2254 705 2311 in
724 2266 819 2333 partes
845 2252 970 2311 divisam
996 2270 1057 2312 esse
1078 2266 1143 2333 post
1156 2251 1285 2311 Platones

79 2351 308 2433 philosophiam·
337 2350 477 2413 accidisse
500 2351 579 2410 enim
607 2351 665 2426 ita,
687 2365 718 2410 ut
738 2351 841 2425 multi',
861 2348 962 2430 quid
954 2370 1015 2431 rpsa
1034 2348 1261 2432 philosophia
1234 2358 1285 2408 esst

79 2463 108 2508 et
136 2469 193 2528 quo
212 2448 357 2530 proposito
375 2447 545 2524 tractanda,
566 2470 618 2509 nee
638 2464 769 2534 tenentes
784 2470 838 2509 nec
858 2469 1029 2530 magnopere
1049 2462 1184 2508 curantes
1193 2456 1285 2528 ,μω

79 2545 146 2604 illas
165 2545 273 2627 singuli
287 2545 416 2626 singulas
433 2547 481 2607 vel
500 2547 585 2607 nullo
605 2548 652 2607 vel
671 2566 806 2629 perverso
823 2547 947 2607 consilio
964 2560 1138 2607 tractarent.
1160 2567 1216 2626 quo
1231 2554 1285 2604 cult

80 2645 171 2722 majus
188 2642 394 2704 detrimentum
414 2646 465 2705 vix
484 2666 586 2727 capere
604 2646 787 2727 philosophia
803 2646 906 2726 potuit.
928 2644 1097 2706 Cavendum
1114 2666 1185 2706 vero
1203 2656 1285 2718 esne

78 2742 216 2802 cernendi
231 2739 485 2822 distribuendique
499 2728 609 2818 studio,
628 2743 706 2824 quod
724 2744 889 2804 Platonicae
906 2757 948 2802 est
961 2743 1132 2804 dialecticae
1146 2743 1285 2825 proprium.

82 2838 115 2900 id
135 2839 243 2899 factum
263 2855 404 2925 putemus.
434 2841 510 2902 Fons
528 2857 571 2902 est
590 2840 668 2923 apud
682 2842 829 2901 Platonem
849 2841 1031 2922 philosophia
1062 2854 1092 2900 et
1107 2843 1189 2921 quasi
1208 2852 1287 2922 part!

83 2940 211 2997 omnium
226 2940 332 2997 aruum
358 2952 387 2998 et
415 2939 621 3001 doctrinarum.
680 2939 760 3014 Quid
779 2939 867 3019 igitur
902 2938 1088 2999 dialecticum
1116 2933 1288 3021 reprehenda-

81 3055 143 3094 mus
154 3080 163 3110 ,
182 3038 232 3116 qui
251 3032 327 3096 artes
358 3036 559 3118 doctrinasque
587 3053 724 3118 tanquam
754 3037 864 3097 rivulos
890 3059 906 3096 e
929 3038 1074 3097 communi
1094 3038 1176 3098 fonte
1194 3035 1289 3119 prohp

82 3154 127 3192 sos
138 3178 147 3208 ,
167 3155 233 3193 cum
251 3155 268 3193 a
285 3135 469 3216 philosophia
487 3138 566 3218 ipsa,
587 3152 682 3212 tuma
707 3156 736 3195 se
766 3136 893 3196 invicem
911 3150 977 3216 apte
997 3134 1160 3195 discrevit?
1191 3132 1288 3195 Emolt·

82 3245 211 3291 mentum
234 3233 303 3292 hinc
331 3234 427 3314 cepit,
455 3255 513 3293 non
535 3236 740 3295 detrimentum
760 3233 944 3316 philosophia
956 3259 964 3311 3
994 3233 1041 3293 illi
1062 3229 1225 3293 noc'ucruut
1244 3243 1289 3291 stu·

82 3329 141 3389 diis
159 3331 293 3411 optimis,
313 3332 363 3410 qui
384 3334 546 3392 verissimae
564 3334 652 3412 hujus
670 3332 839 3392 dialecticae
860 3347 991 3413 expertes
1001 3379 1009 3407 ,
1030 3331 1255 3413 philosophiam,
1266 3338 1290 3385 tl

82 3429 124 3488 ait
143 3427 269 3505 διιιιιιι,
290 3427 323 3509 2)
347 3444 484 3510 tanquam
515 3452 619 3512 corpus
646 3433 855 3490 dissecuerunt
875 3432 907 3489 in
931 3431 1057 3489 membra
1081 3443 1110 3490 et
1137 3443 1247 3511 partes,
1267 3436 1291 3483 tt

83 3527 146 3606 ipsa
174 3526 246 3586 adeo
271 3528 333 3589 vita
360 3542 389 3587 et
416 3530 513 3608 vigore
539 3529 753 3589 destitueretur.
794 3529 858 3602 Quo
888 3549 955 3588 sane
986 3528 1138 3588 lubentius
1165 3508 1290 3587 Platoni!

85 3624 246 3703 sequimur,
267 3625 319 3685 ubi
339 3627 364 3686 is
395 3642 469 3687 artes
503 3627 705 3708 doctrinasque
725 3627 910 3701 discernens,
930 3627 1010 3702 illis,
1032 3641 1065 3686 ut
1088 3624 1230 3702 vidimus,
1246 3617 1289 3682 effi·

81 3720 180 3781 ciendi
199 3726 446 3805 procreandique,
463 3727 509 3786 his
526 3725 716 3806 cognoscendi
730 3726 860 3786 studium
880 3726 1002 3801 tribuit,
1017 3727 1117 3806 jungit
1137 3745 1206 3786 reru
1224 3736 1289 3782 ιιιιιι

81 3839 136 3899 que
154 3823 300 3881 communi
314 3823 513 3906 philosophiae
529 3826 656 3885 vinculo.
678 3827 828 3886 Caeterum
847 3823 923 3883 idem
950 3823 1090 3886 cernendi
1110 3823 1193 3883 illam
1211 3834 1307 3889 atttls:

82 3932 114 3977 ut
132 3917 170 3978 ad
186 3919 341 4001 sophistam
360 3921 560 3982 definiendum
575 3923 730 3998 adhibuit,
746 3924 785 3982 ita
804 3924 836 3982 in
856 3923 1037 4003 exquirendo
1061 3922 1182 4005 politiqo
1199 3916 1288 4003 plenis

81 4016 166 4075 etiam
191 4031 219 4076 et
239 4020 400 4079 accuratius
421 4021 552 4102 explorat
570 4036 597 4081 et
616 4023 764 4083 describit.
796 4023 867 4080 Nam
885 4023 1028 4081 tramitem
1049 4020 1129 4101 apud
1147 4041 1212 4079 eum
1227 4014 1286 4077 tta·

81 4123 136 4173 tes
152 4126 309 4196 quaerens,
340 4138 396 4196 quo
426 4119 573 4200 politicam
601 4121 638 4179 sit
667 4120 816 4181 scientiam
837 4121 1011 4180 inventurus
1045 4141 1060 4174 ιι
1067 4118 1120 4179 dat
1139 4112 1197 4201 yoip
1218 4100 1284 4188 omli

86 4251 340 4268 ὴ*-

116 4329 142 4392 1)
160 4332 255 4386 Politia.
272 4332 330 4387 258.
349 4335 379 4386 l).
398 4335 427 4387 E.

115 4413 142 4477 2)
161 4416 206 4468 ct.
224 4420 300 4471 lnitio
318 4438 343 4487 p.
361 4420 410 4485 38,
430 4421 476 4483 ll),
496 4421 554 4473 1ι7.
