2774 5048
679 222 717 281 ta

90 387 173 447 nulla
190 384 315 447 fierent?
337 397 385 442 aut
403 383 472 464 ipsis
490 383 574 440 etiam
590 383 769 442 virtutibus?
792 385 848 443 Nec
867 386 945 443 enim
964 384 1135 444 fortitudine
1153 406 1307 466 egeremus,

91 485 173 545 nullo
196 484 342 567 proposito
363 494 411 540 aut
429 479 543 554 labore,
564 493 612 538 aut
637 481 781 561 periculo:
804 503 856 540 nec
873 483 1005 561 justitia,
1031 503 1096 541 eum
1125 498 1197 543 esset
1217 484 1307 558 nihil,

88 582 166 661 quod
183 595 382 664 appeteretur,
402 579 504 638 alieni:
527 598 586 666 nec⁴
597 580 807 660 temperantia,
823 601 895 659 quae
911 594 1017 660 regeret
1036 601 1100 654 eas,
1121 602 1192 661 quae
1213 582 1307 642 nullae

88 694 199 754 essent,
220 678 375 738 libidines:
398 698 434 735 ne
453 674 608 757 prudentia
628 677 744 756 quidem
771 699 932 758 egeremus,
953 677 1036 737 nullo
1061 677 1176 738 delectu
1205 701 1307 760 propo-

87 779 142 837 sito
163 777 300 836 bonorum
321 773 513 835 etmalorum.
549 774 613 831 Uno
632 782 734 854 igitur
753 799 879 836 ocoomuc
899 780 978 834 bauti
995 783 1161 856 cognitione
1180 787 1307 835 naturae

87 884 116 931 et
136 883 262 934 scientio
273 920 281 947 ,
302 895 360 951 quo
381 874 442 932 colo
461 880 553 930 ctiam
574 870 706 931 Deorum
726 883 769 931 cst
791 883 853 931 cito
873 876 1058 951 laudandans
1076 873 1105 952 l)

414 1065 462 1125 Dc
480 1074 612 1144 pristino
632 1075 728 1127 animi
749 1080 778 1126 ol
793 1090 872 1145 puro
893 1079 985 1128 rictu.

127 1264 190 1338 Quo
207 1262 296 1342 magis
313 1261 383 1321 hacc
403 1255 508 1343 placita
533 1281 568 1321 ex
590 1263 657 1342 ipsa,
673 1263 800 1323 Platonis
818 1277 912 1322 mente
935 1260 1161 1344 perceperimus,
1183 1285 1217 1324 eo
1244 1263 1307 1343 ple·

17 1369 20 1373 ’
87 1361 153 1420 nius
170 1359 365 1438 intelligemus
384 1360 454 1434 illa,
474 1381 546 1439 quac
570 1359 606 1419 de
629 1361 751 1440 pristino
779 1351 876 1419 animi
887 1375 915 1420 et
933 1382 1006 1442 puro
1025 1375 1099 1421 statu
1118 1364 1150 1421 in
1178 1360 1307 1421 Phaedro

83 1458 298 1540 pronunciavit.
350 1457 406 1516 Sed
436 1479 468 1517 eo
501 1459 666 1539 priusquam
699 1471 896 1532 transeamus,
926 1459 1001 1518 hanc
1030 1460 1114 1519 etiam
1143 1458 1307 1542 philosophi

83 1554 266 1619 attendamus
283 1554 320 1614 de
340 1554 437 1614 indole
456 1570 551 1615 nostra
573 1568 600 1614 et
619 1569 720 1614 natura
738 1557 917 1635 sententiam.

122 1652 174 1713 Nil
199 1652 283 1712 homo
311 1652 436 1734 possidet
463 1653 558 1712 animo
585 1652 725 1712 divinius.
777 1647 906 1713 Πάντων
936 1648 992 1735 μοὶρ
1023 1656 1083 1714 τιῦν
1115 1647 1207 1714 circei
1238 1676 1306 1736 mp-

81 1741 185 1838 μύτων
215 1744 290 1828 μετολ
321 1743 411 1824 θεούς
441 1745 529 1831 ψυχή
561 1743 724 1811 θειότατον.
756 1753 787 1835 2)
833 1756 959 1830 Verum,
998 1758 1096 1836 qualis·
1118 1756 1169 1814 ille
1198 1757 1253 1827 sit,
1283 1757 1305 1814 si

82 1872 248 1931 cognoscere
275 1852 415 1926 velimus,
436 1851 515 1911 haud
542 1853 649 1911 intueri
678 1874 741 1911 eum
765 1867 874 1934 oportet
897 1853 1040 1934 pollutum
1068 1855 1305 1933 inquinatumque

82 1950 208 2030 corporis
225 1951 425 2009 communione
445 1963 472 2009 ct
491 1950 610 2009 caeteris
629 1951 729 2025 malis;
752 1950 820 2024 sed,
843 1964 874 2009 ut
899 1953 1000 2009 natura
1028 1951 1181 2025 sehabet,
1202 1972 1305 2032 purum

81 2060 109 2106 et
128 2047 270 2106 sincerum
289 2047 450 2107 discernere
470 2069 522 2106 nos
537 2068 601 2106 eum
620 2061 729 2128 oportet
749 2049 858 2107 ratione
876 2062 904 2107 et
923 2049 1091 2129 perspicere.
1135 2050 1191 2123 Qui
1213 2049 1304 2109 Glau-

82 2165 147 2215 cum
174 2145 316 2204 marinum
342 2144 462 2219 vident,
484 2144 562 2204 haud
587 2158 705 2224 possunt
729 2145 774 2203 illi
802 2165 838 2204 ex
866 2161 1013 2227 praesente
1041 2148 1133 2227 specie
1158 2151 1305 2227 antiquam

80 2244 141 2320 ejus
160 2255 291 2300 naturam
311 2244 439 2320 assequi:
462 2264 527 2301 nam
552 2243 677 2322 corporis
700 2256 793 2324 partes
811 2243 883 2302 aliae
911 2258 978 2303 sunt
1001 2245 1124 2318 fractae,
1145 2245 1219 2303 aliae
1240 2266 1303 2305 con·

79 2340 181 2414 tritae,
207 2354 327 2398 cunctae
357 2339 444 2398 undis
473 2339 663 2419 fluctibusque
692 2354 863 2420 corruptae:
895 2342 1101 2406 adhaerescunt
1125 2343 1193 2401 item
1210 2343 1304 2402 aliena

80 2437 159 2513 illis,
180 2438 355 2518 conchylia,
369 2437 439 2518 xalga
449 2484 458 2512 ,
480 2438 608 2518 lapides,
630 2460 685 2516 quo
704 2438 737 2497 fit
747 2485 755 2513 ,
777 2452 808 2498 ut
837 2440 931 2500 cuivis
949 2440 1043 2514 ferae,
1070 2461 1154 2518 quam
1173 2441 1305 2500 sibimet·

79 2535 153 2616 ipsi„
191 2534 311 2595 similior
341 2537 387 2595 sit.
439 2528 527 2596 Ούτω
554 2534 601 2596 καὶ
631 2528 685 2617 τήν
711 2530 814 2618 ψυχήν
839 2531 923 2618 ἡμεῖς
948 2530 1097 2616 θεώμεθα
1123 2533 1306 2619 διακειμένην

41 2707 43 2716 Ι
78 2625 137 2693 ini
159 2629 275 2715 μυρίων
295 2633 399 2695 κακοῖν.
420 2638 453 2718 3)
481 2638 563 2696 Pori
581 2661 631 2697 ιιοι
651 2660 761 2717 quoquc
776 2641 941 2698 conditione
952 2648 1087 2698 cocionum
1096 2664 1177 2700 nunc
1187 2650 1306 2720 conopi-

79 2743 193 2810 cimus,
218 2736 352 2814 infinitio
378 2737 522 2816 affectum
546 2739 644 2796 malie.
692 2738 752 2796 Hac
783 2738 991 2819 comparatione
1019 2739 1098 2799 Plato
1126 2754 1305 2819 praesentem

79 2832 205 2892 declarat
224 2835 312 2893 animi
331 2848 448 2909 statum,
467 2856 523 2913 quo
542 2836 629 2914 magis
648 2856 817 2914 auguremur
841 2836 911 2895 inde
921 2883 929 2910 ,
958 2835 1100 2915 quacolim
1118 2838 1180 2913 ejus
1198 2837 1306 2898 condi·

7 2918 9 2923 ¹
78 2931 119 2989 tic
138 2931 243 3005 fuerit,
264 2953 334 3010 quae
354 2931 461 2991 deinde
480 2933 517 2991 sit
536 2933 641 2992 lutura.
663 2931 747 3006 Quod
765 2953 801 2990 ex
821 2916 918 2992 indole
937 2937 997 3011 ejus
1016 2948 1043 2993 et
1063 2935 1188 2994 naturali
1208 2937 1305 2997 studio

79 3024 177 3089 efficit
189 3027 198 3061 ¹¹
206 3029 277 3086 Nam
311 3030 403 3110 pergit
434 3013 578 3090 Socrates:
619 3024 691 3089 α’λλοέ
722 3027 785 3102 δεῖ,
818 3021 843 3089 nl
870 3025 1027 3106 Γλαύκων,
1061 3030 1148 3092 ἐκεῖσε
1179 3028 1305 3112 βλέπειν.

79 3125 159 3196 Hom
186 3119 208 3213 ἤ
235 3121 262 3184 d'
293 3118 335 3198 ὅς.
379 3124 432 3200 Εἰς
462 3123 516 3209 τήν
532 3129 722 3215 Ιφιλοσοφίαν
754 3126 861 3212 αὐτῆς,
893 3132 941 3193 καλ
972 3131 1076 3194 ἐννοεῖν
1109 3123 1150 3194 clo
1182 3127 1305 3196 ἅπτεται

78 3224 127 3286 καὶ
157 3222 229 3288 οἵων
256 3223 367 3306 ἐφίεται
399 3221 538 3306 ὁμιλιῶν,
572 3225 612 3305 aig
643 3227 778 3314 ξογγενής
809 3227 881 3294 οὖσα
912 3236 956 3319 τῷ
986 3258 1016 3296 τε
1043 3234 1126 3320 θείῳ·
1143 3235 1193 3295 καὶ
1219 3231 1307 3298 ieo-

77 3321 156 3414 νύτιμ
188 3326 236 3389 καὶ
261 3327 306 3413 τῷ
331 3323 376 3389 αἐὶ
403 3323 483 3405 dmi,
514 3330 562 3392 καὶ
589 3330 639 3396 οἵα
665 3330 701 3394 ἂν
725 3329 833 3414 γένοιτο
858 3337 903 3420 τῷ
927 3332 1047 3423 τοιούτω
1072 3337 1152 3397 πᾶσα
1180 3335 1305 3398 intono·

77 3424 171 3511 μένη,
204 3427 252 3491 καὶ
281 3424 341 3491 ino*
370 3425 479 3514 ταύτης
509 3433 564 3515 τῆς
600 3427 697 3517 σ’ρμῆς
727 3433 932 3514 ἐκκομισθεῖσα
963 3437 994 3497 ἐκ
1023 3439 1078 3499 τοῦ
1106 3432 1238 3514 πόντον,
1271 3437 1304 3500 έν

77 3523 102 3617 ᾦ
133 3531 185 3593 νῦν
216 3527 276 3594 ἔστι
286 3580 296 3607 ,
328 3533 375 3594 καὶ
404 3541 648 3618 περικρουσθεῖσα
678 3533 785 3620 πέτρας
812 3561 840 3599 τε
868 3539 915 3599 καὶ
943 3521 1069 3620 ὄστρεα,
1091 3539 1109 3600 ἃ
1131 3541 1183 3602 νῦν
1204 3536 1304 3628 αὐτῇ,

78 3628 128 3695 ὅτε
160 3634 215 3716 γῆν
247 3630 426 3722 ἑστιωμένῃ,
456 3633 547 3720 γερριλ
579 3638 627 3700 καὶ
657 3635 793 3721 πετρολιλη
821 3636 913 3701 πολλοὶ
933 3641 980 3702 καὶ
1001 3637 1088 3724 ἄγρια
1108 3637 1305 3725 περιπέφυκεν

75 3730 135 3798 sind
166 3737 226 3798 cciv
251 3730 435 3817 εὐδαιμόνων
461 3735 622 3819 λεγομένοιν
648 3732 811 3802 ἑστιάσεων.
855 3745 913 3803 Sed
934 3747 1027 3818 illuc,
1048 3769 1063 3804 ο
1085 3745 1215 3820 Glauco,
1236 3769 1304 3806 ocu-

76 3843 118 3900 lor
134 3851 301 3900 convertero
319 3844 460 3902 debemus.
489 3842 622 3902 Inscitum
642 3853 740 3902 σαιίηο
759 3846 909 3918 studium,
923 3851 1019 3902 incito
1038 3846 1120 3902 nobie
1137 3846 1305 3921 spectanda

76 3951 121 3999 eet
138 3947 205 4017 ojus
219 3941 415 4016 philosophia.
459 3941 708 4000 Animodooricrc
727 3952 856 4018 oportet,
878 3963 952 4019 quoe
979 3951 1114 4019 ocpctot,
1135 3964 1212 4020 quoe
1233 3963 1304 4000 σοι’

72 4041 243 4115 plectatur,
264 4039 446 4116 qaihoecrcm
456 4062 485 4096 cc
497 4047 595 4119 jungi
608 4048 738 4120 goetici,
760 4052 795 4097 ut
812 4041 911 4097 dicimo
927 4049 956 4097 ct
970 4042 1136 4099 immortali
1146 4052 1177 4099 ct
1187 4049 1305 4118 compi*

109 4245 134 4311 l)
152 4248 252 4315 Frapm.
270 4246 310 4300 at.
329 4265 353 4314 p.
372 4245 431 4297 482.
451 4245 528 4299 Orell.

92 4331 135 4397 Ι2)
153 4335 190 4384 Dc
207 4334 277 4400 chp.
296 4333 327 4382 V·
346 4330 402 4382 726.
421 4331 451 4382 Α.

108 4415 134 4482 3)
152 4421 189 4470 Dc
206 4420 265 4486 ηιμ.
283 4418 312 4468 Χ.
329 4415 387 4466 fill.
405 4415 436 4466 D.
