2796 5048
366 1138 790 1216 PHILOSOPHIA
840 1140 867 1215 J
876 1139 1016 1216 USTI

665 1411 741 1459 SIVE

488 1635 548 1694 DE
578 1635 695 1695 VITA
726 1635 895 1696 BEATA.

695 1957 758 2025 Oo's
773 1957 835 2025 ἔστι
851 1966 917 2050 stepo
933 1953 1108 2045 ὅμοιότερον
1122 1956 1245 2046 οὐδὲνῆ
1267 1959 1304 2038 ὃς

656 2058 693 2125 ἄν
713 2059 803 2147 ἡμῶν
827 2058 868 2127 ol
887 2059 1004 2148 γένηται
1036 2057 1083 2127 ὅτι
1111 2060 1300 2140 δικαιότατος.

105 2520 131 2579 Α
150 2537 207 2598 quo
230 2529 358 2598 tempore
375 2515 445 2578 haec
465 2516 592 2578 scribere
606 2520 811 2597 philosophice
830 2519 1010 2580 Platonicae
1025 2526 1121 2577 initio
1143 2520 1244 2599 coepi,
1267 2518 1300 2576 in

68 2613 135 2677 dies
163 2613 235 2675 mihi
255 2616 344 2695 magis
362 2614 586 2677 instaurandum
605 2638 685 2678 nunc
706 2616 830 2677 maxime
849 2615 1051 2699 philosophiae
1068 2617 1151 2675 illius
1168 2614 1299 2675 studium

62 2734 125 2775 esse
144 2714 249 2795 patuit.
290 2715 363 2773 Nam
388 2715 526 2795 cogitanti
553 2713 626 2775 mihi
643 2735 848 2797 saepenumero
867 2713 904 2774 de
924 2735 1001 2775 nova
1016 2712 1070 2773 illa
1085 2713 1299 2794 philosophan-

62 2810 98 2873 di
118 2813 248 2887 ratione,
269 2832 342 2891 quae
362 2814 509 2895 superiore
530 2814 645 2876 saeculo
665 2834 717 2894 per
733 2826 823 2873 totam
832 2813 978 2894 Europam
989 2811 1136 2887 invaluit,
1157 2812 1218 2872 vim
1237 2810 1301 2890 qui·

60 2909 131 2972 dem
157 2909 209 2970 illa
237 2909 345 2970 habere
361 2912 529 2973 etiamnunc
547 2926 576 2972 et
597 2912 752 2972 salutarem
769 2909 842 2971 adeo
860 2932 993 2992 magnam
1011 2923 1137 2991 partem,
1167 2909 1230 2970 visa
1247 2921 1299 2969 est.

59 3004 111 3069 Ad
136 3028 220 3067 usum
249 3009 328 3068 enim
358 3009 455 3085 vitae,
481 3008 559 3089 quod
583 3009 802 3092 praecipiebant
819 3022 900 3070 tanto
920 3007 1017 3070 studio
1036 3020 1171 3090 parentes
1190 3007 1300 3084 nostri,

59 3105 185 3168 inventa
204 3127 257 3166 nos
276 3106 345 3165 item
365 3108 462 3167 omnia
481 3107 746 3184 accommodamus,
771 3128 824 3167 nec
844 3107 1022 3187 quidquam,
1048 3119 1081 3166 ut
1099 3104 1168 3180 illi,
1186 3119 1301 3185 specta-

59 3222 127 3262 mus
144 3204 250 3284 magis,
270 3225 357 3283 quam
377 3219 409 3265 ut
429 3205 549 3266 humani
569 3206 683 3289 generis
703 3205 792 3266 saluti
807 3207 1030 3288 prospiciamus.
1076 3203 1134 3264 Sed
1153 3206 1300 3286 primum,

59 3299 194 3380 capimus
211 3302 324 3362 fructus
339 3302 558 3387 philosophiae,
577 3326 651 3386 quae
668 3305 767 3386 pueris
783 3304 868 3364 nobis
886 3303 1021 3381 effloruit3
1042 3302 1104 3384 ipsa
1114 3301 1300 3384 philosophia

59 3397 241 3478 temporibus
270 3402 377 3460 nostris
398 3404 486 3480 jacet.
528 3405 604 3464 Tum
631 3423 715 3478 vero,
744 3417 776 3462 ut
796 3401 931 3462 salutaris
949 3402 1056 3482 partim
1074 3401 1132 3458 fuit
1150 3419 1226 3460 nova
1246 3398 1299 3457 illa

59 3495 222 3577 superioris
241 3498 349 3556 saeculi
369 3498 598 3582 philosophandi
618 3501 709 3575 ratio,
734 3500 775 3558 ita
785 3544 794 3575 ,
815 3500 912 3579 prouti
931 3500 965 3558 in
982 3494 1182 3578 praecedentis
1199 3496 1298 3578 dispu-

59 3594 181 3654 tationis
196 3595 319 3656 exordio
337 3598 517 3674 monuimus,
537 3599 644 3680 partim
662 3598 749 3656 etiam
768 3611 797 3656 et
813 3610 884 3656 tuno
902 3597 1002 3655 nocuit
1017 3594 1149 3674 Europae
1163 3594 1299 3676 gentibus

59 3705 91 3752 et
106 3690 194 3752 nobis
212 3694 382 3760 etiamnunc
402 3710 488 3756 nocet
506 3697 700 3757 vehementer.
731 3692 830 3769 ¹Quod
846 3695 975 3774 profecto
990 3691 1071 3752 haud
1086 3692 1174 3753 facile
1191 3694 1224 3753 in
1239 3694 1299 3755 du·

60 3789 145 3849 bium
164 3792 330 3868 vocaverit,
351 3794 518 3874 quicunque
533 3807 714 3876 praesentem
734 3791 934 3874 philosophiae
953 3790 1153 3852 conditionem
1168 3791 1299 3872 diligen-

60 3900 106 3948 ter
143 3888 394 3953 animadverterit.
446 3892 563 3953 Adsunt
591 3891 710 3972 quidem
739 3890 838 3951 ubivis
865 3891 994 3970 germani
1022 3889 1209 3971 philosophi,
1239 3891 1297 3951 riri

60 3983 223 4047 liberaliter
250 3989 398 4066 instituti,
426 3990 520 4050 literis
545 3988 713 4069 artibusque
731 3988 841 4049 exculti
859 4010 892 4063 ac
911 3988 1069 4070 perpoliti,
1099 4008 1160 4054 nec
1171 3985 1295 4064 desunt,

61 4081 114 4164 qui
134 4083 196 4145 illis
215 4086 344 4162 faveant,
366 4087 487 4167 fierique
498 4108 596 4149 eorum
606 4087 748 4169 sapientil
758 4086 890 4149 meliores
901 4087 1144 4169 sapientioresque
1154 4085 1296 4163 nitantur.

60 4179 121 4242 Sed
148 4183 206 4243 rari
231 4198 301 4244 sunt
317 4185 364 4246 illi
384 4187 418 4246 in
437 4185 561 4266 singulis
579 4187 639 4246 lere
660 4184 809 4268 gentibus,
837 4198 866 4245 et
886 4205 943 4245 vox
961 4204 1059 4244 eorum
1077 4183 1232 4263 quominus
1257 4183 1295 4243 ab

61 4278 180 4363 optimis
208 4281 373 4364 quibusque
401 4298 430 4343 et
448 4281 657 4345 honestissimis
673 4283 865 4358 exaudiatur,
883 4282 991 4342 clamor
1007 4282 1200 4362 strepitusque
1218 4280 1295 4342 alio·

60 4398 126 4439 rum
145 4377 255 4458 efficit,
274 4383 325 4461 qui
346 4403 375 4443 se
397 4381 471 4468 solos
490 4403 588 4464 sapere
605 4383 739 4462 jactant,
759 4381 848 4461 idque
867 4381 990 4462 prolano
1010 4379 1098 4460 vulgo
1118 4378 1294 4460 persuadent
