2774 5048
701 242 739 302 52

101 407 208 488 dispari
230 408 341 485 utrique
356 418 384 465 et
402 405 485 467 modo
503 419 530 463 et
548 404 678 463 consilio.
721 403 790 475 Illi,
813 417 844 461 ut
863 403 1025 483 semetipsos
1051 403 1178 481 aliosque
1205 402 1332 485 delecta-

101 519 165 563 rent
189 505 313 585 perfecte
334 502 480 564 felicitatis
499 503 609 582 specie,
638 516 749 582 tempus
765 500 929 578 fingebant,
948 522 1004 580 quo

264 602 293 661 V
292 625 326 661 ar
343 610 411 659 erut
430 610 584 659 ueterrimo
596 646 604 672 ,
618 601 791 677 placidique
811 602 980 675 tepentibus
998 609 1086 657 auris

264 701 430 759 Metuebant
448 697 583 776 Zephyri
600 709 686 756 nates
705 706 770 755 sr'rre
788 705 898 755 terrine
909 698 1007 772 flores
1026 734 1065 744 -

216 848 219 855 .
268 798 412 857 Flumina
424 802 495 873 jam
514 797 623 870 luctis,
636 802 707 873 jum
719 797 859 871 flumina
877 805 1011 856 nectaria
1027 802 1124 856 ibant.
1148 795 1178 875 l)

104 897 266 979 Philosophi
284 915 351 960 vcro
368 894 473 970 tham,
492 915 524 955 te
544 895 647 953 caeteri
672 894 785 967 solent,
812 907 978 974 appetentes
999 881 1184 968 felicitatem,
1216 895 1248 952 in
1267 913 1335 973 per-

99 996 175 1058 lecta
196 995 303 1079 pariter
326 991 512 1067 conditione,
542 993 638 1051 omnia
662 991 830 1059 tribuebant
859 995 972 1066 menti,
1001 994 1132 1053 sensibus
1165 993 1335 1073 corporique

104 1093 188 1155 uihil.
238 1093 335 1173 ltaque
361 1086 443 1153 Plato
475 1091 612 1151 acerrimo
639 1089 743 1149 ductus
771 1089 970 1171 philosophiae
997 1094 1184 1170 veritatisque
1217 1088 1334 1160 studio,

102 1192 211 1253 beatem
230 1187 414 1251 adumbravit
428 1188 588 1249 animorum
609 1188 641 1247 in
666 1189 759 1268 prisca
778 1186 902 1267 quadam
932 1191 991 1249 vita
1019 1191 1236 1260 conditionem,
1263 1189 1335 1265 ejus·

102 1287 178 1349 modi
198 1287 278 1349 illam
288 1332 297 1361 ,
320 1299 352 1347 ut
371 1285 481 1365 integrd
499 1286 626 1367 pureque
644 1285 810 1343 fruerentur
829 1287 890 1345 veri
910 1288 1162 1368 contemplatione.

142 1388 204 1451 Diis
212 1384 380 1447 tribuebant
388 1384 499 1461 antiqui
506 1429 515 1457 ,
525 1382 603 1463 quod
614 1384 684 1464 ipsis
695 1383 849 1442 videbatur
864 1405 1003 1442 summum
1018 1400 1046 1444 et
1058 1386 1226 1466 perfectum.
1249 1380 1337 1464 Apud

103 1474 257 1557 Hdnerttm
277 1481 413 1543 convivia
427 1480 575 1540 celebrant
594 1482 642 1540 Dii
667 1480 813 1540 hilaritate
832 1483 939 1540 summl
950 1528 958 1556 ,
983 1473 1069 1561 quam
1088 1483 1171 1542 alunt
1190 1480 1337 1562 Apollinis

101 1576 205 1649 mille
220 1595 248 1645 et
263 1580 343 1641 chori
367 1579 528 1651 Musarum,
550 1579 656 1637 excitat
674 1593 769 1637 autem
792 1593 890 1638 nectar
913 1580 945 1637 in
970 1582 1086 1662 primis,
1110 1580 1188 1661 quod
1213 1577 1337 1659 singulis

103 1678 285 1743 edmiuistrut
303 1678 365 1737 sire
382 1676 463 1737 Hebe
478 1677 539 1737 sive
556 1675 749 1757 Ganymedes.
780 1675 884 1747 sedin
901 1676 955 1736 hac
969 1678 1118 1738 Platonica
1134 1678 1255 1739 divinae
1270 1677 1335 1735 feli·

104 1779 198 1839 eitatis
207 1776 399 1859 descriptione
415 1789 513 1835 nectar
526 1774 643 1855 quidem
658 1776 801 1846 occurrit,
815 1772 866 1832 sed
881 1777 961 1855 equis
975 1777 1130 1857 praebetur
1139 1779 1264 1836 Deorum
1280 1794 1336 1832 una

104 1897 169 1936 carm
183 1874 342 1946 ambrosia,
356 1872 473 1953 quaudo
487 1873 590 1932 itinere
609 1873 719 1950 fatigati
736 1872 920 1953 praesepibus
934 1873 1066 1933 adstant:
1090 1877 1165 1957 ipsos
1179 1895 1249 1933 vero
1263 1873 1337 1932 Dece

105 1995 157 2035 uec
175 1986 290 2044 cautus,
305 1992 357 2031 uec
374 1970 468 2042 chori,
482 1990 535 2029 uec
554 1990 623 2029 vero
638 1982 736 2029 nectar
755 1984 804 2028 aut
823 1971 962 2030 ambrosia
980 1970 1146 2032 demulcent
1161 1986 1211 2031 aut
1225 1970 1336 2030 exhila-

104 2085 185 2145 rent,
200 2071 250 2133 sed
261 2089 350 2131 uuum
360 2081 438 2129 tenet
448 2068 577 2128 veritatis
590 2066 799 2146 spectaculum,
814 2067 892 2145 quod
902 2083 1062 2150 spectantes
1075 2069 1224 2151 voluptate
1234 2070 1336 2127 fruun-

104 2184 170 2242 tur,
190 2190 264 2248 quae
282 2167 341 2228 sule
361 2165 421 2226 diei
440 2164 543 2225 divina
561 2176 662 2244 petest.
703 2164 782 2221 Haec
800 2186 885 2222 aurea
904 2179 981 2224 aetas
995 2182 1037 2226 est
1055 2166 1304 2249 philosophorum.

145 2266 229 2342 Quod
262 2278 356 2325 eutem
383 2261 421 2322 ad
453 2262 544 2342 ipsam
577 2261 679 2319 attinet
708 2259 859 2334 fabulam,
889 2262 974 2320 facile
1008 2264 1216 2344 intelligimus,
1249 2278 1338 2323 totam

106 2365 180 2427 haue
198 2364 358 2425 animorum
377 2374 404 2420 et
423 2358 552 2418 coelestis
576 2358 689 2417 itineris
707 2358 859 2437 imaginem
878 2383 895 2418 a
910 2361 978 2418 selis
994 2362 1104 2420 ambitu
1122 2362 1240 2422 ductam
1258 2383 1336 2434 esse,

106 2461 218 2541 qualem
237 2460 317 2521 huuc
336 2458 562 2519 informaverant
580 2460 679 2536 poetae
697 2453 809 2515 Graeci.
851 2457 997 2517 Phoebum
1016 2459 1047 2518 hi
1067 2459 1214 2518 linxerant
1232 2458 1339 2518 seden-

107 2574 163 2621 tem
182 2561 213 2621 io
229 2579 317 2619 curru
335 2569 363 2617 et
381 2576 468 2635 equus
486 2553 553 2613 illos
570 2553 730 2632 ignivomos
748 2557 909 2635 pennimue
929 2556 1038 2615 levatos
1056 2572 1205 2637 agentem,
1225 2557 1338 2616 eoelum

107 2657 299 2719 conscendere
317 2653 448 2734 quotidie
470 2666 499 2712 et
514 2665 606 2711 tetum
620 2653 752 2711 transire.
774 2651 807 2731 2)

410 2746 504 2822 Ἆπις
523 2744 621 2810 duee
640 2743 803 2811 πολύσκοπι
825 2787 864 2797 -

411 2845 587 2913 tandm
607 2845 741 2930 ιίτριοιόν
761 2847 908 2928 immede
928 2848 955 2932 γ’

412 2947 574 3027 dietinaro
598 2976 627 3014 τι
652 2947 806 3032 νεώτερον,
832 2950 853 3034 ἢ
880 2950 988 3032 asinoe·

411 3050 761 3135 fflmfflffl‚

405 3150 544 3230 Ἵππους
564 3152 680 3232 θοὰς,
700 3152 835 3229 iunio,

413 3252 541 3338 ὧῑήμοΐ
561 3258 593 3332 ἒς
613 3254 702 3336 ὄλβον
721 3255 786 3320 1¹¹⁰?

412 3356 564 3441 τράποιο
584 3356 707 3442 Θήβαις
730 3367 763 3445 3)

109 3487 193 3547 quem
211 3464 330 3525 Pindari
349 3464 443 3523 locum
471 3479 499 3524 et
522 3466 594 3524 alios
611 3465 699 3542 hujus
717 3470 817 3545 poetae
837 3466 868 3523 in
887 3464 981 3524 &lem
1002 3467 1141 3547 hymnos,
1160 3470 1256 3529 fontes
1274 3471 1346 3529 exi-

109 3566 205 3623 stimat
218 3564 374 3643 lh'enysius
387 3563 666 3623 llaliemuassensis.
684 3584 700 3620 e
718 3562 825 3641 quibos
838 3584 888 3621 sna
912 3564 1037 3623 hauserit
1053 3566 1142 3627 Plato.
1169 3569 1235 3626 Pari
1249 3568 1346 3628 subti-

109 3664 208 3721 mitate
226 3661 396 3742 Euripides:

364 3751 389 3819 ui
410 3753 465 3837 τήν
486 3756 518 3818 ἓν
539 3752 658 3835 ἄστροις
677 3754 805 3836 ούρανοῦ
826 3753 939 3833 τέμνων
962 3753 1055 3829 odeis,

362 3862 410 3921 καὶ
431 3854 703 3939 gasmulem
724 3854 859 3935 ἐμβεβώς
878 3859 1016 3937 δίοψις,

354 3958 460 4034 Ἥλιε,
482 3965 572 4034 θοοῖς
590 3958 720 4024 ἵπποισιν
741 3957 873 4020 ameum
894 3957 1000 4042 pleysa
1023 3967 1056 4043 4}

213 3030 232 3083 ,h

142 4190 492 4254 ttovtdlenntttrt.

141 4275 373 4337 ttffllttett.

141 4358 951 4425 erffimmttmssetskttffl.m5e.tsm.

143 4447 383 4505 bamini&
