2796 5048
675 218 735 278 305

71 392 167 439 mus:
187 372 401 459 distinguamus
429 378 569 437 continuo
589 376 627 437 ab
647 381 859 458 Agamemnone
883 378 1046 454 Achillem,
1067 377 1104 439 ab
1122 394 1242 462 utraque
1261 380 1317 441 Ne·-

72 470 207 550 aurem,
227 476 265 535 ab
294 476 340 536 his
358 475 467 536 deinde
484 474 673 550 Diomedem,
694 476 847 555 Ulyssem,
868 477 996 556 aliosque
1020 477 1196 538 Graecorum
1210 479 1316 539 daces:

74 586 145 633 tum
164 594 181 633 a
201 573 320 633 Graecis
345 573 481 633 omnibus
504 572 656 646 Paridem,
677 574 848 648 Hectorem,
869 575 1024 635 Priamum.
1065 576 1113 635 Fit
1132 577 1192 652 ita,
1212 591 1245 636 ut
1259 577 1316 658 ipsi

74 671 232 751 singulos,
261 685 337 730 recte
366 694 382 730 a
411 693 440 730 se
469 664 611 731 invicem
627 670 783 745 discretos,
803 658 1010 749 dijudiceinus:
1032 673 1104 732 alios
1121 674 1328 749 admiremur„

77 769 281 848 vituperemus
302 769 388 828 alios:
411 769 473 828 illis
492 769 640 828 faveamus
660 769 692 826 in
714 769 799 826 rebus
819 770 960 848 agundis,
982 769 1029 829 his
1048 771 1221 829 irascamur:
1243 771 1316 832 duos

75 887 97 925 a
120 868 244 926 caeteris
263 866 400 926 omnibus
420 866 651 946 distinguamus,
672 866 820 947 principes
833 867 971 926 carminis
990 868 1110 942 heroas,
1129 869 1275 929 Achillem
1289 885 1317 929 ct

76 962 247 1024 Hectorem.
278 962 344 1039 Fit,
366 977 399 1024 ut
409 1009 417 1037 ,
437 963 512 1021 lecto
529 963 676 1036 carmine,
697 964 739 1021 sic
758 976 787 1023 et
804 962 862 1043 ipsi
877 961 1042 1040 judicemus
1060 964 1096 1023 de
1116 965 1163 1025 his
1181 967 1317 1026 omuibus

76 1074 112 1121 et
131 1081 200 1119 cum
218 1061 285 1119 aliis
295 1104 305 1133 ,
325 1061 376 1138 qni
395 1058 542 1139 legerunt,
562 1057 600 1117 de
616 1058 720 1118 iisdem
738 1058 932 1139 disputemus,
953 1062 1011 1120 acsi
1029 1082 1089 1120 non
1103 1083 1218 1122 carmen
1233 1064 1317 1143 legis·

75 1179 180 1217 semeis
190 1203 199 1231 ,
227 1155 278 1215 sed
304 1157 360 1237 ipsi
389 1155 597 1215 certaminibus
620 1155 681 1214 illis
699 1158 813 1219 cunctis
830 1170 859 1214 et
878 1159 1058 1217 sermonibus
1076 1159 1316 1221 interfuissemus.

74 1255 278 1329 Quamobrem
307 1276 368 1313 non
396 1255 494 1333 inepte
523 1252 604 1313 Plato
632 1254 775 1311 dramata
801 1267 884 1312 vocat
902 1254 1025 1314 Iliadem
1046 1269 1073 1314 et
1092 1256 1259 1336 Odyssean.
1285 1255 1314 1337 l)

74 1354 185 1432 Neque
200 1353 279 1411 enim
295 1363 516 1410 narrattantum
529 1349 566 1409 de
581 1350 718 1409 heroibus
727 1350 881 1426 Homerus,
892 1352 942 1411 sed
952 1353 1027 1432 ipsos
1037 1353 1135 1427 nobis,
1145 1356 1319 1434 tragicorum

75 1453 192 1525 instar,
209 1463 324 1530 agentes
343 1449 550 1526 loquentesque
570 1448 721 1527 proponit,
743 1461 771 1506 et
790 1468 858 1507 vero
873 1450 913 1507 sic
928 1462 1040 1522 narrat,
1058 1464 1177 1528 atquae
1193 1453 1317 1532 primum
1358 1522 1361 1529 ⁴

74 1548 173 1609 nobis
192 1549 309 1607 confusa
331 1558 537 1627 apparuerant,
559 1545 629 1602 haec
652 1565 704 1602 nos
722 1544 929 1624 distinguendo
948 1544 1201 1626 attendendoque,
1221 1552 1318 1630 prouti

76 1646 117 1705 in
138 1646 312 1726 spectaculis
329 1643 494 1727 spectandis
514 1642 669 1722 procedere
690 1642 831 1717 solemus,
852 1643 995 1702 nobismet
1013 1645 1069 1723 ipsi
1089 1646 1278 1726 explicemus.

119 1743 313 1824 Analyticam
330 1742 405 1801 hanc
428 1762 488 1800 esse
508 1741 638 1798 diximus
658 1737 826 1819 exponendi
846 1740 1051 1818 scribendique
1069 1743 1221 1804 rationem.
1247 1746 1320 1805 Nam

76 1841 204 1925 pmpria
230 1840 330 1900 eadem
355 1853 397 1899 est
424 1838 595 1897 dialecticae
624 1837 804 1896 Platonicae«
851 1837 988 1916 Analysis
1015 1837 1096 1918 apud
1123 1859 1207 1916 eum,
1227 1856 1260 1900 ut
1287 1845 1319 1903 in

79 1938 232 2017 Sophiste
258 1951 289 2017 et
312 1937 443 1996 Politice
470 1935 616 2008 vidimus,
648 1934 680 1993 in
700 1926 811 2011 medips
827 1954 879 1993 nos
899 1935 1103 1994 continuares
1123 1939 1208 2017 rapit.
1250 1942 1315 2015 Quo

75 2037 204 2121 plenius
232 2035 393 2116 explicaret
422 2035 555 2106 Eleates,
575 2031 651 2111 quid
675 2029 851 2112 sophistica,
875 2031 948 2110 quid
971 2031 1091 2113 politica
1119 2049 1211 2110 esset,
1240 2050 1315 2096 artes

77 2134 175 2197 nobis
202 2135 327 2215 primum
351 2146 380 2192 et
400 2131 548 2215 doctrinas
577 2130 728 2190 universas
756 2129 923 2210 proposuit,
945 2143 977 2189 ut
1002 2150 1069 2189 oum
1090 2131 1153 2211 ipso
1169 2154 1216 2193 eas
1234 2132 1317 2193 dein·

77 2254 155 2314 ceps
176 2232 248 2291 alias
277 2232 315 2291 ab
342 2232 408 2290 aliis
426 2224 625 2302 cerneremus,
645 2227 850 2305 cernendoque
872 2227 1057 2287 continenter
1083 2230 1319 2309 progredientes,

78 2329 276 2412 sophisticam
300 2329 420 2391 tandem
448 2328 572 2404 itemque
602 2326 751 2407 politicam
780 2346 846 2401 cum
875 2346 1108 2403 assequeremur,
1138 2339 1200 2386 tum
1225 2329 1321 2408 qualis

79 2444 209 2508 umque
228 2441 301 2487 esset
318 2445 559 2506 cognosceremus.
599 2425 665 2483 Non
682 2423 797 2484 diversa
816 2423 854 2481 ab
872 2421 927 2481 hac
947 2423 1076 2483 Platonis
1093 2425 1228 2486 methodo
1246 2429 1320 2487 ratio

79 2542 129 2591 est
139 2573 148 2603 ,
170 2547 256 2606 quam
279 2526 312 2584 in
331 2522 487 2583 narrandis
510 2520 750 2602 exponendisque
769 2520 889 2579 heroum
907 2520 994 2579 rebus
1015 2523 1101 2600 gestis
1119 2523 1261 2582 Homerus
1278 2539 1321 2584 est

79 2638 221 2688 secutus:
243 2638 364 2704 utraque
386 2617 588 2679 discernendis
611 2618 667 2692 iis,
686 2638 761 2697 quae
780 2619 906 2698 primum
927 2618 1045 2677 fuerant
1064 2620 1203 2693 confusa,
1224 2642 1321 2700 proce·

81 2724 152 2799 dit,
173 2736 203 2782 et
225 2721 329 2781 similis
351 2719 440 2800 plane
469 2717 618 2794 utriusque
639 2717 753 2774 effectus
780 2729 831 2775 est.
874 2716 945 2774 Nam
968 2716 1010 2774 uti
1038 2716 1120 2774 Plato
1140 2715 1194 2774 hac
1216 2717 1321 2777 distin·

80 2819 199 2903 guendi
224 2817 379 2898 diligentia
406 2813 518 2874 efficere
547 2813 666 2873 tandem
693 2812 809 2887 studet,
831 2826 863 2871 ut
887 2813 964 2873 uotis
992 2813 1167 2891 quibusdam
1195 2802 1317 2875 'certisa

81 2918 210 2979 caeteris
226 2915 363 2976 omnibus
377 2906 535 2994 sophistarii
553 2926 581 2971 et
609 2910 761 2991 politicum
779 2909 994 2980 discernamus,
1017 2911 1057 2968 ita
1084 2911 1206 2990 legenda
1225 2913 1319 2973 Iliade

83 3028 204 3077 nosmet
219 3015 275 3095 ipsi
295 3025 396 3093 sponte
417 3025 514 3070 nostra
532 3030 599 3068 cum
627 3007 749 3081 aliorum
776 3007 951 3067 Graecorum
972 3009 1218 3088 Troianorumque
1229 3056 1238 3085 ,
1260 3025 1321 3069 tum

82 3111 217 3177 Achillis
243 3124 272 3170 et
301 3109 451 3183 Hectoris,
482 3108 651 3189 praesertim
679 3105 803 3165 Achillis
830 3104 1103 3165 characteristicum
1132 3110 1320 3189 concipimus.

83 3211 147 3273 sed
170 3209 253 3288 quod
272 3211 308 3267 de
326 3209 484 3283 industria
504 3206 563 3285 egit
590 3204 690 3278 Plato,
711 3225 800 3283 quum
821 3203 852 3261 in
880 3202 1014 3284 Sophista
1036 3217 1065 3260 et
1084 3204 1205 3263 Politiao
1227 3207 1319 3287 ipsam

83 3306 233 3387 exemplis
257 3305 417 3387 explicaret
436 3292 611 3385 analyticam
630 3315 737 3376 artem,
758 3301 790 3360 id
809 3302 916 3383 plane,
939 3314 970 3358 ut
992 3302 1132 3362 Homerus
1152 3316 1180 3362 et
1200 3306 1320 3384 tragici,

84 3414 193 3485 ponte
211 3403 304 3462 effecit
322 3402 438 3483 scriptis
457 3401 526 3460 suis.

179 3597 378 3677 Congrua
406 3604 507 3654 auat
531 3596 661 3672 plane
689 3567 946 3651 Platonicae
976 3594 1240 3654 dialecticae

454 3701 624 3769 scripta
649 3691 864 3750 Platonis.

129 3888 209 3975 Sqnt
237 3886 349 3947 scilicet
378 3888 493 3968 dialogi
520 3889 626 3968 scripta
654 3887 724 3946 illa:
757 3885 890 3966 dialogus
920 3898 1032 3963 autem,
1053 3888 1104 3966 qui
1132 3901 1161 3948 et
1181 3910 1249 3950 vere
1269 3888 1323 3948 hoe

90 3988 212 4049 nomine
232 3998 371 4061 vocatur,
393 3999 422 4044 et
442 3985 600 4065 diligenter
617 3986 658 4044 ita
676 4006 692 4044 a
713 3984 828 4064 vulgari
854 3982 1000 4064 colloquio
1019 3985 1230 4066 distinguitur,
1251 3985 1324 4063 quid

88 4084 252 4157 aliudest·
270 4062 355 4161 quam
384 4082 513 4142 drama?
544 4083 644 4160 Itaque
672 4084 732 4142 sive
758 4081 958 4164 symposium,
980 4084 1042 4144 sive
1060 4083 1241 4158 Phaedrum,
1261 4084 1324 4144 sive

90 4201 296 4273 quemcunque
322 4179 441 4240 tandem
458 4181 588 4241 Platonis
605 4179 753 4260 dialogum
774 4181 912 4260 legimus,
933 4183 966 4240 in
980 4181 1089 4240 medias
1107 4203 1159 4240 nos
1177 4201 1221 4239 res
1239 4180 1327 4240 indu·

127 4388 156 4453 1)
177 4390 214 4439 lle
232 4391 293 4458 llep.
307 4387 349 4440 lli.
364 4386 416 4439 394
433 4389 461 4438 B.

1100 4472 1139 4530 20
