2796 5048
666 258 726 318 53¹1

81 424 204 502 deatur,
225 422 304 505 quod
324 423 363 484 ad
383 436 460 483 recte
476 421 705 504 cognoscendam
721 423 812 482 animi
832 437 965 484 naturam
982 421 1170 503 requiramus.
1189 423 1296 498 Verum,

80 523 230 608 perspecta
260 521 348 582 bacco
385 521 535 601 utriusque
565 521 643 596 viri,
675 522 776 604 optimi
804 534 832 581 et
862 518 997 603 pessimi,
1022 539 1113 601 'quam
1143 521 1175 581 in
1199 521 1299 581 Politia

81 643 162 683 nunc
181 619 267 681 nobis
287 619 434 695 ostendit,
455 619 569 700 specie,
589 619 724 701 supplere
752 618 851 695 illud,
871 620 904 679 ni
924 618 1076 694 fallimur,
1096 632 1186 681 totum
1206 620 1300 681 licebit.

80 721 154 783 llam
182 732 341 779 monstrum
365 716 465 793 istud,
495 737 553 797 quo
582 716 758 799 cupiditates
780 718 872 779 animi
898 715 1093 798 significavit,
1115 731 1226 798 praeter
1242 717 1302 777 feras

82 816 315 895 indomitasque,
344 829 507 877 mansuetas
533 815 619 877 etiam
639 816 819 897 optimusque
838 813 1012 896 cupiditates
1030 815 1182 876 continet:
1203 815 1234 875 in
1248 817 1302 895 qui·

81 914 137 977 bus
165 913 240 976 alter
267 913 319 972 illc
345 933 442 988 amor,
469 914 502 973 in
531 913 671 974 Phaedro
689 936 715 1001 Ιο
743 913 864 977 Platone
894 926 924 972 et
951 911 1304 992 Symposio‘rehementer

83 1010 319 1088 commendatus,
344 1012 488 1097 insignem
514 1032 583 1073 sane
611 1011 707 1073 locum
735 1011 833 1073 bmet.
874 1010 1055 1090 Adiunctum
1078 1023 1176 1072 autem
1196 1024 1305 1073 monstro

83 1113 194 1170 leonem
223 1129 303 1170 nuuc
332 1111 496 1185 ceruimus,
518 1109 569 1189 qui
589 1109 697 1171 rationi
716 1109 875 1186 obediens,
895 1122 924 1170 et
941 1109 1016 1171 feras
1034 1129 1217 1190 compescere
1235 1110 1305 1190 cupi·
1347 1134 1350 1195 g

82 1208 207 1284 ditatos,
226 1221 255 1269 et
283 1207 440 1269 mansuetis
464 1206 600 1288 prodesse
625 1206 749 1283 debeat,
778 1229 834 1288 qua
857 1207 912 1271 τοῦ
937 1200 1121 1286 θνρὶοιιδοῦς
1148 1207 1258 1269 inuicta
1276 1207 1307 1265 vis
1347 1248 1350 1297 l

81 1310 273 1394 significatur.
313 1308 350 1371 Id
379 1308 430 1371 ubi
450 1306 658 1372 attenderimus
679 1310 856 1392 diligenter,
876 1310 922 1371 nil
941 1311 1016 1388 erit,
1037 1310 1120 1390 quod
1134 1313 1167 1375 in
1185 1331 1306 1391 equoruu
1348 1326 1350 1363 :

80 1424 166 1490 atque
195 1408 313 1488 aurigae
341 1428 406 1467 cum
437 1397 534 1469 animo
564 1409 777 1489 comparatione
800 1407 1006 1471 desideremus.
1047 1411 1122 1471 Nam
1149 1409 1236 1471 alteri
1251 1431 1307 1489 equo
1348 1410 1350 1479 ξ

82 1507 150 1581 illi,
181 1504 227 1591 τῷ
257 1499 363 1590 ὀρθῷ,
395 1503 440 1591 τῷ
469 1498 592 1592 adarim,
622 1506 693 1586 qui,
725 1520 758 1569 ut
784 1519 968 1582 mansuetus,
997 1506 1082 1569 freno
1101 1506 1245 1569 obediam
1261 1520 1307 1579 est,

82 1626 141 1668 non
162 1606 255 1669 solum
279 1606 350 1667 recti
379 1627 504 1667 amorem
513 1624 527 1683 ,¹
544 1606 596 1670 sed
615 1607 677 1668 rim
695 1599 768 1667 item
785 1618 815 1667 ct
832 1603 922 1667 robur
936 1602 993 1668 τοῦ.
1007 1603 1198 1684 θυμοειδοῦς
1213 1605 1308 1667 tribue

82 1730 155 1773 mus.
197 1710 241 1771 Ita
270 1730 339 1773 vero
366 1709 444 1771 nibil
476 1709 552 1786 erit,
581 1709 661 1791 quod
682 1709 811 1790 requirat
829 1709 922 1783 ratio,
953 1721 985 1770 ut
1003 1729 1057 1769 nos
1074 1723 1161 1771 recte
1174 1709 1308 1789 gubernet

81 1806 306 1871 Observandum
334 1807 388 1871 hoc
409 1806 569 1884 duximus,
590 1822 623 1870 ut
641 1808 733 1889 ipsius
752 1805 921 1889 philosophi
945 1807 976 1865 in
997 1805 1239 1888 philosophando
1256 1827 1308 1888 prr

81 1906 257 1984 gnomonem
286 1905 518 1967 attenderemus:
541 1919 602 1969 tum
628 1926 697 1969 vero
716 1906 860 1981 maxime,
881 1918 914 1965 ut
931 1904 965 1967 iu
982 1903 1037 1965 huc
1058 1903 1215 1967 Platonica
1238 1905 1308 1965 animi

83 2004 309 2084 perscrutatione
337 2003 398 2065 uim
417 2005 523 2066 amoris
545 2024 772 2085 agnosceremus.
813 2004 905 2078 Nam,
927 2016 959 2062 ut
975 2001 1142 2085 completur
1159 2002 1309 2084 perficitur·

82 2121 138 2180 que
166 2100 221 2162 bac
249 2102 400 2181 utriusque
427 2101 554 2165 hominis
580 2102 694 2183 specie,
713 2100 794 2180 quod
818 2100 852 2163 in
876 2101 1018 2161 Phaedro
1045 2099 1266 2176 desideramus,
1282 2101 1309 2161 ita

83 2218 221 2278 equorum
252 2198 305 2258 illa
332 2199 364 2258 in
396 2199 534 2259 Phaedro
555 2200 647 2280 imago
677 2220 736 2258 una
765 2199 895 2258 omnium
923 2198 1048 2257 maxime
1077 2199 1218 2258 animum
1244 2197 1309 2258 nobis

82 2309 175 2357 totum
201 2296 433 2376 cognoscendum
462 2297 591 2379 praebet.
633 2297 681 2357 Sic
708 2296 786 2358 enim
814 2316 872 2357 sese
891 2317 936 2359 res
960 2295 1061 2358 babet:
1083 2297 1146 2357 nisi
1163 2310 1309 2361 mansuetae
1348 2320 1350 2335 ¹

82 2393 276 2473 honestaeque
307 2393 392 2453 nobis
416 2384 545 2457 inessent
573 2394 766 2479 cupiditates,
796 2394 829 2454 in
855 2393 904 2453 bis
926 2394 1094 2476 praesertim
1127 2396 1202 2455 recti
1232 2415 1309 2465 amor,

83 2512 162 2577 amor
188 2490 335 2569 Uranius,
366 2493 416 2571 qui
447 2492 564 2553 stimulo
591 2493 658 2568 isti3
679 2514 763 2572 quem
784 2493 817 2552 in
837 2506 962 2573 tyranno
980 2490 1251 2572 deprehendimus,
1266 2485 1310 2552 'ne-

82 2588 151 2648 farii
178 2589 331 2670 insanique
360 2591 464 2651 amoris
492 2591 654 2650 contrarius
681 2603 741 2666 est,
762 2599 864 2669 monte
893 2588 973 2650 baud
1002 2589 1089 2649 facile
1110 2606 1212 2652 nostra
1230 2607 1257 2652 et
1273 2593 1309 2648 lu-

83 2686 187 2745 benter
202 2684 240 2747 ad
260 2687 397 2747 virtutem
415 2684 644 2770 procederemus.
1010 2696 1013 2701 ’

1348 2786 1350 2833 Ι

143 2907 384 2985 Defuturu
406 2917 659 2986 justissimi
685 2912 868 2970 heminis
894 2920 932 2970 ot
960 2896 1264 2987 injustissimi
1347 2902 1350 3051 ³

419 3010 987 3087 postmortemccuditione.

124 3220 265 3284 Venimus
287 3223 348 3297 jam
371 3219 410 3281 ad
441 3221 566 3282 sublime
592 3221 623 3280 in
648 3220 832 3304 philosophia
852 3223 981 3283 Platonis
1004 3221 1148 3303 placitum
1160 3256 1172 3298 ρ
1193 3219 1310 3303 quodde

82 3319 244 3379 animorum
263 3318 478 3380 immortalitate
495 3331 557 3395 est;
578 3316 661 3379 ducit
680 3319 759 3379 onim
777 3341 831 3380 nos
848 3319 922 3381 illuc
941 3319 1079 3401 deinceps
1099 3320 1255 3396 Socrates,
1272 3316 1310 3377 ubi

81 3415 119 3478 de
137 3419 325 3479 contentione
342 3417 416 3496 justi
434 3415 562 3478 hominis
581 3414 620 3503 ad
641 3417 759 3478 virtutis
779 3417 953 3499 reportanda
974 3419 1104 3499 praemia
1122 3421 1197 3501 agit.
1231 3408 1311 3478 «Mt
1347 3416 1350 3481 i

81 3536 136 3594 γος
161 3508 233 3595 yde,
261 3504 492 3596 aitpo‘o'ucdr,
518 3507 545 3577 ul
574 3512 643 3597 pila
670 3509 828 3590 studens,
855 3511 968 3597 μέγας,
991 3513 1050 3598 οὐχ
1068 3510 1143 3592 ὅσος
1174 3509 1310 3595 domiso*
1348 3490 1350 3525 Ι

81 3605 220 3697 χρηοτὸν
247 3611 270 3699 ἢ
300 3611 388 3678 κακον
407 3611 564 3698 γενέσθαι·
592 3638 739 3698 magnum
767 3629 812 3678 eat
837 3628 1043 3695 certcmcu,c
1068 3629 1170 3681 amice
1193 3622 1311 3692 oleru,

81 3740 227 3798 maguum
254 3732 285 3778 et
313 3729 415 3797 majus
453 3729 545 3778 etium
586 3741 677 3799 quum
706 3719 847 3793 uidetur,
878 3720 984 3778 ὂονιννη
1012 3720 1087 3797 fiori
1116 3732 1175 3780 out
1203 3723 1309 3780 mauu.

80 3817 196 3892 Quibus
214 3818 383 3900 subjungit:
404 3815 453 3877 uui
473 3812 537 3898 μήν
555 3810 593 3878 τά
608 3838 640 3898 γε
655 3810 781 3896 μέγιστα
794 3811 933 3897 ἐπίχειρα
951 3810 1061 3898 ἀρετῆς
1076 3816 1128 3878 uui
1149 3816 1311 3899 upoxar'pum

80 3908 166 4002 ἆθλα
195 3910 231 3976 οὐ
252 3910 484 3997 διεληλνύθαμεν·
506 3930 596 4001 atqua·
620 3927 893 3997 maximosquae‘
909 3927 1023 3978 uirtuti
1049 3930 1210 3998 proposito
1235 3929 1310 3990 runt,

78 4026 218 4096 praemio
248 4041 305 4079 non
330 4029 572 4080 mensor-urimur.
615 4020 690 4078 Tum
720 4014 849 4075 Glauco:
875 4009 1038 4099 ἀμήχανόν
1063 4040 1091 4079 τι
1117 4013 1214 4099 λὲγεις
1237 4014 1309 4100 μὲν»

82 4119 163 4188 θος,
193 4113 219 4176 εἰ
247 4118 307 4178 τῶν
334 4112 500 4200 εἰρημένων
518 4113 616 4195 μείζω
639 4115 720 4177 ἐστὶν
739 4111 830 4178 ἄλλα·
853 4124 1000 4179 immensu
1020 4121 1098 4180 dicis
1110 4125 1311 4200 pruentia,ri
1348 4108 1350 4113 ¹

79 4241 138 4296 qun
166 4226 284 4294 rnujoru
309 4232 382 4279 runt
408 4223 474 4297 bia,
504 4241 580 4298 quoe
610 4221 784 4281 retulimus.
827 4219 880 4279 Cui
906 4218 1054 4277 Socrates:
1080 4216 1114 4280 τί
1139 4214 1168 4279 d’
1185 4215 1225 4281 dir
1244 4214 1309 4296 isra

78 4313 169 4402 ὀλίγῳ
195 4312 299 4404 χρόνῳ
320 4315 397 4399 μέγα
418 4314 547 4401 γένοιτος
574 4316 632 4392 ποῖς
651 4312 708 4400 peip
730 4308 820 4393 οὗτός
840 4340 872 4398 ys
893 4313 913 4381 o‘
934 4315 967 4380 du
987 4313 1097 4395 παιδος
1115 4315 1215 4404 μέχρι
1235 4339 1309 4403 προσ·

79 4413 174 4499 ration
195 4415 307 4502 χρόνος
328 4416 407 4504 πρός
427 4415 524 4481 πάντα
545 4414 643 4501 ὀλίγος
664 4412 724 4481 κου’
744 4441 787 4493 τις
817 4414 854 4480 ἃν
885 4416 948 4503 εἴη·
980 4423 1055 4498 quid
1078 4421 1164 4483 brevi
1189 4433 1224 4483 ira
1251 4433 1308 4482 tem·
