2796 5048
702 244 762 337 3b2

92 412 224 499 'spectat
252 422 302 471 aut
332 407 470 485 requirit:
504 406 572 463 hinc
605 419 701 464 antem
729 408 760 464 in
782 406 884 486 primis
901 410 1113 489 praestantiam
1135 408 1241 471 babet.
1279 408 1348 485 Quod

115 517 185 574 item
204 510 290 573 nobis
306 505 360 567 illc
380 503 525 563 Socratica
544 518 572 562 et
592 503 741 564 Platonica
762 506 873 564 ratiom
892 505 1066 585 explicabit.

84 670 88 675 ,
157 608 294 670 Studium
310 594 390 665 illud
408 600 621 680 cognoscendi,
641 602 696 677 ait,
719 615 776 660 tarn
794 602 889 661 brutis
907 604 1126 683 animantibus,
1143 626 1237 685 quam
1255 604 1354 665 bomini

68 728 89 765 ε·
117 710 219 768 natura
247 700 395 774 inditum,
426 699 566 777 ejusmodi
596 713 655 775 est,
683 713 714 759 ut
742 722 803 761 non
822 714 939 780 quaerat
959 702 1120 763 utilitatem
1130 706 1266 787 ,ipsum
1283 718 1357 764 semet

116 816 286 866 contentum
303 798 350 859 ait
372 796 534 879 Χιορὶς
494 821 549 879 της
563 795 667 879 χρειας
687 798 825 859 animalia
844 800 940 858 omnia
959 800 1062 860 audire
1081 801 1209 881 aliquid
1224 817 1255 863 et
1271 801 1358 863 videre

116 904 260 985 gestiunt:
290 900 399 980 pariter
427 900 530 977 homo;
558 902 673 981 sapiens
696 919 783 972 vcro,
809 897 893 956 missa
912 900 990 957 omni
1011 898 1158 959 utilitatis
1178 922 1253 982 spe,
1273 880 1358 961 remit

115 999 266 1062 scientiam
286 1005 383 1076 e'pae'm
402 1006 546 1056 scientiae
563 999 663 1058 caussa
681 997 801 1077 appetit.
843 995 878 1055 ld
897 994 1009 1055 scilicet
1027 998 1201 1078 sapientiae
1218 1000 1358 1081 proprium

106 1115 166 1165 :est
197 1090 243 1156 Τδ
263 1088 321 1176 γάρ
343 1090 559 1171 αἰσθάνεσθαι,
581 1088 829 1157 πάντων-κοινόν·
852 1087 900 1154 διδ
921 1087 1039 1179 ῥᾴδιον,
1062 1093 1114 1155 καὶ
1140 1091 1238 1158 οὐδὲν
1261 1091 1357 1177 copie·

114 1190 159 1261 ἔτι
178 1191 232 1261 adr
258 1191 464 1279 ἀκριβέστερον
487 1198 537 1260 καὶ
563 1189 617 1260 teir
645 1189 927 1277 διδασκαλικώτερον
952 1196 1014 1257 τοῖν
1040 1195 1169 1273 αἰτίαιν,
1195 1193 1358 1281 σοφώτερον

113 1292 188 1363 εἶναι
207 1295 276 1382 περὶ
297 1298 394 1358 πᾶσαν
416 1294 598 1383 ἐπιστήμην·
619 1299 668 1363 καὶ
688 1298 752 1360 τῶν
773 1296 945 1378 ἐπιστημῶν
964 1295 1000 1360 δὲ
1014 1293 1072 1381 τήν
1087 1294 1194 1383 αὐτῆς
1210 1297 1306 1363 ἕνεκεν
1319 1300 1358 1361 rui

112 1402 169 1465 τοῦ
188 1394 297 1463 aldium
318 1394 409 1480 χάριν
430 1396 550 1485 αλρετὴν
577 1395 683 1476 οὖσαν,
704 1400 818 1480 μᾶλλον
839 1394 912 1462 εἶναι
933 1399 1067 1483 σοφίαν
1088 1396 1111 1484 ἢ
1136 1399 1281 1487 rejectio
1294 1399 1357 1465 αἰιο-

112 1497 278 1587 duodenae
300 1498 400 1563 ἕνεκεν.
425 1504 453 1585 l)
483 1507 584 1585 Itaque
614 1519 765 1586 postquam
795 1519 869 1564 artes
897 1526 996 1565 omnes
1018 1504 1057 1566 ad
1088 1507 1190 1567 vitam
1222 1508 1310 1567 utiles
1334 1520 1356 1566 et

113 1606 291 1666 necessariae
310 1606 447 1665 inventae
469 1618 554 1679 sunt,
585 1603 701 1663 tandem
722 1603 818 1663 excoli
840 1602 991 1663 doctrinae
1022 1618 1210 1684 coeperunt:
1241 1626 1316 1685 quae
1329 1626 1355 1664 co

114 1707 222 1783 majore
250 1702 368 1762 habitae
398 1703 461 1762 loco
490 1716 577 1777 sunt,
608 1724 665 1781 quo
694 1703 790 1761 minus
822 1701 991 1782 spectabant
1011 1701 1197 1778 utilitatem,
1219 1704 1314 1781 iisque
1328 1704 1354 1762 iu

115 1802 282 1882 regionibus
301 1800 434 1860 excultae
455 1816 524 1860 sunt
544 1801 684 1874 maxime,
705 1800 738 1859 in
757 1799 864 1877 quibus
883 1790 974 1859 otium
994 1813 1078 1859 erant
1097 1802 1187 1861 nacti
1208 1802 1353 1881 sapientes

115 1902 224 1961 Iccirco
252 1898 286 1959 in
315 1901 445 1978 Aegypto
474 1899 688 1958 mathematicae
718 1912 792 1956 artes
820 1899 1030 1957 constiterunt:
1066 1886 1136 1956 illic
1167 1898 1252 1957 enim
1280 1898 1352 1958 otiari

117 1998 224 2059 licebat
252 1995 432 2057 sacerdotum
460 1998 548 2076 genti.
590 1996 650 2056 Nec
676 2017 746 2058 vero
770 1997 885 2056 mirum.
916 1995 972 2055 Illa
1000 1995 1080 2054 enim
1100 1998 1203 2076 magis
1221 1996 1353 2078 sapientia

114 2096 250 2156 habenda
268 2109 329 2168 cst,
351 2116 424 2173 quae
444 2094 566 2173 imperat
584 2094 665 2174 ipsa,
686 2115 771 2173 quam
791 2114 864 2172 quac
882 2094 949 2153 aliis
966 2093 1171 2174 obtemperat:
1196 2118 1260 2157 non
1277 2116 1352 2176 opor·

114 2208 155 2254 tet
174 2185 443 2255 ἐπιτάττεσθαι
406 2215 460 2252 τοι
481 2186 590 2271 σοφόν,
619 2187 680 2251 ἀλλ’
702 2185 877 2266 ἐσιταττειν,
903 2189 952 2253 καὶ
973 2186 1009 2252 οδ
1033 2191 1145 2253 τοῦτον
1160 2186 1274 2285 ἑτέρῳ
1299 2190 1352 2253 τιεί·

114 2296 246 2371 daudet,
275 2284 350 2354 αλλδ
377 2288 474 2376 τούτῳ
500 2313 556 2352 τοι
583 2282 676 2374 ἧττον
705 2316 807 2375 σοφον.
849 2295 960 2356 Patet
952 2296 1058 2374 igitur,
1081 2286 1124 2367 aig
1155 2270 1201 2357 δι’
1209 2291 1352 2375 οὐδεμία

114 2389 209 2475 αδτην
231 2394 382 2477 ζητοῦμεν
401 2392 506 2477 χρείαν
528 2389 648 2477 ἑτέραν,
670 2392 732 2456 αλλ
754 2390 853 2476 ὡσπερ
876 2386 1042 2473 ἄνθρωπός
1062 2416 1173 2475 φαμεν
1202 2390 1351 2475 ελεδδερος

114 2490 134 2557 ο’
155 2490 249 2558 αὑτοῦ
269 2494 353 2558 ἕνεκα
373 2496 422 2557 καὶ
441 2492 487 2579 μή
509 2490 615 2573 ἄλλοι),
638 2490 733 2572 οδτοις
753 2498 802 2560 καὶ
824 2492 900 2579 arieti
922 2488 1181 2585 pedrqdlrvstdpa
1203 2496 1282 2565 οδσει
1300 2500 1351 2563 coir

114 2596 300 2683 ἐπιστημῶν·
322 2594 417 2681 μόνη
440 2590 509 2682 ycip
532 2592 628 2683 αὕτη
650 2596 771 2685 αὐτῆς
792 2595 911 2663 ἕνεκέν
932 2588 1039 2658 ἐστίν.
1060 2600 1139 2683 Ergo
1149 2620 1236 2665 recte
1255 2605 1350 2683 aliquis

112 2700 312 2763 inhominem
333 2725 392 2762 non
409 2702 511 2762 cadere
529 2705 590 2782 ejus
607 2704 813 2784 possessionem
829 2700 957 2763 dixerit:
977 2700 1119 2785 πολλαχῇ
1139 2697 1208 2782 yoip
1230 2698 1253 2785 η’
1273 2696 1350 2782 priore

112 2793 205 2881 δούλη
227 2802 289 2861 τῶν
310 2790 487 2881 ἀνθρώπων
508 2799 601 2862 ἐστίν·
644 2817 835 2863 veruntamen
854 2822 914 2860 non
935 2802 1052 2862 invidet
1070 2802 1255 2867 hominibus
1273 2808 1348 2875 Deus,

111 2924 203 2982 neque
219 2903 307 2962 aliam
325 2925 377 2963 nos
396 2903 479 2963 decet
489 2906 595 2982 majore
611 2892 885 2980 hunorehabe1·e:q'
906 2892 964 2982 γάρ
980 2893 1125 2982 θειοτάτη
1140 2900 1198 2962 καὶ
1216 2893 1347 2981 τιμιωτά-

109 3023 158 3081 τη.
178 3000 211 3083 2)
240 3001 297 3060 Sed
316 2999 474 3061 denatura
493 3016 522 3061 et
541 3001 716 3061 excellentia
736 2998 855 3060 divinae
876 3000 964 3081 hujus
980 3002 1120 3061 scientiae
1141 3003 1299 3066 diximus:
1317 3003 1346 3063 dt

109 3105 173 3181 eius
192 3100 292 3160 line
270 3120 312 3157 sic
331 3097 447 3157 disserit
467 3114 574 3160 auctor.

150 3201 204 3257 Per
224 3195 445 3255 admirationem
464 3195 597 3257 homines
616 3209 645 3255 et
663 3212 744 3257 nunc
764 3211 792 3256 et
809 3199 936 3277 primum
955 3198 1163 3279 philosophari
1186 3200 1344 3283 coeperunt

108 3319 142 3356 ac
162 3295 309 3377 principio
327 3289 446 3372 qiuidem
464 3292 636 3355 admirando
655 3316 728 3375 quae
748 3290 835 3356 obvia
855 3310 940 3355 sunt:
967 3295 1076 3356 deinde
1104 3298 1279 3378 paulatim
1285 3298 1344 3357 ulta

108 3397 171 3455 rius
186 3390 396 3474 procedentes,
419 3391 455 3450 de
472 3391 630 3471 majoribus
648 3391 805 3467 dubitant,
837 3392 930 3453 veluti
950 3393 986 3452 de
1014 3380 1295 3475 vicissitudinibdi·
1296 3396 1344 3460 la-

108 3516 183 3568 nae,
212 3492 300 3565 solis,
331 3490 498 3565 stellarum,
529 3488 622 3571 deque
651 3490 783 3549 universi
812 3492 1007 3571 generatione.
1048 3493 1108 3566 Qui
1135 3516 1214 3557 vero
1224 3464 1343 3598 ¹¹iubata

107 3604 192 3670 atque
223 3590 518 3668 admiratu1,putat
548 3612 577 3648 se
608 3590 886 3668 ignorare:qua1e
915 3568 1208 3673 ΡλιίλοεορλιεῖδΕ

108 3684 280 3770 φιλόμυθος
301 3703 362 3747 est:
394 3688 497 3766 μῦθος
517 3688 595 3748 enim
620 3684 806 3746 mirabilibus
836 3684 957 3746 constat.
1000 3670 1209 3761 Quocirca*
1176 3710 1220 3749 si
1215 3612 1342 3773 ··-ἳῖσομτδ

108 3792 205 3871 fugam
236 3791 416 3870 ignorantiae
445 3784 642 3869 philosophati
670 3798 739 3842 sunt
764 3782 915 3859 homines,
945 3799 1043 3865 patet,
1083 3782 1341 3881 cognospentlieos

106 3890 205 3949 caussa
223 3886 376 3947 scientiam
393 3899 568 3967 prosecutos.
589 3880 621 3962 3)
649 3882 726 3940 Et
703 3903 744 3941 suc
763 3880 881 3959 quidem
909 3882 1025 3961 peperit
1048 3866 1290 3967 'pbilotbpffl'r
1284 3870 1340 3946 ad-

106 3988 229 4047 miuatio.
275 3987 313 4045 Ut
345 4006 412 4045 vero
442 3986 475 4043 in
504 3982 583 4042 omni
613 3980 815 4057 disquisitione
846 3979 879 4039 id
900 3978 984 4037 nobis
1006 3993 1282 4081 extremum-‘esta
1273 3978 1338 4063 i'prod

141 4265 165 4330 l)
184 4266 263 4317 Arist.
278 4264 395 4331 Metaplr..
414 4261 433 4311 l.
452 4277 479 4326 p.
496 4263 520 4310 la.

140 4350 166 4414 2)
185 4351 222 4402 ld.
243 4352 294 4400 εοδ.
314 4366 340 4415 p.
358 4344 449 4399 3-6,

140 4434 377 4499 ἮΜΜμο
