2796 5048
665 236 724 300 ars
805 317 808 322 ‚

67 404 182 485 primis
208 399 406 461 conditionem
434 398 583 460 declarare
611 396 737 459 studuit:
767 392 845 476 quod
873 392 958 452 nobis
984 392 1112 470 deinde,
1144 396 1195 459 nbi
1225 410 1312 457 totam

69 500 233 581 legerimus
251 510 279 557 et
297 499 514 577 exposuerimus
533 498 790 578 comparationem,
811 489 922 574 patebit
939 492 1100 552 manifesto.
1122 493 1202 554 Fecit
1219 509 1314 556 autem

68 596 158 657 illud
183 592 264 655 tanti
290 615 352 653 non
381 595 474 654 solum
502 595 644 675 elegantia
662 608 690 653 et
711 593 886 665 festivitate,
908 589 959 649 sed
977 591 1141 671 diligentia
1157 594 1260 669 etiam,
1281 606 1313 653 ut

70 695 166 757 nobis
182 694 216 752 in
234 691 334 751 fabula
352 693 466 773 singula
486 693 655 772 singulatim
677 691 834 754 videantur
850 687 1119 750 animadvertenda.

117 790 351 870 Descriptionem
384 790 534 850 hominum
567 790 638 849 haec
667 789 840 870 comparatio
870 786 1019 860 continet,
1048 787 1117 865 qui,
1149 802 1181 849 ut
1209 789 1314 869 tulgus

69 889 202 964 essolet,
232 888 285 946 toti
313 889 346 947 in
374 889 486 949 mundo
507 886 707 969 'adspectabili
738 888 855 948 vivunt.
896 884 981 942 Dixit
1005 883 1041 943 de
1070 885 1150 961 illis,
1170 907 1259 964 quum
1276 885 1314 947 de

67 982 273 1068 cognoscendi
297 984 393 1045 st'udio
414 986 535 1065 agebat:
558 979 693 1066 φιλήκοοι
713 996 827 1045 suntet
848 974 1077 1062 φιλοθεάμονες·
1101 998 1313 1065 persequuntur

68 1105 152 1165 quae
178 1080 288 1155 oculis,
319 1103 391 1160 quae
419 1085 553 1160 auribus,
574 1106 648 1165 quae
665 1084 784 1144 caeteris
804 1084 936 1143 sensibus
954 1084 1139 1163 percipiunt3
1163 1103 1224 1141 nou
1244 1102 1313 1142 vero

69 1194 149 1243 sunt
177 1171 342 1259 φιλόσοφοι.
361 1180 391 1261 1)
421 1180 537 1241 Similes
557 1204 637 1242 nunc
659 1182 773 1242 eosdem
793 1182 975 1261 captivorum
995 1179 1087 1255 dicit,
1110 1183 1160 1257 qni
1180 1183 1212 1240 iu
1231 1194 1314 1240 antio

67 1278 226 1340 habitant.
266 1281 338 1338 Nam
366 1279 499 1340 serviunt
528 1279 575 1339 illi
594 1280 726 1339 sensibus
745 1278 823 1352 suis,
845 1292 963 1356 utquae
981 1277 1013 1336 bi
1033 1279 1204 1337 nunciarint
1224 1278 1313 1357 ipsis,

67 1376 137 1437 sola
166 1391 196 1437 et
221 1397 289 1438 vera
307 1390 336 1437 et
354 1377 517 1457 expetenda
548 1378 734 1437 existiment:
756 1375 863 1455 quibus
880 1371 1088 1455 praejudicatis
1105 1375 1313 1456 opinionibus,

67 1480 217 1554 tanquam
248 1475 394 1550 vinculis,
424 1473 673 1554 constringuntur.
724 1474 856 1533 Mundus
890 1486 1004 1548 autem,
1035 1474 1069 1531 in
1098 1494 1156 1551 quo
1185 1473 1312 1548 vivunt,

67 1571 168 1655 plane
195 1572 350 1654 speluncae
377 1571 530 1650 cujusdam
559 1573 761 1633 obscuritatem
789 1572 891 1647 refert,
913 1573 995 1649 cujus
1015 1570 1039 1629 si
1059 1571 1169 1630 aditum
1190 1569 1312 1629 finxeris

67 1683 211 1751 apertum
234 1682 263 1728 ct
282 1668 387 1744 latum,
410 1682 575 1744 uteorum,
596 1690 669 1748 quae
689 1690 776 1750 supra
796 1683 878 1743 sunt,
901 1669 1018 1727 umbrae
1039 1669 1070 1727 in
1092 1689 1124 1726 ea
1140 1681 1312 1750 appareant,

66 1764 167 1847 plane
194 1786 313 1842 cernes,
341 1766 436 1844 qualis
464 1788 562 1826 corum
591 1781 619 1826 et
636 1782 744 1846 quanta
764 1768 879 1826 inscitia
899 1768 945 1826 sit.
988 1765 1143 1825 Simillime
1162 1768 1240 1825 enim
1259 1787 1312 1847 pru

66 1863 164 1923 rebus
192 1865 309 1924 umbras
329 1864 521 1945 adspiciunt,
550 1887 583 1924 ac
612 1866 649 1924 de
675 1865 779 1924 iisdem
806 1865 935 1939 umbris,
965 1865 1047 1943 quasi
1075 1884 1120 1922 res
1144 1878 1255 1939 essent,
1283 1881 1311 1925 et

66 1974 210 2021 statuunt
227 1976 256 2021 et
275 1982 371 2022 secum
389 1963 516 2023 invicem
536 1961 729 2022 contendunt.
771 1961 829 2021 Sed
850 1961 930 2021 Plato
950 1962 1048 2022 uthis
1067 1960 1201 2039 vulgares
1219 1962 1310 2022 homi·

68 2078 147 2130 nes,
179 2061 287 2139 quique
315 2059 400 2140 longe
423 2073 518 2120 essent
539 2083 554 2118 a
577 2059 764 2142 philosophia
782 2060 890 2135 alieni,
912 2059 1072 2141 spectavit,
1093 2060 1133 2118 ita
1151 2061 1310 2138 exagitavit

67 2156 202 2215 maxime
230 2157 315 2233 illos,
345 2159 397 2237 qui
425 2157 477 2219 bos
504 2158 605 2218 ludere
632 2157 713 2217 falsis
730 2158 906 2236 imaginibus
925 2156 1084 2218 studerent.
1125 2157 1191 2215 Non
1211 2156 1309 2236 negli-

66 2253 172 2335 genda
196 2255 308 2315 seilicet
333 2255 419 2314 nobis
447 2270 516 2316 sunt
544 2258 576 2316 in
606 2252 707 2337 speoirs
725 2253 920 2336 descriptione
939 2258 1094 2333 tabulata,
1115 2276 1211 2331 cupre
1232 2276 1309 2332 quae

67 2354 233 2443 miracula
256 2356 419 2413 ostendunt
441 2363 716 2437 praestigiatores:
745 2345 784 2412 rui
811 2347 1077 2435 παραφράγματα,
1102 2346 1179 2434 ὑπὲρ
1206 2342 1249 2413 aiv
1272 2347 1311 2412 ταὶ

67 2444 226 2528 θαύματα
246 2444 480 2532 liddeum)-
504 2453 648 2533 lntelligit
676 2453 819 2531 pictores,
850 2462 967 2535 podtas,
996 2457 1138 2531 musicos,
1160 2455 1313 2534 inprimis

68 2566 221 2629 oratores,
247 2575 319 2634 quos
344 2552 443 2614 ubivis
472 2552 504 2609 in
531 2552 646 2633 scriptis
665 2540 795 2630 γόητας,
811 2561 1063 2632 praestigiatores
1081 2575 1113 2614 ac
1134 2545 1313 2632 φαντασμά-

67 2670 138 2713 των
165 2664 304 2712 oucteree
329 2651 475 2733 appellat,
504 2660 566 2707 tum
591 2671 661 2711 vero
690 2653 815 2711 maxime
839 2652 886 2711 his
904 2649 1072 2709 nominibus
1092 2666 1173 2712 notat
1184 2699 1193 2728 ,
1214 2654 1311 2733 prouti

68 2752 207 2815 vidimus
233 2772 336 2832 supra,
354 2748 385 2829 3)
415 2747 466 2806 ubi
493 2747 530 2806 de
561 2749 692 2808 veritatis
710 2749 808 2808 studio
826 2750 893 2828 agit.
936 2748 1061 2807 Pictores
1079 2751 1165 2808 tertio
1183 2750 1313 2830 gradua

68 2849 200 2913 veritate
228 2849 325 2909 abesse
347 2849 407 2906 ait:
428 2846 536 2926 quippe
556 2866 629 2925 quae
647 2847 683 2905 ab
704 2847 866 2906 artificibus
885 2845 1024 2904 fabricata
1044 2860 1113 2905 sunt
1133 2862 1160 2907 et
1179 2849 1312 2928 proxime

67 2947 111 3009 ab
141 2947 200 3021 iis,
229 2968 301 3024 quae
332 2955 424 3019 eunt,
455 2942 583 3019 absunt,
612 2943 683 3003 haec
712 2944 758 3004 illi
789 2944 943 3004 simulacra
974 2943 1125 3003 imitantur
1140 2946 1312 3061 pingendo.

68 3044 222 3106 Similiter
249 3049 367 3124 poe'tae.
398 3039 547 3118 telonea,
575 3047 629 3115 ait,
651 3035 708 3102 αἀὁ
734 3036 867 3124 Ὁμήρου
896 3034 1075 3123 α’ρξαῖμενοι,
1106 3037 1218 3116 πάντας
1245 3038 1315 3117 ταὶς

66 3134 245 3222 ποιηταιοῦς
272 3165 444 3224 μιμητας
472 3135 690 3203 alduilaru'
669 3144 778 3226 αοετῆς
801 3137 873 3205 εἶναι
899 3142 950 3204 καὶ
978 3143 1040 3204 τῶν
1067 3136 1165 3206 αλλων
1187 3144 1255 3227 περὶ
1273 3135 1315 3206 ὧν

58 3242 208 3317 -παιοῦσι,
226 3242 281 3325 τῆς
302 3240 338 3305 δὲ
358 3239 537 3328 aleariae
557 3265 615 3325 ουχ
637 3238 795 3308 ἅπτεσθαι.
811 3245 843 3327 4)
879 3247 1017 3321 Scilicet,
1038 3247 1144 3326 quod
1135 3269 1168 3306 rn
1187 3246 1315 3308 Platonis

67 3347 205 3426 imagine
233 3347 285 3406 vix
321 3348 392 3408 solet
427 3346 558 3422 attendi,
589 3348 640 3407 scd
668 3349 772 3423 nobis,
803 3345 840 3406 ad
870 3366 931 3403 eam
960 3343 1048 3424 plene
1076 3345 1315 3425 percipiendam,

67 3444 239 3506 necessario
266 3445 558 3506 animadvertendum
581 3459 639 3518 est,
662 3468 722 3505 non
734 3467 845 3523 ⁴remam
866 3442 981 3501 umbras
997 3441 1166 3520 adspiciunt
1184 3443 1294 3522 captivi
1305 3488 1313 3517 ,

66 3544 127 3605 sed
158 3534 213 3614 τᾶς
238 3540 300 3603 τῶν
325 3542 495 3604 σκευαστῶν
523 3537 621 3619 σκιᾶς,
653 3565 754 3601 eorum
786 3541 917 3614 umbras,
939 3561 1015 3617 quae
1035 3549 1103 3596 arte
1121 3549 1194 3596 sunl
1204 3543 1311 3615 facta.

65 3642 217 3703 Eminent
243 3665 328 3725 supra
354 3666 467 3713 murum
496 3666 562 3703 curn
581 3664 648 3704 vasa
672 3641 764 3700 omnis
785 3632 914 3719 generis,
935 3652 997 3696 tum
1014 3650 1123 3696 statuae
1143 3636 1294 3698 bominum
1304 3687 1313 3715 ,

64 3742 195 3819 aliaque
222 3755 281 3801 tarn
308 3743 443 3824 lapidea,
472 3765 557 3821 quam
576 3743 672 3821 lignea
691 3738 846 3810 animalia,
868 3750 928 3794 arte
948 3736 1043 3809 facta,
1064 3756 1185 3814 quorum
1206 3737 1314 3797 formae

102 3983 136 4049 1)
156 3984 273 4054 Dellep.
297 3986 327 4036 V.
348 3987 406 4039 457.
426 3987 458 4040 D.
480 3986 527 4040 Gi.
548 3988 670 4053 luitinp.
684 3985 744 4037 215.

100 4071 136 4137 2)
157 4072 238 4136 Sunt,
266 4076 375 4142 opinor,
402 4077 465 4127 haee
486 4090 732 4149 ααραφραγματα
753 4072 818 4135 illis,
841 4086 907 4139 qliae
929 4086 978 4122 nos
1002 4068 1103 4137 vulgari
1125 4071 1229 4121 nomine
1250 4089 1312 4121 reu-
1358 4140 1367 4155 ⁶

58 4165 143 4219 teleos
162 4178 300 4228 vocamus,
320 4182 372 4218 non
398 4168 541 4221 dissimilia.
585 4170 658 4223 Pone
680 4171 743 4222 latet
771 4151 790 4218 tl
804 4145 1059 4234 despumare,
1087 4180 1163 4232 supra
1185 4170 1312 4233 apparent

58 4249 262 4318 imagunculae
298 4252 396 4322 Vulgus
417 4264 502 4306 autem
525 4256 564 4307 his
583 4266 745 4324 quantopere
766 4257 923 4319 delectetur',
943 4255 1071 4306 novimus.

99 4332 134 4395 3)
155 4334 234 4385 initia
251 4352 275 4402 p.
294 4336 335 4388 81.

97 4418 452 4488 demuma
