2796 5048
670 213 729 271 312

78 389 211 437 naturae
237 382 373 455 medalio
403 388 465 435 est:
497 382 550 452 qui
577 381 657 439 anim
687 380 833 450 conspicit
862 395 912 430 oua
937 382 1119 445 noricos-scs,
1145 372 1310 430 dialecticus

79 489 143 551 cot,
164 484 217 556 qui
237 499 293 534 non
315 482 480 551 conspicit,
501 482 658 531 nonest.»
684 469 714 550 l)

117 577 161 634 De
190 572 417 654 encyclopaedia
446 569 593 645 diximus,
622 590 711 649 quum
739 570 771 628 in
796 568 1008 648 disquisitionis
1027 567 1123 645 hujus
1144 581 1262 628 noemae
1278 570 1313 627 ire

77 693 176 754 gressu
203 670 240 730 de
268 669 414 729 communi
442 668 594 747 agebamus
622 666 847 747 disciplinarum
871 657 1001 726 omnium
1019 664 1153 728 vinculo
1173 677 1204 725 et
1219 688 1315 747 cogna-

79 771 170 830 tione.
186 767 218 849 2)
259 764 351 827 Haec'
367 767 457 827 verba
486 766 611 824 Socratis
640 764 713 822 illuc
739 785 819 822 nunc
846 777 971 833 mentem
998 775 1133 823 nostram
1167 779 1316 840 revocant3

83 866 134 926 sed
158 868 255 926 minus
284 865 331 925 hlc
362 864 555 943 disciplinas,
586 862 676 941 magis
706 863 936 940 philosophum,
965 861 1016 938 qni
1044 859 1094 919 bis
1127 874 1213 919 recte
1239 862 1318 921 fuerit

80 965 249 1039 institutus,
278 963 464 1022 attendimus.
515 961 567 1019 Est
596 973 690 1018 autem
717 959 915 1040 praeclarum,
936 972 968 1018 ut
988 957 1087 1018 dicere
1106 958 1254 1033 institui,
1272 958 1319 1018 boe

82 1061 210 1121 Platonis
238 1058 278 1122 dc
306 1060 531 1141 disciplinarum
554 1051 674 1134 συνόψει
693 1058 844 1137 placitum.
889 1056 1099 1137 Philosophum
1133 1051 1200 1116 esse
1223 1070 1320 1137 negat,

15 1188 17 1193 .
83 1159 134 1238 qui
164 1158 216 1217 uni
244 1179 273 1217 se
300 1159 356 1218 arti
377 1158 425 1218 rel
445 1158 613 1236 doctrinae,
633 1157 753 1217 cacteris
782 1156 952 1230 contemtis,
973 1168 1067 1214 totum
1085 1153 1198 1215 tradit.
1239 1153 1321 1215 Servo

84 1256 163 1315 bunc
192 1269 356 1338 comparat,
386 1257 437 1335 qui
465 1279 542 1333 nno,
574 1259 622 1316 cui
641 1256 765 1328 serviat,
786 1253 905 1312 domino
925 1265 1080 1312 contentus
1100 1265 1160 1311 est.
1178 1249 1213 1332 3)
1241 1251 1321 1311 Illum

84 1374 173 1428 vero,
202 1355 253 1434 qni
282 1367 310 1412 et
337 1355 539 1415 universarum
565 1375 659 1414 amore
684 1352 768 1412 ardet
793 1364 821 1410 et
845 1349 884 1409 ad
914 1349 1042 1429 singulas
1071 1348 1224 1431 deinceps
1242 1340 1323 1409 facile

82 1450 197 1511 accedit
215 1463 243 1510 et
259 1450 357 1510 satiari
377 1452 537 1512 tractandis
557 1453 618 1511 illis
636 1473 696 1513 non
716 1461 826 1532 potest,
852 1446 977 1521 τοῦτον,
1005 1446 1067 1521 ait,
1094 1443 1132 1507 ἒν
1167 1444 1243 1533 δίκῃ
1269 1440 1322 1529 φή-

84 1546 189 1625 σομεν“
207 1540 391 1629 φιλόσοφον·
426 1551 505 1608 lunc
534 1552 653 1608 domum
670 1557 749 1625 jare
770 1552 981 1629 philosophum
1007 1550 1160 1609 dicemus.
1187 1547 1222 1631 b)
1273 1548 1322 1608 Sed

85 1648 219 1726 quamvis
252 1649 294 1709 ita
326 1648 364 1708 de
396 1649 597 1709 universarum
626 1646 724 1707 studio
754 1646 952 1707 doctrinarum
980 1647 1201 1729 pronunciaret
1231 1647 1323 1722 Plato,

87 1743 169 1804 band
184 1758 281 1805 tamen
300 1767 346 1806 eas
366 1746 415 1808 vel
435 1746 521 1805 simul
539 1744 721 1819 tractandas,
740 1744 789 1805 vel
806 1745 843 1804 ab
863 1745 950 1805 initio
968 1744 1171 1804 institutionis
1185 1740 1324 1825 confinio

88 1839 271 1903 discentibus
298 1843 480 1924 abjiciendas
500 1842 777 1926 conspiciendasque
797 1863 856 1902 esse
870 1842 1035 1921 judicavit:
1055 1854 1090 1900 ut
1109 1842 1324 1919 faciantne,

87 1939 139 2019 qui
167 1939 205 1998 ab
222 1942 458 2024 §encyclopaedia
486 1940 662 2004 ordiendum
690 1961 749 2000 esse
779 1955 908 2001 censent.
950 1941 1022 1998 Nam
1049 1938 1124 1998 baec
1157 1954 1206 1999 est
1224 1940 1323 2022 puerili

86 2048 179 2095 aetate
217 2039 329 2119 ingenii
365 2039 487 2099 humani
523 2038 674 2115 conditio,
705 2051 738 2096 ut
766 2058 863 2096 rerum
891 2035 1139 2098 addiscendarum
1180 2039 1323 2098 universae

86 2134 225 2211 quasdam
235 2181 245 2210 ‚
266 2136 318 2196 sed
342 2158 403 2196 non
421 2137 491 2195 satis
509 2135 664 2195 distinctas
682 2136 815 2195 notiones
833 2135 957 2195 babeat:
978 2155 1048 2212 quas
1066 2135 1119 2212 qui
1136 2133 1195 2195 vel
1216 2157 1232 2194 a
1251 2136 1323 2216 prin·

87 2230 167 2309 cipio
184 2233 233 2292 vel
254 2234 331 2292 inter
348 2231 514 2292 docendum
533 2233 695 2293 identidem
716 2232 844 2319 explicat
862 2247 946 2312 atquc
962 2231 1105 2305 illustrat,
1121 2230 1213 2292 baud
1226 2233 1324 2292 frustra

89 2348 158 2385 sane
189 2330 317 2389 excitare
347 2344 432 2407 atque
451 2330 527 2388 alere
546 2330 738 2411 cognoscendi
759 2330 889 2390 ardorem
909 2331 1028 2390 nitatur.
1069 2329 1323 2411 Euryclopaediae

92 2437 206 2499 autem,
237 2447 310 2503 quae
340 2428 458 2509 proprie
481 2442 618 2503 vocatur,
649 2427 730 2487 hand
753 2441 821 2487 ante
848 2448 942 2508 capax
972 2420 1125 2506 ingenium
1157 2426 1216 2502 fit,
1247 2446 1323 2506 quau

89 2522 208 2602 propius
235 2521 274 2581 ad
302 2525 494 2583 maturitatem
529 2526 699 2599 accesserit,
729 2546 859 2603 quaeque
894 2537 978 2583 erant
1005 2522 1214 2600 addiscenda,
1244 2524 1323 2608 probe

91 2616 239 2680 didicerit.
281 2621 319 2685 Et
346 2643 433 2696 vero,
462 2643 535 2700 quae
564 2623 629 2701 quis
657 2623 789 2702 ignorat,
811 2621 859 2682 vel
878 2621 983 2682 leviter
1000 2634 1100 2696 tenet,
1122 2620 1178 2680 vel
1200 2621 1323 2683 noudum

89 2717 158 2775 satis
186 2717 351 2777 discernere
379 2741 395 2778 a
423 2719 569 2779 similibus
598 2720 711 2801 coepit,
732 2719 837 2779 borum
857 2740 914 2799 quo
933 2717 1050 2781 tandem
1067 2732 1156 2798 pacto
1179 2737 1323 2779 commune

90 2813 262 2889 vinculum,
293 2816 379 2894 quale
409 2817 465 2892 sit,
497 2815 546 2876 vel
564 2817 703 2896 suspicari
722 2818 854 2896 poterit?
875 2818 1027 2895 Postquam
1046 2837 1117 2875 vero
1137 2817 1253 2877 artium
1270 2834 1323 2876 cu-

90 2911 173 2969 nium
200 2911 382 2972 laudatarum
400 2927 429 2973 et
447 2913 645 2974 doctrinarum
666 2914 773 2974 studiis
793 2914 945 2973 excultum
963 2913 1115 2992 ingenium
1134 2913 1252 2990 fuerit,
1270 2928 1322 2973 tum

90 3007 208 3067 demum
237 3007 339 3071 licebit
350 3012 457 3088 juveni
472 3025 501 3071 et
519 3011 686 3091 conspicere
704 3031 751 3070 eas
770 3011 876 3069 mentis
897 3011 957 3069 acie
977 3011 1144 3086 universas,
1169 3025 1202 3071 et
1221 3012 1322 3071 tructus

90 3103 163 3164 inde
189 3125 310 3185 capere,
339 3107 390 3185 qui
418 3108 456 3168 ad
486 3107 614 3169 civitatis
643 3107 823 3170 commodum
852 3106 1073 3187 provehendum
1093 3107 1243 3171 uberrimi
1262 3109 1320 3169 sint

92 3201 173 3275 Quae
191 3202 321 3263 Platonis
340 3205 484 3264 sententia
494 3251 503 3281 ,
524 3205 658 3264 Ciceroni
679 3204 788 3284 vulgo,
807 3218 840 3262 ut
859 3204 988 3265 vidimus
998 3251 1008 3281 ‚
1022 3204 1153 3280 tributa,
1174 3228 1232 3291 per
1249 3207 1321 3267 Ciet-

93 3319 195 3357 ronem
214 3314 243 3360 et
260 3300 456 3361 celebritatem
481 3322 619 3362 summam
637 3315 722 3361 nacta
741 3315 784 3365 est
802 3315 830 3360 et
849 3302 1055 3363 incredibilem
1074 3303 1157 3362 omni
1178 3325 1273 3379 aevo,
1290 3299 1320 3361 ad

93 3409 170 3455 recte
191 3418 256 3456 cum
276 3397 542 3481 philosophandum
563 3412 625 3458 tum
642 3413 718 3459 artes
738 3399 943 3482 doctrinasque
959 3399 1144 3478 tractandas,
1166 3423 1225 3486 per
1241 3415 1320 3465 toton

95 3492 193 3556 orbem
211 3495 392 3559 eruditorum
413 3497 475 3559 rim
489 3496 603 3558 babuit.
626 3495 660 3577 5)

127 3786 154 3852 1)
173 3790 210 3840 De
229 3792 290 3859 Rep.
312 3789 444 3843 vl1.537.
466 3791 496 3844 C.

127 3867 154 3937 2)
174 3875 249 3927 Initio
266 3893 291 3942 p.
312 3875 363 3929 210
381 3893 439 3947 sqq.

126 3957 152 4023 3)
170 3961 251 4029 Symp.
267 3960 326 4011 210.
346 3960 375 4009 Ι).
398 3961 445 4013 cff.
466 3962 544 4013 Initio
560 3980 586 4030 p.
604 3962 662 4013 tot.

128 4042 154 4108 4)
172 4047 210 4095 De
225 4047 287 4117 Rep.
307 4044 338 4096 V.
357 4045 415 4096 475.
440 4045 469 4097 0.

37 4138 40 4143 “
128 4127 155 4192 5)
174 4131 332 4182 Sententiam
356 4129 481 4180 Cicero'
474 4146 533 4196 ipse
558 4131 660 4183 Platoni
688 4131 777 4183 tribuit
802 4134 832 4184 dc
855 4134 926 4185 Orat.
948 4132 992 4185 lll
1018 4132 1044 4185 6.
1073 4132 1121 4184 Est
1152 4134 1202 4186 etto
1221 4134 1325 4189 Platonis

95 4233 157 4265 ocra
179 4233 241 4300 ooo,
263 4232 354 4265 orionem
377 4217 548 4266 doctrmam'
537 4234 702 4280 anenuarnm
722 4227 746 4268 et
765 4219 931 4270 bumanorum
949 4221 1043 4269 ortium
1056 4234 1107 4269 tono
1123 4223 1237 4286 quodum
1255 4222 1325 4274 atterit¹

94 4303 151 4350 totis
168 4301 267 4350 uinculo
285 4303 414 4350 contineri.
434 4303 473 4366 (ln
494 4300 700 4353 characterismis
711 4305 796 4371 princ.
813 4305 902 4371 philos
917 4321 943 4370 p.
962 4303 1020 4354 2¹4.
1040 4303 1104 4355 haee
1120 4310 1268 4374 proposita
1282 4304 1327 4358 loci

94 4384 184 4436 lectio·
209 4387 410 4436 doctrinarum'
398 4402 611 4454 inqennmmqne
626 4397 650 4439 et
665 4389 831 4440 mircenorum
845 4391 939 4440 artium
955 4390 1077 4440 ambitum.
1111 4390 1232 4446 Mereor
1251 4400 1330 4447 tumui
