2796 5048
668 239 727 299 304

82 398 118 458 de
148 399 185 457 iis
212 383 405 478 cognoverant
412 445 421 474 ,
452 422 485 461 eo
511 402 650 480 magis·et
680 399 874 481 cognoscendi
890 416 1014 457 amorem
1032 400 1217 482 explebant,
1234 403 1296 463 etid

81 497 160 575 quod
185 495 369 578 spectabant,
399 498 484 576 quale
515 514 604 574 esset,
625 498 859 577 assequebantur.
900 497 958 558 Nec
975 497 1203 576 dubitandum,
1221 502 1295 581 quin,

81 597 106 656 si
135 595 184 658 vel
214 594 277 654 illis
304 596 421 655 senibus
439 596 570 671 Helena,
591 596 640 658 vel
658 597 819 675 Antigonae
838 594 1021 677 paedadogus
1040 596 1296 674 defuimet,›iiden

81 711 177 757 tamen
202 692 246 778 τῷ
271 687 356 767 ἕντός
384 694 495 757 scilicet
524 696 578 756 illo
603 688 680 773 μιτιὶ
702 694 784 775 σιγῆς
806 686 935 778 διιιλόγῳ
965 717 1012 757 res
1037 697 1100 757 sibi
1130 697 1219 773 istas,
1243 718 1296 777 qun

84 796 243 872 videbant,
272 796 296 856 si
327 796 423 855 minus
452 793 661 876 explicuissent
693 797 799 879 plane,
831 794 976 878 explicare
1008 809 1089 855 certe
1118 795 1177 856 hac
1204 797 1297 857 ratione

83 894 268 955 studuissent.
308 894 366 954 Dos
391 910 493 974 nempe
521 894 701 955 admirabilis
727 894 780 953 illa
806 895 917 976 ingenii
945 893 1068 954 humani
1100 908 1166 969 est,
1192 914 1298 975 quape

85 987 237 1076 διαιρέσεις
257 1007 285 1053 et
306 983 477 1072 ouvayoryeic
497 992 629 1055 invenit:
661 994 795 1055 inventas
821 993 874 1052 hac
893 992 973 1052 Plato
992 992 1070 1052 dicit
1091 1007 1172 1053 artes
1190 1012 1299 1073 quasqu

85 1098 239 1173 maximas3
269 1095 320 1154 sed
345 1116 405 1157 non
433 1094 491 1152 alia
517 1105 577 1166 est,
607 1113 664 1172 qua
690 1112 787 1152 omnes
814 1092 906 1152 omnis
933 1091 1046 1172 generis
1074 1090 1299 1169 conditionisqu

83 1195 213 1255 homines
242 1194 279 1253 ad
307 1214 403 1251 rerum
429 1190 672 1271 qualiumcunque
698 1189 890 1270 cognitionem
913 1190 1115 1271 perveniunt:
1138 1188 1298 1270 perveniunt

83 1307 177 1352 autem
204 1293 264 1351 fere
294 1290 385 1366 illuc,
408 1292 467 1365 sic,
488 1290 584 1371 prouti
602 1288 749 1363 diximus,
769 1295 874 1362 intur,
893 1287 972 1367 quod
991 1288 1080 1368 pueri
1101 1287 1223 1364 solent,
1240 1294 1299 1368 rogi·

85 1402 184 1451 tantas
202 1413 300 1451 secum
319 1404 346 1448 et
366 1391 570 1468 colloquentes.

122 1491 199 1549 Huic
234 1490 322 1569 igitur
351 1487 477 1547 naturali
507 1485 632 1546 hominis
653 1484 824 1546 dialecticae
851 1487 1007 1564 analytice
1026 1480 1215 1566 respondet,
1234 1502 1299 1564 quan

80 1590 113 1648 in
146 1587 268 1666 dialogis
294 1586 375 1647 Plato
402 1585 565 1668 usurpavit,
597 1586 746 1644 scabendi
770 1606 842 1644 ors:
863 1603 916 1642 nec
933 1596 1039 1642 temere
1056 1596 1244 1658 statuamus,
1258 1600 1298 1661 qu

80 1687 168 1765 magis
195 1684 265 1744 haec
297 1706 343 1744 ars
371 1684 546 1763 colloquium
567 1683 645 1743 illud
665 1683 807 1759 hominis,
829 1700 997 1762 quosecum
1014 1700 1061 1739 res
1082 1679 1234 1741 discernit
1245 1682 1298 1759 jun-

80 1785 195 1865 gitque,
225 1805 275 1843 seu
303 1783 399 1865 potius
428 1783 574 1841 effluvium
594 1781 731 1861 colloquii
751 1802 816 1841 cum
831 1802 920 1857 sono,
940 1799 1025 1858 quem
1043 1801 1222 1839 sermnem
1238 1797 1296 1839 socr

82 1904 164 1958 mus,
196 1882 336 1943 imitando
362 1881 515 1963 exprimit,
546 1901 578 1940 eo
608 1879 690 1939 illam
717 1881 805 1959 magis
822 1893 850 1939 et
866 1886 984 1938 naturae
1001 1897 1062 1937 esse
1089 1892 1311 1961 consentanea,

80 1994 108 2040 et
136 1980 302 2039 hominibus
321 1979 483 2039 salutarem.
524 1980 694 2061 Opportune
713 1978 909 2037 autemnobis
928 1975 1063 2037 videmur
1081 1975 1223 2037 Helenae
1242 1968 1297 2057 apul

79 2080 234 2139 Homerum
257 2093 284 2137 et
299 2077 455 2160 paedagogi
475 2078 506 2135 in
526 2076 688 2136 Phoenissis
704 2074 870 2156 Euripideis
888 2074 1064 2134 mentionem
1086 2074 1209 2135 fecisse.
1229 2069 1296 2137 ‘Nn

80 2179 157 2257 quod
187 2177 238 2236 illa
268 2179 430 2251 Priamum,
461 2175 508 2234 hic
537 2175 710 2253 Antigonam
733 2175 837 2251 juvat,
867 2186 916 2248 ut,
947 2192 1019 2251 quae
1038 2187 1152 2253 sponte
1172 2173 1294 2255 explicas

80 2276 194 2335 sibimet
220 2275 291 2354 ipsis
320 2273 498 2348 debuerant,
529 2274 655 2354 ipsorum
683 2270 774 2330 ductu
800 2270 916 2330 facilius
943 2268 1147 2351 perspiclant,
1179 2271 1214 2331 id
1231 2269 1295 2352 plant

81 2373 228 2453 scriptoris
252 2393 357 2430 munus
377 2384 426 2431 est.
463 2370 500 2429 Et
520 2391 587 2429 vero
608 2370 648 2428 sic
666 2369 727 2450 ipsa
746 2368 834 2443 Ilias,
855 2370 933 2450 ipsae
952 2367 1150 2445 Phoenissae,
1173 2370 1215 2429 sic
1234 2364 1293 2427 nult

79 2493 138 2530 non
163 2491 228 2530 cum
257 2470 401 2551 epicorum
428 2484 489 2530 tum
517 2469 688 2547 tragicorum
706 2462 735 2528 et
755 2468 925 2528 comicorum
944 2450 1074 2526 carmina
1092 2466 1170 2527 huic
1191 2461 1292 2527 naturali

79 2569 254 2649 respondent
283 2567 409 2627 hominis
433 2567 611 2629 dialecticae.
652 2567 688 2624 In
706 2566 813 2626 medias
832 2588 885 2625 nos
901 2587 946 2625 res
962 2565 1084 2645 rapiunt
1099 2587 1205 2626 eorum
1221 2575 1291 2625 arcte

79 2688 141 2743 res,
158 2669 320 2746 juvantque
338 2688 390 2727 nos
409 2667 446 2726 in⁴
458 2665 581 2745 singulis
598 2665 751 2724 cernendis
768 2679 796 2725 et
813 2663 1026 2745 conjungendis
1045 2665 1209 2727 universis.
1228 2656 1290 2737 Qud

79 2779 153 2824 recte
172 2765 248 2826 vidit
266 2765 402 2824 Horatius
422 2764 491 2823 artis
509 2764 605 2845 epicae
625 2764 772 2843 proprium
792 2785 867 2823 esse:

236 2861 297 2921 Nec
316 2871 433 2944 gemino
453 2863 562 2920 bellum
583 2862 749 2938 Trojanum
771 2864 947 2924 orditur-,ab
965 2883 1034 2920 ovo:

235 2961 359 3041 Semper
379 2964 419 3020 ad
437 2971 574 3019 wantum
591 2963 738 3037 festinat,
769 2967 849 3019 etin
876 2963 1031 3019 medias
1060 2980 1173 3035 ree,-

234 3057 304 3133 Nou,
322 3083 404 3120 secur
424 3082 458 3118 ac
476 3070 580 3134 notua,
601 3061 770 3118 auditorem
795 3067 889 3137 rapit.
913 3057 942 3139 l)

81 3157 119 3218 Et
138 3157 208 3217 hinc
230 3158 346 3236 quidem
367 3160 438 3218 mira
462 3158 514 3217 illa
537 3179 667 3238 magnam
693 3172 802 3240 partem
823 3157 978 3240 repetenda
1003 3155 1142 3237 voluptas
1162 3152 1284 3231 animique
1331 3190 1332 3197 .

78 3257 230 3316 oblectatio
249 3270 290 3314 est
300 3303 309 3331 ,
330 3279 386 3336 qua
405 3271 433 3316 et
452 3256 522 3315 haec
541 3257 668 3315 carmina
688 3277 704 3314 a
724 3257 831 3315 teneris
851 3271 879 3315 et
900 3255 1037 3336 deinceps
1057 3251 1192 3336 dialogos
1211 3252 1284 3313 Plrto·
1331 3284 1332 3289 ι

79 3356 125 3415 nis
146 3355 273 3434 legimus.
315 3356 387 3414 Nam
412 3368 444 3413 ut
465 3376 552 3413 unam
572 3355 693 3415 Iliadem
721 3375 926 3429 memoremus,
957 3355 990 3412 in
1018 3353 1146 3433 legenda
1165 3353 1218 3413 illa
1239 3347 1286 3432 pti·

79 3476 176 3530 mum,
198 3475 270 3533 quae
287 3467 405 3513 naturae
426 3453 499 3512 ratio
520 3468 580 3529 est,
601 3453 721 3513 confusa
740 3453 824 3512 nobis
843 3465 982 3535 apparent
1001 3452 1108 3511 omnia.
1153 3453 1287 3513 Versann

79 3555 111 3612 in
131 3553 229 3613 castris
248 3551 439 3612 Graecorum:
462 3551 593 3613 videmus
617 3551 805 3631 audimusque
834 3552 963 3612 dicentes
991 3550 1142 3631 principes
1164 3543 1287 3610 exercitis

79 3653 184 3727 duces,
206 3654 464 3732 Agamemnonem,
490 3650 652 3726 Achillem,
681 3652 844 3710 Nestorem:
875 3649 941 3709 illos
963 3648 1153 3709 vehementer
1180 3669 1210 3708 se
1228 3643 1287 3706 insi·

76 3771 138 3810 cem
167 3750 367 3830 objurgantes:
408 3749 506 3824 hunc,
535 3749 684 3831 placidum
712 3771 825 3824 senem,
855 3748 1010 3808 conciliare
1040 3768 1087 3806 eos
1118 3746 1287 3815 studentem

78 3848 147 3923 sed,
168 3849 287 3928 quinam
307 3849 366 3908 sint
386 3848 433 3907 illi
456 3848 584 3928 singuli,
612 3847 690 3906 unde
717 3847 860 3927 profecti,
881 3846 954 3925 quid
973 3845 1154 3921 moliantur,
1185 3845 1290 3924 quinam

50 3940 58 3950 χ
78 3948 197 4026 Trojani
216 3949 290 4021 sint,
321 3968 442 4026 quorum
462 3947 570 4005 mentio
588 3945 621 4004 fit
639 3945 818 4021 identidem,
839 3945 903 4024 quis
922 3945 1069 4018 Priamus,
1089 3944 1160 4022 quis
1179 3944 1291 4011 Hector,

78 4046 249 4126 ignoramus.
290 4046 398 4104 Verum
417 4051 518 4125 poeta,
541 4060 572 4105 ut
595 4046 652 4105 huc
674 4067 726 4105 nos
744 4046 825 4125 quasi
844 4045 882 4104 ad
901 4041 1088 4124 spectandum
1109 4058 1140 4104 et
1153 4041 1293 4107 xvelutiin

79 4145 225 4225 speculam
246 4145 352 4219 duxit,
373 4145 414 4203 ita
434 4144 579 4204 narrando
599 4144 736 4227 deinceps
756 4165 908 4223 eorumque
923 4141 1102 4201 sermonibus
1122 4138 1295 4225 proferendis

81 4240 187 4318 efficit,
209 4258 241 4303 ut
260 4257 288 4302 et
307 4243 424 4322 quinam
442 4243 500 4301 sint
521 4242 567 4301 illi
588 4263 685 4302 omnes
701 4257 729 4302 et
754 4263 821 4303 vero
842 4241 960 4322 quales,
980 4239 1129 4301 cernendo
1159 4258 1295 4323 cognocet·

113 4451 138 4517 1)
158 4456 235 4522 Epist.
251 4457 285 4505 ad
302 4454 353 4504 ro.
375 4469 412 4504 vs.
435 4451 528 4502 147-
541 4451 596 4502 150.
