2796 5048
582 218 641 281 tot

60 386 146 455 iaus,
176 400 227 441 ma
251 372 359 462 qdique
381 380 527 463 proposita
546 382 726 470 maximeque
745 379 860 441 diversa
879 398 1086 463 respexerunt,
1117 398 1146 444 et
1161 384 1220 443 alia

60 480 93 541 ria
118 481 228 561 magis,
255 500 340 558 quam
368 487 433 538 ocri
446 480 665 557 philosophiam
687 478 884 541 attenderunt.
924 480 1005 542 Plato
1025 481 1164 542 remilla
1184 480 1223 541 ad

59 577 189 639 noscendi
208 586 333 638 amorem
350 574 605 657 doctrinarumque
625 577 771 653 studium,
792 598 850 656 quo
868 577 970 659 flagrat
988 579 1103 641 indoles
1122 579 1223 662 philo-

59 676 106 752 la,
136 676 291 738 adhibuit:
322 698 379 756 quo
398 689 477 757 patet
495 675 580 735 nobis
599 675 714 750 denuo,
746 697 831 755 quam
850 698 937 757 snpra
956 678 1169 759 explicuimus,
1194 676 1223 757 l)

59 776 102 835 uis
125 775 204 857 apud
231 796 296 835 eum
321 795 386 834 cum
413 774 596 856 philosophia
622 773 812 834 necessitudo.
853 775 1009 834 Verissima
1033 791 1128 835 autem
1153 789 1222 835 sunt

59 872 199 953 'usimeque
226 873 312 935 nobis
337 874 553 946 demonstrant,
584 872 638 932 hoc
656 872 725 930 item
744 893 812 931 eum
829 872 993 933 amantibus
1014 872 1148 933 discendi
1169 895 1224 933 cu-

59 990 100 1045 ot,
128 972 235 1051 quique
253 970 356 1031 natura
371 969 537 1052 philosophi
558 971 633 1046 sint,
674 990 824 1030 commune
842 970 967 1046 habere,
999 984 1048 1045 ut,
1077 969 1223 1051 quidquid

69 1067 169 1129 studiis
196 1069 323 1150 ipsorum
348 1068 531 1128 naturalibus
556 1069 752 1143 conveniens,
782 1058 981 1155 qualecunque
999 1068 1037 1128 sit
1055 1068 1222 1131 illtfftan-

59 1184 85 1242 t,
109 1165 195 1226 modo
219 1166 335 1248 expleat
356 1165 489 1227 discendi
514 1165 710 1241 desiderium,
741 1179 838 1226 ament
860 1165 938 1226 illud
962 1188 1046 1227 omne
1065 1180 1094 1227 et
1113 1167 1220 1229 colant.

59 1262 87 1324 de
110 1278 208 1346 patere
234 1264 409 1324 arbitramur
432 1264 691 1326 diversissimarum
718 1263 915 1325 doctrinarum
937 1286 1088 1327 commune
1107 1267 1223 1348 prinei-

59 1382 97 1421 n:
124 1376 153 1423 et
172 1383 240 1425 vero
264 1363 336 1423 hinc
355 1364 473 1423 fortasse
488 1365 549 1442 jam
569 1364 730 1445 suspicetur
748 1363 872 1442 aliquis,
901 1363 987 1443 quale
1007 1365 1045 1425 sit
1064 1363 1222 1455 illuduun-

59 1480 93 1540 pre
109 1460 287 1543 profectum,
308 1461 386 1541 quod
403 1462 503 1523 Cicero
522 1461 703 1543 praedicavit
727 1460 931 1538 disertissime,
951 1471 1070 1522 artium
1088 1472 1221 1523 omnium

59 1558 252 1618 latrinarum
269 1582 421 1620 commune
439 1560 603 1619 vinculum.
635 1560 699 1634 Quo
715 1579 783 1619 sane
800 1559 908 1640 placito
926 1562 978 1622 vix
997 1561 1091 1621 ullum
1109 1563 1222 1622 exstitit

62 1656 257 1739 philosophia,
285 1658 364 1738 quod
388 1679 535 1739 germanos
554 1655 741 1738 philosophos
759 1659 849 1738 magis
862 1659 1082 1741 jucundiusque
1098 1664 1219 1722 mutnet.

58 1777 138 1817 ·rero
156 1777 193 1815 ne
211 1757 397 1818 festinemus!
421 1757 510 1816 Lente
528 1754 712 1837 progreditur
731 1753 878 1832 Socrates,
898 1778 1028 1837 quaeque
1043 1760 1105 1836 jam
1122 1778 1172 1840 spe
1192 1772 1220 1818 et

58 1856 208 1935 pretatione
224 1856 437 1937 praecepimus,
459 1875 510 1914 suo
529 1853 615 1914 nobis
632 1853 695 1915 loto
713 1854 774 1913 sive
793 1854 963 1916 monstrabit
980 1856 1041 1916 sive
1056 1838 1219 1919 di‘ilnanda

58 1951 153 2013 ehehit.
194 1955 279 2013 Nune
302 1968 443 2014 monstrat
464 1954 540 2029 alia,
571 1951 649 2011 unde
669 1951 707 2011 ad
726 1973 786 2012 rem
805 1942 1002 2034 praesentem}
1032 1953 1071 2014 ad
1090 1953 1219 2039 ipdolem

58 2053 219 2113 noscendam
246 2053 468 2136 philosopham,
497 2055 691 2133 conjecturam
719 2074 819 2135 capere
844 2050 939 2112 liceat.
981 2052 1054 2112 Vini
1083 2066 1221 2114 memorat

58 2149 113 2227 los,
143 2152 245 2212 avidos
271 2153 356 2212 etiam
383 2153 510 2214 honoris.
556 2151 665 2227 ulllcs,
695 2151 756 2230 ait,
787 2171 886 2211 nonne
905 2149 984 2211 idem
1004 2149 1099 2210 facere
1118 2148 1229 2233 rides,
1263 2170 1267 2175 ·

58 2249 252 2311 damatores?
274 2249 390 2310 nullum
409 2273 470 2312 non
490 2252 592 2313 vinum
611 2251 694 2311 nulla
713 2272 772 2311 non
793 2250 904 2310 ratione
923 2261 952 2307 et
970 2247 1219 2309 commendatione

58 2362 123 2428 gunt
139 2348 318 2410 et·laudant.
338 2378 373 2390 -
401 2349 449 2409 Sic
469 2350 591 2410 iaciunt.
611 2379 647 2389 -
676 2350 715 2411 Et
731 2370 800 2409 vero
818 2348 869 2428 qui
888 2345 1008 2407 honoris
1027 2360 1094 2407 sunt
1115 2345 1218 2428 cupidi

58 2446 204 2522 unhitiosi,
233 2447 305 2524 hos,
335 2448 476 2524 arbitror,
506 2449 635 2524 novisti,
648 2430 690 2507 'si
710 2447 816 2509 ducere
837 2447 980 2506 exercitus
998 2466 1057 2505 non
1077 2458 1216 2526 possunt,

58 2566 126 2605 unos
143 2567 203 2607 esse
222 2545 374 2621 lubenter,
403 2544 589 2626 eosdemque,
619 2547 643 2606 si
662 2544 742 2627 apud
761 2547 881 2623 majores
900 2543 1112 2623 nobilioresque
1132 2542 1217 2603 nullo

58 2656 64 2703 t
87 2642 216 2719 honore,
244 2659 394 2704 contentos
422 2664 481 2705 esse
509 2657 622 2720 tamen,
654 2643 706 2702 ubi
727 2664 744 2701 a
768 2640 929 2703 minoribus
948 2654 976 2700 et
993 2639 1217 2721 ignobilioribus

58 2756 188 2801 orantur:
218 2743 325 2824 quippe
346 2744 465 2803 omnino
484 2742 603 2802 honoris
621 2738 752 2823 cupidos.
773 2773 807 2783 -
835 2739 879 2799 lu
899 2739 986 2820 plane
1007 2760 1036 2799 se
1057 2760 1101 2799 res
1119 2737 1216 2798 habet.

58 2840 107 2899 doc
127 2840 234 2920 igitur,
263 2862 280 2900 o
299 2840 430 2916 Glauco,
461 2840 508 2903 vel
526 2838 731 2901 affirmandum
749 2852 791 2899 est
808 2837 910 2913 nobis,
938 2837 987 2899 rel
1006 2850 1056 2912 tu,
1076 2838 1100 2896 si
1118 2849 1216 2917 potes,

57 2959 83 2997 r:
106 2939 159 3018 qui
178 2953 319 3020 expetunt
337 2939 451 3019 aliquid
470 2937 672 3015 vehementer,
703 2959 764 2999 non
781 2937 886 3017 partim
905 2935 960 2996 hoc
980 2935 1046 2996 illos
1064 2935 1218 3017 persequi,

57 3036 98 3097 im
113 3050 314 3113 contemnere,
335 3037 386 3098 sed
402 3052 493 3099 toturn
509 3036 686 3118 diligere-
705 3039 810 3097 Totum
829 3033 926 3110 illud,
948 3036 1012 3113 ajo,
1033 3032 1171 3114 diligunt.
1181 3062 1216 3073 -

57 3154 70 3195 o
94 3116 262 3216 prlo'oohov
286 3134 416 3197 dicemus
443 3131 550 3216 σοφίας
579 3156 638 3197 esse
663 3148 834 3210 amatorem,
863 3155 924 3194 non
940 3132 1096 3215 peculiaris
1116 3135 1218 3212 cujus-

57 3254 79 3310 ι,
107 3236 158 3297 sed
180 3238 274 3299 omnis
292 3239 421 3299 omnino.
441 3267 477 3278 -
496 3237 617 3311 Omnis,
648 3233 748 3295 fateor.
768 3259 804 3270 ·-
833 3232 908 3292 Eum
927 3232 1034 3313 igitur,
1064 3233 1115 3312 qui
1134 3253 1216 3314 aegre

57 3329 227 3416 disciplinas
246 3335 396 3417 procedit,
412 3336 541 3416 juvenili
560 3333 727 3423 praesertim
744 3344 857 3406 aetate,
876 3330 1001 3391 necdum
1020 3333 1131 3391 ratione
1150 3331 1214 3392 dis-

57 3450 130 3508 tens,
170 3433 243 3513 quid
272 3435 344 3495 utile
372 3436 411 3495 sit
438 3433 509 3515 quid
538 3456 617 3508 non,
648 3451 702 3491 nec
730 3428 891 3489 studiosum
919 3449 977 3489 esse
1004 3428 1132 3490 dicemus
1161 3450 1215 3489 nec

57 3517 171 3613 ioopov·
191 3533 432 3611 quemadmodum
450 3532 554 3608 illum,
583 3532 634 3611 qui
653 3527 766 3589 fastidit
782 3527 900 3608 epulas,
927 3547 1021 3607 neque
1039 3528 1145 3587 esurire
1165 3527 1214 3588 di·

57 3648 82 3691 ts
102 3653 202 3714 neque
231 3629 330 3712 epulas
357 3631 578 3712 concupiscere,
608 3650 669 3689 non
696 3616 848 3706 φιλόσιτον
870 3646 947 3700 esse,
977 3624 1027 3685 sed
1051 3617 1212 3688 κακόσιτον.

71 3728 115 3793 ’δὲ
136 3725 177 3813 δή
198 3724 329 3813 εὐχερῶς
348 3723 493 3792 ἐθέλοντα
511 3720 624 3801 acreda
644 3719 829 3809 μαθήματος
848 3716 989 3813 γεύεσθαι
1009 3723 1058 3787 καὶ
1079 3721 1214 3807 ἀσμένως

58 3827 103 3894 ro*
123 3825 286 3912 μανθάνειν
306 3824 389 3895 ἰόντα
408 3829 458 3894 auc*
478 3823 636 3913 ἀπλήστως
657 3822 778 3910 igetur,
800 3826 904 3890 τοῦτον
924 3814 953 3889 l’
973 3824 1005 3890 ἐν
1021 3825 1094 3923 Ιδίκῃ
1116 3824 1213 3912 φήσο-

60 3929 251 4017 φιλόσοφσν·
294 3944 348 4015 qui
376 3958 444 3995 vero
462 3937 564 4013 facile
590 3955 626 3992 ac
653 3943 754 4011 sponte
784 3933 903 3991 nullum
931 3954 988 3991 non
1013 3916 1213 4010 ¹'dt'aeiple'mm

57 4048 151 4100 ctare
176 4048 264 4117 cupit
290 4048 320 4098 at
336 4036 454 4113 placide
471 4034 703 4125 adstruendum
717 4033 852 4109 procedit
871 4053 924 4090 nec
943 4038 1057 4091 camari
1075 4031 1216 4091 diaconato·

56 4145 86 4190 t
96 4185 105 4212 ‚
123 4141 202 4199 bunc
221 4131 339 4198 &mum
352 4143 430 4214 jure
447 4134 652 4211 philosophum
669 4134 810 4193 dicemur.
822 4155 838 4188 u
862 4128 896 4210 2)
1224 4160 1227 4169 ·

56 4337 151 4401 fusa.
170 4366 195 4418 p.
214 4349 261 4410 rs,
281 4345 321 4399 rs.
506 4316 541 4395 4

56 4423 355 4505 affirma
