2796 5048
682 254 740 314 lto

79 412 245 494 indulgent
272 416 402 494 corporis
432 434 624 492 sensuumque
654 411 831 495 appetitibus
860 433 893 472 ac
924 413 1142 496 voluptatibus,
1170 422 1262 502 iisque
1292 444 1321 482 se

78 515 149 595 rapi
180 515 211 571 in
239 511 360 592 pessima
390 532 519 590 quaeque
549 513 661 571 sinunt.
703 512 844 585 Quocirca
871 511 903 570 hi
932 511 970 570 ab
1007 514 1043 572 iis
1068 517 1222 594 omuibus,
1246 543 1319 600 quae

80 612 176 671 unice
192 610 325 670 homines
345 609 464 683 decent,
478 619 501 666 'a
518 609 621 689 pulcro
640 624 668 670 et
687 610 764 670 bono
774 655 783 685 ,
812 630 827 667 a
848 608 1024 686 virtutibus,
1053 613 1090 673 ab
1111 616 1172 696 ipsa
1190 617 1321 698 philoso-

78 708 158 791 phia
173 708 361 788 abripiuntur
374 707 489 787 procul.
532 707 748 793 Veruntamen,
767 722 799 768 ut
818 707 896 788 apud
912 706 1083 789 Euripidem
1102 728 1159 773 est:

358 798 420 865 ἀλλ’
432 798 495 865 ἔστι
513 797 554 886 tq'
576 827 619 878 τις
640 798 727 879 ἄλλος
748 800 778 866 ἐν
797 807 917 887 βροτοῖς
930 797 1034 887 Ἔρως

341 905 462 988 ’ψυχῆς
483 903 608 980 δικαίας,
634 899 791 988 σώφρονός
811 929 842 968 τε
863 901 1012 992 κᾴγαθῆς.
1025 907 1055 989 1)

82 1008 228 1071 Uraniae
245 1030 324 1069 amor
344 1009 473 1083 scilicet,
499 1030 583 1088 quem
603 1031 619 1068 a
638 1007 751 1090 vulgari
770 1009 930 1089 diligenter
948 1011 1027 1090 apud
1044 1011 1192 1072 Platonem
1213 1015 1315 1075 Pausa·

77 1108 151 1171 nias
168 1107 342 1188 distinguit,
363 1109 468 1185 cuique
489 1121 517 1166 et
536 1109 596 1188 ipse
617 1122 645 1166 et
665 1106 811 1166 Phaedrus
829 1119 858 1164 et
877 1126 946 1166 vero
965 1108 1091 1167 Diotime
1105 1110 1197 1186 justas
1217 1111 1319 1172 laudes

76 1206 208 1267 tribuit:
239 1205 277 1265 ad
306 1207 434 1265 animum
462 1205 514 1263 ille
544 1206 691 1284 animique
721 1204 866 1264 desideria
885 1204 1051 1284 explenda,
1076 1227 1135 1265 non
1154 1207 1192 1268 ad
1212 1228 1316 1289 eorpus

76 1320 242 1382 sensusque
259 1304 396 1384 pertinet.
439 1302 501 1361 Hoc
520 1303 571 1381 qui
592 1301 728 1376 ducitur,
758 1299 837 1379 qnod
857 1306 941 1382 poeta
960 1302 1019 1378 ait,
1048 1307 1185 1366 amasium
1204 1307 1316 1366 deside·

76 1415 129 1463 rat
147 1415 232 1481 atque
250 1402 398 1479 anquirit,
417 1393 523 1479 ψυχήν
545 1396 659 1459 δικαίαν
680 1390 824 1478 σώφρονά
845 1421 876 1458 τε
897 1390 1049 1482 κᾴγαθήν,
1071 1424 1155 1484 quem
1175 1403 1316 1464 ubiinve·

72 1500 131 1561 nit
159 1498 367 1579 amplexusque
387 1499 566 1561 incredibili.
578 1500 695 1574 ardore,
716 1501 773 1559 imo
791 1500 887 1560 furore
896 1545 904 1574 ,
925 1513 985 1575 est,
1001 1514 1114 1562 tantum
1132 1501 1231 1575 abest,
1252 1514 1283 1558 ut
1301 1521 1318 1557 a

71 1596 269 1679 'philosophia
298 1616 449 1677 rerumque
478 1599 650 1679 optimarum
675 1598 772 1657 studio
789 1612 817 1657 et
835 1620 930 1658 amore
952 1599 1002 1662 vel
1019 1600 1105 1659 illum
1123 1599 1249 1680 abripiat
1268 1598 1317 1658 vel

76 1694 249 1774 abripiatur
276 1694 355 1774 ipse,
384 1708 415 1754 ut
444 1695 551 1754 mutuis
575 1693 660 1754 ambo
688 1695 725 1754 de
752 1695 855 1776 pulcro
885 1711 914 1755 et
941 1697 1019 1758 bono
1043 1697 1137 1777 deque
1159 1698 1267 1759 virtute
1286 1709 1314 1753 et

72 1793 197 1873 justitia
224 1792 406 1853 sermonibus
432 1793 658 1875 incalescentes,
687 1812 745 1870 quo
763 1813 792 1852 se
813 1793 941 1854 invicem
960 1815 1074 1869 amore,
1101 1793 1201 1854 eodem
1221 1793 1314 1873 philo·

74 1888 217 1971 sophiam
243 1889 341 1949 colant
359 1910 390 1948 ac
419 1905 638 1970 prosequantur.
681 1891 776 1968 Hujus
794 1902 888 1949 autem
903 1892 970 1971 puri
990 1890 1176 1970 coelestisque
1196 1891 1317 1963 amoris,

75 1988 194 2069 quique
211 2009 287 2047 unus
310 1987 453 2048 dicendus
468 2009 553 2046 amor
571 2001 631 2062 est,
651 1987 791 2065 ejusmodi
812 2001 872 2063 est,
900 1989 979 2067 quod
1000 1988 1148 2063 diximus,
1169 1989 1200 2047 in
1221 1987 1326 2046 anime

75 2080 214 2147 bominis
231 2086 277 2144 vis
296 2098 324 2144 et
338 2083 510 2160 efficacitas,
530 2099 563 2144 ut
582 2105 669 2165 vagas
686 2085 753 2144 illas
771 2105 803 2143 ac
823 2085 957 2166 vulgares
973 2085 1115 2145 libidines
1133 2084 1266 2144 inhibeat
1284 2105 1317 2142 ac

77 2189 224 2245 coerceat.
266 2183 302 2242 Id
334 2196 429 2241 autem
450 2205 507 2263 quo
526 2182 644 2265 plenius
671 2181 870 2262 intelligatur,
889 2191 1021 2243 rationis
1035 2184 1103 2243 item
1122 2185 1155 2242 in
1173 2180 1314 2241 libidines

77 2282 155 2341 istas
182 2294 331 2359 totumque
352 2281 481 2339 animum
499 2282 654 2342 auctoritas
673 2279 884 2341 consideranda
905 2280 990 2341 nobis
1009 2280 1252 2360 exquirendaque·
1264 2291 1315 2338 est.

132 2462 179 2535 ’ΨΒ
333 2474 386 2533 De
411 2484 577 2536 rationis
604 2485 643 2534 in
675 2483 798 2533 attinio
827 2487 1082 2539 auctoritato„

123 2671 162 2728 ln
181 2669 266 2729 libris
285 2668 321 2728 de
339 2669 469 2751 Legibus
487 2670 590 2751 hospes
610 2670 797 2730 Atheniensis
819 2670 903 2730 «duo
923 2673 1007 2732 nobis
1025 2674 1147 2744 insunt,
1166 2669 1226 2740 ait,
1245 2688 1315 2725 con·

76 2769 168 2829 trarii
188 2788 221 2826 ac
242 2767 390 2827 dementes
409 2755 589 2843 consiliarii,
609 2791 680 2847 quos
697 2771 880 2846 voluptatem
901 2784 929 2828 et
948 2773 1076 2830 dolorem
1094 2785 1312 2845 nuncupamus:

76 2864 228 2927 accedunt
246 2867 400 2946 opiniones
419 2866 456 2926 de
476 2866 562 2925 rebus
582 2867 689 2926 futuris
699 2911 708 2941 ,
737 2887 810 2945 quae
831 2866 967 2928 universo
986 2869 1103 2928 nomine
1123 2860 1221 2937 ἐλπὶς,
1241 2884 1315 2944 qua-

76 2976 170 3025 tenus
188 2976 283 3022 autem
301 2962 338 3021 ad
357 2975 402 3039 res
421 2964 516 3022 tristes
533 2964 700 3023 referuntur
709 3010 718 3040 ,
744 2956 850 3044 φόβος,
870 2973 975 3041 timor,
995 2980 1137 3044 quatenus
1156 2964 1193 3024 ad
1210 2963 1314 3034 laetas,

75 3056 214 3144 θόῤῥος,
228 3064 410 3139 confidentia
428 3059 579 3122 dicuntur.
608 3063 722 3122 Praeest
742 3065 821 3124 hisce
840 3063 975 3124 omnibus
984 3108 993 3138 ,
1012 3084 1099 3143 quae,
1119 3063 1192 3143 quid
1210 3061 1314 3121 melius

78 3164 116 3225 in
135 3164 173 3223 iis
189 3163 242 3235 sit,
269 3159 341 3239 quid
356 3161 452 3240 pejus,
482 3156 642 3234 discernit,
661 3171 757 3239 ratio,
775 3157 941 3243 λογισμός.»
954 3162 986 3244 2)
1015 3164 1097 3242 gllem
1116 3159 1224 3222 deinde
1244 3158 1314 3216 hos-

77 3282 135 3344 pes
162 3259 215 3319 ille
245 3259 359 3319 Cliniae
378 3271 406 3315 et
421 3254 559 3333 Megillo,
586 3277 643 3335 quo
665 3259 736 3323 haec
757 3277 944 3344 assequantur
964 3261 1100 3334 facilius,
1119 3255 1314 3338 imaguncula·
1392 3302 1394 3307 .

77 3378 148 3419 rum
160 3402 169 3433 ,
196 3374 268 3434 quae
295 3354 438 3414 funiculis
464 3368 638 3435 moventur,
667 3364 881 3444 comparatione
910 3358 1046 3440 explicat.
1093 3377 1108 3409 u
1117 3356 1241 3414 Affectus
1263 3350 1314 3424 hi,

78 3457 199 3535 inquit,
224 3467 257 3513 ut
275 3453 403 3512 funiculi
422 3450 541 3531 quidam
563 3467 613 3513 aut
632 3460 716 3519 nervi
738 3458 822 3518 nobis
842 3457 945 3517 natura
963 3457 1084 3527 insunt,
1112 3452 1238 3531 quibus,
1251 3436 1314 3508 'lu-

77 3553 230 3614 dicrorum
258 3553 378 3612 istorum
403 3551 494 3609 instar
519 3550 662 3612 trahimur
686 3555 915 3633 retrahimurque
935 3555 967 3612 in
987 3552 1082 3612 varias
1101 3562 1129 3607 et
1157 3549 1314 3607 contrarias

78 3665 188 3735 partes.
229 3650 345 3710 Talium
375 3647 624 3729 imaguncularum
651 3651 778 3712 ridicula
807 3652 936 3712 conditio
962 3663 1022 3723 est,
1043 3667 1133 3725 quum
1152 3645 1189 3705 ad
1208 3646 1313 3727 vulgus

77 3747 304 3822 oblectandum,
331 3754 467 3824 tanquam
499 3738 664 3827 θαύματα,
696 3750 898 3810 ostenduntur.
940 3747 998 3807 Nos
1028 3744 1163 3805 similiter
1181 3744 1313 3803 mortales

79 3845 296 3910 immortalibus
315 3846 379 3906 Diis
408 3838 555 3923 θαύματα
584 3849 724 3927 quaedam
752 3868 867 3923 sumus,
898 3846 1006 3926 quippe
1031 3864 1103 3922 quos
1131 3841 1264 3923 voluptas
1285 3854 1313 3899 et

79 3947 186 4020 dolor,
206 3966 270 4026 spes
289 3968 322 4006 ac
343 3961 453 4021 metus,
472 3949 527 4008 sibi
544 3950 672 4009 invicem
693 3947 868 4020 renitentes,
887 3945 945 4004 huc
965 3943 1037 4002 illuc
1056 3943 1145 4019 inque
1155 3939 1313 3998 contrarias

79 4058 179 4126 partes
206 4045 411 4105 distrahunt.»
457 4047 567 4107 Valent
594 4047 665 4105 haec
693 4046 803 4124 egregie
832 4044 869 4104 ad
898 4042 989 4101 animi
1011 4053 1144 4099 naturam
1164 4035 1314 4095 declaran-

81 4143 161 4203 dam.
202 4144 333 4203 Patiem
353 4145 385 4203 in
402 4145 568 4219 affectibus,
597 4164 658 4204 non
676 4164 768 4222 agene
788 4141 919 4202 conditio
935 4150 1112 4209 nostraest,
1144 4147 1175 4192 ut
1192 4132 1246 4191 hoc
1264 4133 1313 4210 ip-

118 4331 144 4397 1)
164 4331 211 4386 le.
226 4335 305 4387 latria
319 4352 345 4403 p.
360 4334 402 4387 60.
433 4288 437 4295 Ι

117 4416 145 4483 a)
164 4421 201 4472 oe
216 4421 288 4489 sqq.
307 4420 326 4472 1.
342 4420 402 4473 eu.
419 4420 446 4472 ο.
485 4419 523 4472 cr.
538 4421 592 4472 vu.
609 4419 661 4473 sos
676 4421 704 4473 c.
