2796 5048
701 232 760 295 554

119 403 245 479 tatibus,
266 403 380 465 dolores
407 400 577 478 doloribus,
591 394 708 462 'metum
729 415 828 480 metu,
859 402 1096 480 majus'minori,
1115 416 1253 482 tauquam
1271 425 1343 464 uum·

117 521 196 578 mos,
214 516 394 584 permutare3
411 499 467 560 sed
488 499 540 560 ille
558 498 704 560 duntaxat
729 513 823 560 rectus
846 501 884 561 sit
904 520 1057 576 nummus,
1086 522 1148 581 quo
1166 502 1235 562 haec
1257 506 1355 564 omnia·

111 598 246 683 'oporteat
270 599 455 672 commutari,
480 616 583 679 nempe
602 605 775 675 rapientia:
795 598 850 659 hoe
869 618 987 658 nummo
1003 611 1078 658 emta
1098 600 1279 680 uenditaque
1296 620 1345 662 om·

118 701 168 759 nia
198 718 295 781 reapse
314 709 399 758 erunt
418 695 577 770 fortitudo,
598 697 805 778 temperantia,
820 697 948 776 justitia,
973 699 1153 778 omninoque
1172 716 1243 758 vera
1263 699 1346 759 virtus

117 816 183 856 eum
209 797 370 877 sapientia,
398 797 458 856 sive
477 793 589 870 adsint,
614 795 676 855 sive
695 794 881 855 discesserint
901 797 1065 877 uoluptates
1075 842 1084 871 ,
1103 797 1222 857 timores
1232 843 1241 872 ,
1260 813 1346 857 caete·

116 914 205 974 raque
225 895 312 974 hujus
329 897 455 976 generis3
482 886 673 976 χωριζόμενα
694 889 730 954 δὲ
751 888 968 976 φρονήσεως
986 892 1036 955 καὶ
1057 888 1271 974 diluendum
1290 891 1346 957 duri

115 984 257 1074 ἀλλήλων
263 1040 273 1068 ,
297 987 343 1076 μή
365 993 545 1077 ωναγραφίσ
568 1017 613 1071 τις
634 989 660 1083 ᾖ
684 990 847 1079 ἡτοιαύτη
869 991 962 1079 σ’ρετῆ
970 1044 980 1073 ,
1006 995 1056 1058 stud
1077 997 1125 1083 aqi
1156 991 1221 1059 dm
1243 993 1346 1078 ἄνδρα·

114 1089 258 1178 νοσώδης
282 1117 314 1158 τε
338 1095 388 1158 καὶ
413 1093 502 1159 οὐδὲν
526 1092 606 1181 ὑγιὲς
635 1093 699 1161 orid'
725 1094 841 1181 ἀληθὲς
867 1093 941 1187 ἔχῃ·
968 1093 1007 1162 ad
1033 1095 1062 1161 δ’
1082 1095 1204 1182 ἀληθὲς
1227 1101 1273 1188 τῷ
1293 1095 1346 1163 ὄντι

113 1190 138 1286 ᾖ
163 1193 313 1280 europae
332 1222 377 1274 τις
398 1199 462 1262 τῶν
481 1197 627 1264 τοιούτων
647 1197 780 1278 πάντων,
808 1201 858 1264 καὶ
877 1197 900 1293 ἡ
921 1196 1099 1285 σωφροσύνη
1123 1201 1174 1264 καὶ
1194 1196 1219 1286 ἦ
1241 1204 1343 1266 δικαιο-

71 1386 75 1394 ¹
114 1296 186 1383 σύνη
216 1300 266 1363 καὶ
294 1326 314 1385 η
344 1298 478 1385 ἀνδρεία,
512 1303 560 1366 καὶ
592 1297 669 1388 oderi
699 1299 721 1388 ἤ
753 1297 938 1389 φρόνησις
967 1299 1014 1389 μή
1044 1299 1210 1387 καθαρμός
1243 1330 1288 1382 τις
1310 1299 1343 1394 ᾖ·

114 1411 163 1465 ain
190 1415 293 1465 autem
318 1426 337 1463 σ
362 1409 472 1484 prud
480 1416 570 1467 euti
578 1429 597 1466 σ
623 1418 781 1491 regregata
809 1420 899 1489 etqua
916 1417 1045 1469 invicem
1062 1419 1246 1489 permutata
1268 1417 1341 1484 rint,

115 1505 201 1578 aide,
230 1528 267 1563 ne
290 1512 395 1565 inania
421 1506 569 1585 quaedam
592 1510 715 1567 umbrae
739 1509 900 1586 descriptio
918 1510 992 1568 talis
1012 1516 1175 1595 virtueaa't
1194 1530 1234 1568 oc
1252 1531 1347 1589 reaper

114 1605 255 1678 omitia,
283 1625 336 1662 nee
362 1626 471 1664 eanum
499 1604 573 1684 quid
600 1616 656 1664 aut
681 1628 784 1664 oerum
813 1607 939 1666 haheat:
970 1608 1077 1666 horum
1096 1616 1205 1669 autem
1223 1617 1348 1668 marium

115 1708 269 1762 veriasime
289 1711 435 1784 purgatio
455 1712 497 1764 eit
515 1724 584 1764 cum
603 1711 806 1784 temperantia
816 1751 825 1781 ,
842 1714 907 1764 tum
924 1704 1072 1781 justitia,
1088 1714 1159 1764 tum
1175 1707 1345 1782 fortitudo,

114 1809 181 1880 ipso
199 1808 300 1860 autem
319 1809 464 1879 sapien
475 1811 510 1862 tt
520 1824 539 1861 o
560 1805 725 1862 remedium
743 1804 958 1883 utaliquando
979 1801 1008 1884 l)

157 1900 236 1959 Talis
261 1899 340 1980 apud
364 1900 513 1961 Platonem
532 1915 573 1961 est
592 1902 749 1983 sapientiae
767 1902 1000 1981 ¹caeterarumque
1020 1902 1164 1961 virtutum
1188 1924 1260 1964 cum
1278 1925 1346 1964 sanc·

114 1998 196 2071 titate
227 1997 416 2059 necessitudo.
458 2001 522 2076 Quo
550 2000 640 2080 magis
663 2001 826 2075 cernimus,
855 1999 980 2061 alienam
999 2000 1086 2082 plane
1105 2003 1173 2079 ejus
1193 1999 1344 2062 doctrinam

113 2093 151 2155 ab
174 2095 252 2155 omni
281 2099 482 2178 superstitione
499 2118 568 2158 esse.
610 2098 682 2157 Nam
702 2098 868 2179 superstitio
892 2099 972 2159 unde
991 2094 1120 2159 erebrius
1130 2145 1140 2174 ,
1162 2121 1253 2179 quam
1270 2121 1341 2160 ere-

113 2215 178 2253 rum
206 2193 368 2273 ignorantia
403 2192 663 2276 praejudicatisque
697 2193 886 2276 opinionibus
919 2197 1054 2256 exsistit?
1106 2198 1231 2260 Horum
1260 2211 1353 2278 autem

113 2291 318 2373 philosophus,
348 2293 398 2371 qui
427 2292 504 2352 idem
529 2306 571 2352 est
599 2294 729 2352 veritatis
753 2293 963 2373 amantissimus
991 2295 1215 2375 rectissimeque
1244 2298 1290 2358 via
1315 2295 1348 2355 ad

112 2390 284 2472 sapientiam
306 2389 478 2465 contendit,
509 2391 634 2450 maxime
660 2402 702 2450 est
731 2391 890 2452 immunis.⁴
920 2390 979 2453 Sed
1008 2389 1040 2452 id
1067 2392 1248 2474 priusquam
1276 2415 1346 2453 aeon·

113 2488 204 2547 ratius
232 2487 431 2569 exploremus,
450 2490 581 2570 persequi
603 2492 690 2570 juvat
717 2488 870 2549 sublimem
889 2489 1017 2551 Platonis
1036 2491 1072 2551 de
1096 2489 1152 2553 hoe
1173 2493 1243 2575 ipso
1264 2492 1345 2575 philo

23 2615 27 2623 =
112 2585 230 2668 sophiae
253 2606 372 2646 munere
401 2588 583 2649 sententiam.
629 2589 689 2648 «In
718 2588 846 2649 Deorum
873 2608 942 2649 vero
962 2608 1051 2670 genus
1074 2627 1110 2640 -
1129 2589 1203 2649 haec
1225 2588 1342 2652 Socrate

41 2730 44 2735 -
112 2706 197 2766 porro
224 2683 322 2746 (lebeti
345 2723 378 2733 -
396 2684 473 2744 nulli
504 2687 548 2746 fas
566 2702 608 2747 est
625 2686 778 2768 pervenire
790 2731 798 2760 ‚
817 2700 1019 2768 praeterquam
1038 2683 1119 2761 illis,
1140 2686 1194 2767 qui
1212 2690 1345 2750 discendi

110 2782 272 2865 eupiditate
296 2783 467 2864 flagrantes,
498 2786 563 2866 puri
592 2784 797 2846 discesserunt.
839 2783 952 2845 Horum
978 2784 1025 2844 illi
1045 2782 1136 2865 gratia
1155 2786 1195 2845 ah
1219 2789 1347 2848 omnihus

111 2883 238 2964 eorporis
265 2881 475 2964 cupiditatibus
504 2882 662 2945 abstinent.
713 2883 819 2944 Sciunt
850 2883 947 2958 euim,
978 2880 1195 2964 philosophiam
1228 2886 1347 2968 ipsorum

111 2982 238 3040 animum
249 3027 258 3057 ,
284 2981 416 3042 vinctum
451 2981 538 3063 plane
573 2982 705 3065 corpori,
742 3001 775 3041 ae
801 3000 855 3063 per
885 3000 1011 3064 corpus,
1040 2995 1178 3060 tanquam
1211 3002 1268 3064 per
1294 3002 1367 3049 car,

111 3097 205 3137 cerem
231 3077 394 3158 quendam,
425 3098 469 3138 res
489 3079 672 3141 considerare
690 3093 835 3141 eoactumt
863 3080 978 3156 sciunt,
1004 3078 1143 3159 inquam,
1167 3080 1212 3140 sie
1241 3103 1272 3142 se
1300 3080 1347 3142 ha-

110 3174 227 3236 bentem
254 3175 382 3256 ipsorum
409 3178 537 3237 animum
567 3177 780 3260 philosophiam
809 3179 991 3260 suscipere,
1003 3177 1166 3257 sensimque
1195 3176 1346 3240 admonere

111 3293 144 3334 aa
174 3273 285 3334 solvere
315 3276 432 3350 conari,
462 3275 678 3350 ostendentem,
707 3276 799 3335 fallax
827 3295 889 3337 esse
916 3276 1082 3352 oculorum,
1112 3275 1210 3336 fallax
1239 3278 1346 3338 aurium

111 3384 341 3453 caeterorumque
366 3384 503 3434 sensuum
518 3372 684 3454 judicium,
708 3388 769 3434 tum
789 3392 857 3435 vero
881 3375 1070 3449 suadentem,
1100 3385 1133 3434 ut
1158 3375 1295 3438 discedat
1313 3374 1346 3436 ab

111 3472 171 3546 his,
202 3492 231 3531 se
256 3460 351 3554 ipsum
374 3482 490 3533 revocet
518 3470 590 3533 inde
613 3487 699 3553 atque
725 3472 860 3554 colligat,
879 3492 933 3532 nec
954 3471 1031 3548 ulli,
1050 3486 1256 3557 praeterquam
1275 3473 1345 3548 sibi,

110 3568 198 3628 fidem
223 3570 335 3633 haheat.
377 3573 464 3631 Hunc
491 3583 585 3630 autem
614 3571 645 3631 iu
672 3571 789 3631 modum
816 3592 882 3630 cum
910 3571 1032 3631 solverit
1061 3571 1189 3652 ipsorum
1221 3574 1346 3632 animun

111 3667 314 3751 philosophia,
342 3669 422 3730 haud
449 3666 628 3729 arbitrantur
657 3682 804 3752 oportere,
835 3671 939 3729 iterum
968 3670 1054 3729 illum
1084 3669 1288 3751 voluptatibus
1316 3689 1344 3730 ae

111 3767 261 3827 doloribus
289 3768 414 3844 dedere,
441 3770 605 3848 'iterumque
633 3769 745 3828 vincire
773 3782 857 3849 atque
883 3769 998 3829 irritum
1023 3786 1094 3850 opus
1123 3770 1220 3829 facere
1232 3817 1241 3846 ,
1269 3769 1343 3849 quasi

110 3866 197 3926 telam
224 3866 382 3948 Penelopes
407 3880 579 3928 retexentes.
619 3868 769 3928 imovero
797 3869 899 3928 horum
919 3865 1128 3948 tranquillitati
1145 3867 1269 3928 studens
1286 3868 1344 3950 phi·

55 3989 59 3996 ·
111 3960 295 4047 losophoium
327 3986 422 4044 meus,
453 3959 585 4046 ἑπομένη
617 3966 662 4052 τῷ
693 3965 825 4051 λογισμῷ
854 3964 903 4026 καὶ
933 3961 985 4027 u'ah
1010 3965 1042 4027 ἒν
1071 3958 1178 4052 τούτῳ.
1201 3959 1344 4046 σῦσα,τό

112 4050 275 4147 hiltrude,
301 4063 351 4127 nul
374 4061 413 4128 td
444 4069 562 4144 θεῖον,
588 4065 638 4128 καὶ
662 4063 700 4130 ro*
719 4061 926 4140 α’δόξαστσν
952 4063 1109 4150 θεωμένη,
1132 4067 1182 4129 καὶ
1204 4063 1256 4129 ὑπ’
1277 4066 1343 4130 ἑκεί-

111 4186 163 4228 νου
187 4158 381 4253 τρεφομένη,-
399 4164 458 4251 [iit
481 4192 511 4230 rr
541 4165 636 4244 οὕτως
658 4165 747 4232 οἴεται
773 4169 848 4245 δεῖν,
874 4166 931 4244 ἕως
958 4164 994 4231 ἂν
1015 4168 1137 4270 ζῇϊκαὶ
1161 4166 1285 4235 ἐπειδᾶν
1302 4194 1344 4234 tr·

146 4450 171 4513 1)
190 4454 281 4506 rtaet.
301 4454 342 4506 68.
362 4452 503 4507 1).-69.
526 4453 555 4507 G.
