2796 5048
657 262 726 332 Ι163

45 435 204 523 quidem
221 434 389 494 Ciceronem
407 435 448 492 sic
458 479 466 507 ,
499 449 530 492 ut
554 436 689 511 fecimus,
707 458 721 493 a
744 438 862 499 caeteris
888 437 1047 497 oratoribus
1074 418 1240 501 distinxisse
1258 442 1311 502 De·

50 532 271 601 mosthenem.
313 530 371 591 Sed
388 531 472 590 aliter
490 533 549 590 fere
567 533 693 592 rhetores
715 533 760 613 de¹
773 534 889 614 scriptis
901 533 1055 612 judicant,
1087 536 1171 596 alitor
1189 526 1311 599 oratores

53 650 79 697 er
91 628 316 711 philosophi:
338 629 383 688 illi
404 630 541 721 orationis
560 631 679 689 formam
698 632 871 705 attendunt,
897 632 927 690 hi
944 634 1008 693 rim·
1025 635 1189 694 interiorem
1207 638 1311 717 exqui-

57 739 135 795 runt
174 728 354 808 diligentius.
384 728 483 807 Itaque
503 729 535 787 in
549 730 740 789 Demosthene
760 729 903 788 Socratem
928 745 956 789 et
977 732 1124 791 Platonem
1143 754 1307 814 agnoscere,

60 829 226 906 Dionysio
245 840 307 885 erat
324 825 549 903 difficillimum,
582 829 699 897 facilius
729 829 882 903 Ciceroni,
904 830 1010 911 quippe
1039 832 1088 910 qui
1115 847 1143 890 et
1169 848 1263 893 orator
1283 846 1311 892 et

10 924 13 949 ³
69 921 274 1010 philosophus
294 938 363 984 erat.
405 926 442 1005 Et
462 927 582 986 veroin
603 926 655 986 illo
676 926 713 986 ad
734 927 854 986 Brutum
875 927 911 985 de
936 929 1057 1011 perfecti
1083 932 1201 989 oratoris
1221 932 1311 990 forma

10 1022 20 1107 l
75 1012 285 1105 hhpllo'idem
310 1022 389 1081 haud
409 1010 736 1104 ohscure⁴significavit
780 1025 854 1083 «Nee
881 1024 986 1101 latius,
1012 1028 1071 1101 ait,
1093 1048 1145 1086 nec
1170 1030 1311 1110 copiosius

10 1120 26 1197 ξ
87 1120 249 1202 demagnis
267 1122 411 1201 variisque
438 1122 524 1181 rebus
542 1122 604 1188 sine
633 1122 816 1203 philosophia
835 1125 1093 1204 potestquisquam
1120 1125 1225 1186 dicere.
1267 1126 1314 1185 sia

10 1202 33 1317 'p
92 1214 204 1295 quidem
228 1221 313 1287 ctiam
333 1219 366 1277 in
384 1218 515 1279 Phaedro
532 1219 660 1279 Platonis
678 1220 732 1280 hoc
744 1220 892 1297 ‚Periclem
910 1223 1082 1302 praestitisse
1100 1224 1219 1284 caeteris
1239 1224 1311 1282 dicit

10 1312 38 1379 ‘ef
96 1292 248 1377 oritorihus
276 1306 445 1393 Socrdtes,·⁴
454 1317 532 1395 quod
559 1318 584 1376 is
609 1325 794 1398 Anaxagorae
821 1300 939 1400 physici
959 1319 1048 1379 fuerit
1072 1320 1203 1381 auditor:
1235 1323 1311 1400 qaod

17 1382 41 1457 ἑ
98 1404 169 1471 itltiu
193 1419 228 1477 {le
254 1415 453 1517 Denpsthene
478 1402 653 1475 erislimeri
677 1426 803 1494 potest:
834 1424 923 1494 cajus
954 1441 989 1476 eo
1018 1421 1151 1496 epistolis
1174 1422 1311 1500 intelligi

42 1534 47 1543 ·
99 1504 178 1589 licet,
197 1506 286 1597 qaam
296 1516 450 1595 frequens
467 1517 578 1591 faerit
595 1502 738 1574 Plethmis
764 1518 913 1575 auditor.»
941 1515 970 1595 l)
991 1518 1154 1592 Caeterum,
1172 1532 1311 1596 quantum

94 1601 155 1683 lpas
170 1612 279 1673 Platoni
298 1612 449 1687 debuerit,
470 1624 536 1672 cum
555 1612 652 1674 ubivis
670 1615 794 1691 fatetur,
814 1628 875 1673 tum
895 1615 993 1675 eodem
1012 1614 1066 1674 hoe
1085 1596 1196 1676 lihello.
1226 1616 1311 1696 «Ego

90 1716 201 1787 auten,
230 1713 290 1787 ait,
324 1726 352 1772 et
378 1732 423 1769 me
451 1733 533 1792 saepe
562 1700 638 1771 ndva
668 1711 762 1771 videri
791 1694 1057 1793 dicereintelligo,
1078 1733 1142 1771 cum
1162 1727 1311 1794 pervetera
1340 1732 1343 1736 ·

83 1792 200 1885 dicam,
219 1809 271 1870 sed
292 1788 423 1870 initidita
444 1809 606 1890 plerisque:
637 1820 667 1867 et
686 1810 813 1884 sated'r,
835 1833 880 1868 me
903 1821 1069 1885 oratorem,
1091 1819 1118 1870 si
1133 1814 1212 1870 modo
1230 1820 1306 1886 eim,

77 1904 437 1989 “utetiom'quieunqae
457 1917 529 1983 sim,
550 1922 608 1966 non
624 1931 659 1966 ee
676 1910 832 1967 rhetorum
848 1910 996 1989 ficietis,
1017 1911 1068 1968 sed
1084 1932 1119 1967 eo
1130 1912 1310 1968 Academiae

10 2056 14 2083 ,
73 2012 197 2069 matra
223 2015 383 2067 exstitisse.
415 2006 482 2091 'Illa
510 2008 588 2066 enim
612 2021 680 2066 sunt
709 2006 853 2066 curricula
877 2007 1084 2088 multiplicium
1111 2006 1310 2086 varioiuffipue

10 2104 16 2145 3
70 2108 268 2181 sefirtonum,
282 2114 315 2164 in
335 2108 442 2184 quidus
456 2106 598 2164 Platonis
608 2113 747 2183 primam
761 2116 834 2164 sunt
848 2113 995 2185 impressa
1012 2092 1088 2165 recti
1117 2096 1312 2167 'zss-Omm's

10 2246 13 2251 -
68 2206 169 2262 mim
187 2208 309 2264 abortae
332 2215 362 2264 et
386 2213 475 2283 quasi
494 2206 578 2283 syloa
604 2206 724 2263 dicendi
749 2206 841 2263 dueta
869 2208 905 2262 ab
932 2207 1088 2264 illiceat.»
1163 2190 1312 2263 ¹Verunta-

10 2318 15 2371 ζ
65 2304 158 2362 men
173 2303 318 2363 rhetorum
336 2290 510 2363 Graecorum
530 2295 633 2378 leciio,
655 2302 760 2383 quihus
778 2324 794 2360 a
811 2304 917 2362 teneris
941 2303 1067 2367 imbutus
1086 2305 1181 2362 fuerat
1198 2303 1310 2376 Cicero,

10 2428 31 2679 p
65 2384 150 2457 alio
167 2396 285 2462 videtur
303 2404 365 2480 ejus
382 2416 507 2460 mentem
525 2399 690 2461 abduxisse.

250 2597 308 2656 De
329 2584 390 2673 00⁸,
411 2602 513 2677 quod
532 2588 839 2674 ineloquentia
860 2607 921 2656 est
941 2620 1143 2657 summum.

392 2696 428 2727 1„

10 2762 15 2869 i
48 2776 56 2797 '
114 2770 172 2867 'Eo
189 2778 331 2859 pertinuit
348 2790 407 2837 tota
424 2777 494 2837 haee
514 2774 671 2857 disputatio
692 2789 807 2850 nostra,
819 2789 872 2851 ut,
888 2798 974 2855 quam
992 2778 1114 2836 maxime
1133 2796 1198 2834 cum
1216 2774 1312 2833 Socra·

10 2876 15 2939 i
66 2876 121 2925 ¹⁶⁸
137 2918 151 2946 ,
168 2888 230 2934 tum
250 2866 416 2957 praesertim
435 2875 516 2935 Plato
533 2872 932 2956 probaveriteloquentiam,
953 2876 1183 2956 perspiceremus.
1226 2871 1311 2947 Quod

67 2982 172 3048 siue,
191 2974 250 3034 nisi
264 2972 408 3033 Socratica
418 2956 571 3055 ¹perspecta
586 2969 742 3061 disciplina
747 3016 755 3045 ,
778 2972 904 3051 intelligi
914 2995 974 3031 non
984 2986 1090 3052 potest:
1112 2985 1208 3052 patere
1217 2985 1310 3030 autem

68 3078 109 3118 ⁰⁰
121 3073 311 3132 manifestius
325 3072 455 3146 videtur,
471 3094 527 3151 quo
542 3073 634 3152 ipsam
647 3070 726 3149 apud
735 3070 858 3130 Graecos
868 3071 1047 3149 eloquentiae
1057 3070 1203 3129 historiam
1212 3069 1310 3149 explo-

85 3171 257 3249 evorinus,
277 3160 456 3250 diligentius.
496 3170 553 3230 Sed
584 3170 651 3230 licet
681 3170 765 3230 nobis
783 3190 820 3227 ex
841 3168 938 3226 eadem
951 3165 1152 3246 disputatione
1170 3167 1226 3226 alia
1245 3168 1312 3226 item

131 3286 210 3329 cere.
252 3267 419 3349 Efficimus,
440 3270 512 3348 quid
531 3271 630 3329 Cicero
649 3269 837 3352 spectaverit,
858 3286 945 3343 quum
966 3286 1025 3324 esse
1046 3264 1232 3324 contenderet
1247 3260 1319 3323 orass

71 3364 180 3424 toPeru
190 3368 374 3448 perfectum,
396 3369 458 3426 sine
473 3368 569 3427 studio
587 3368 803 3449 philosophiae,
825 3384 884 3423 non
898 3384 997 3444 posse:
1019 3362 1050 3444 3)
1065 3361 1220 3437 efficimus,
1240 3363 1311 3441 quid

10 3454 12 3491 ³
73 3470 203 3524 caursae
221 3487 280 3525 esse
304 3467 457 3547 praecipue
477 3465 612 3549 videatur
622 3513 631 3542 ,
654 3480 703 3543 ut,
723 3465 819 3547 prouti
842 3463 1047 3522 Demosthenes
1064 3462 1142 3542 apud
1171 3462 1311 3536 Graecos,

19 3586 21 3591 ·
75 3548 121 3610 ilfi
147 3565 226 3644 apud
244 3556 397 3624 Romanol'
407 3564 484 3623 idem
502 3563 583 3625 hicce
602 3567 701 3626 Cicero
720 3562 899 3641 eloquentiae
920 3561 1115 3641 principatum
1143 3560 1309 3620 obtinuerit.

77 3644 138 3711 Esst
161 3661 267 3722 scilicet
288 3664 406 3721 omnino
423 3677 499 3722 arcta
513 3664 652 3742 quaedam
662 3709 671 3738 ,
694 3677 724 3720 ut
742 3660 793 3718 ille
809 3659 899 3732 vidit,
920 3656 1118 3738 philosophiae
1132 3672 1161 3739 et
1180 3658 1311 3738 eloquen-

26 3688 58 3863 ἱ
80 3742 147 3809 5¹¹⁰
172 3760 364 3820 necessitudo:
386 3761 447 3841 ipse
467 3775 559 3820 autem
581 3784 596 3820 a
616 3776 712 3820 tenera
733 3766 822 3817 aetate
838 3756 1092 3838 praestantissimos
1110 3756 1231 3815 Athenis
1246 3757 1308 3838 phi·

83 3838 222 3943 l⁰⁸01mos
240 3859 408 3934 audiverat,
428 3873 455 3918 et
481 3881 562 3939 vero,
586 3859 662 3918 unde
688 3859 813 3916 fructum
837 3854 965 3936 percepit
988 3853 1025 3911 ad
1051 3854 1124 3912 hene
1154 3854 1311 3913 dicendum

86 3939 251 4017 uberiorem
269 3959 354 4017 etiam
365 4003 373 4032 ,
395 3958 535 4017 nocturni:
563 3958 724 4034 diurnaque
744 3976 831 4013 manu
856 3953 961 4033 scripta
988 3967 1148 4012 versaverat
1166 3952 1291 4011 Platonis
1302 3998 1310 4026 ,

86 4043 194 4113 quibu,
216 4059 256 4117 sie
285 4071 385 4137 captus
413 4070 454 4115 est
466 4103 473 4130 ,
497 4071 528 4114 ut
552 4055 726 4115 Socraticum
756 4074 784 4112 se
812 4067 839 4111 ct
866 4051 1044 4110 Platonicum
1074 4051 1228 4123 fateretur,
1252 4051 1309 4124 sic,

84 4132 189 4209 iisdem
217 4156 367 4236 legendis,
388 4155 531 4214 Socratica
554 4169 582 4212 et
604 4154 752 4213 Platonica
780 4150 962 4231 philosophia
986 4149 1112 4207 imbutus
1136 4160 1193 4221 est,
1216 4152 1265 4223 ut',
1285 4147 1309 4206 si

83 4251 344 4288 ᾨ-

110 4312 139 4376 Ῑ)
160 4324 238 4384 Orat.
257 4349 280 4384 e.
298 4335 323 4383 h.

103 4394 132 4458 2)
153 4408 229 4470 an.
248 4435 270 4470 ο.
290 4416 314 4468 s.

97 4477 127 4543 3)
148 4491 229 4554 Eoo.
248 4522 269 4555 c.
288 4501 304 4553 3
323 4512 349 4553 et
366 4505 390 4552 t.
