2796 5048
663 197 721 257 olo

75 383 221 450 oportere,
254 365 311 423 nisi
341 361 418 440 quod
437 369 626 438 potissimum
646 361 683 418 sit
702 372 730 440 et
747 364 912 435 optimum:
933 362 1082 411 caeterum
1101 349 1221 410 eundem
1235 351 1282 409 iten

75 475 163 544 pejus
192 460 377 542 cognovisse:
410 459 497 536 hujus
527 459 605 516 enim
634 456 757 517 eandem
777 452 927 513 seientiam
947 451 1041 511 esse.’'
1065 449 1095 531 l)
1144 448 1285 529 EquaSe

76 565 181 623 eratica
210 558 289 640 apud
314 557 463 616 Platonem
494 554 690 636 disputatione
719 551 877 647 efficimus,
907 571 967 609 non
999 549 1188 610 abhorruisse
1207 547 1238 606 ah
1252 547 1288 605 illa

77 660 197 720 scientia
211 670 374 728 auctorem,
395 654 445 717 sed
465 674 551 734 sopra
573 666 697 712 nostram
717 650 884 710 facultatem
904 648 1024 729 positam
1040 668 1103 706 esse
1122 645 1290 705 existimasse:

78 756 269 834 intelligimus
298 767 391 812 autem
417 751 522 825 simul,
553 750 586 809 id
618 750 702 808 illum
734 749 857 806 maxime
876 758 1036 826 spectasse,
1061 758 1095 803 ut
1115 743 1247 816 haberet,
1262 763 1295 800 ιι-

77 857 212 914 eundum
232 855 306 927 quod
325 852 362 912 de
392 851 478 910 rebus
496 849 631 908 omnihus
653 847 828 929 gravissimis
855 845 1033 904 existimaret
1060 856 1151 901 recte.
1192 842 1229 900 Et
1241 840 1297 912 hoe,

78 952 157 1034 quod
177 951 317 1032 spectavit
328 995 337 1024 ,
358 953 390 1008 ni
411 948 560 1020 fallimur,
582 946 660 1006 illud
680 961 738 1021 est,
761 946 839 1025 quod
857 945 890 1002 in
909 941 1032 1021 dialogis
1052 940 1223 1021 plerisque,
1239 959 1300 1020 prae·

78 1053 175 1111 sertim
200 1051 231 1108 in
252 1047 475 1128 metaphysicis,
495 1066 566 1123 quos
586 1044 734 1119 diximus,
755 1027 936 1125 ἀφίστασαι
963 1060 1022 1099 nos
1047 1053 1149 1099 autem
1178 1036 1302 1129 appellare

79 1150 314 1225 metaphysicam
335 1145 464 1204 Platonis
485 1146 656 1201 doctrinam
677 1144 809 1203 solemus.

120 1244 358 1304 animadvertere
386 1243 440 1301 hoc
469 1261 567 1301 omnes
595 1240 749 1316 decuerat,
779 1241 947 1320 quicunque
977 1235 1173 1317 interpretari
1197 1231 1306 1294 Platonis

78 1343 304 1424 metaphysicam
332 1341 454 1420 aggressi
487 1326 564 1398 sunt.
605 1338 741 1420 Ineptum
768 1340 822 1398 hoc
851 1356 957 1397 nomen
983 1346 1045 1409 est,
1077 1354 1139 1412 quo
1158 1328 1308 1414 philosophi

80 1443 242 1502 doctrinam
270 1439 474 1520 appellarunt:
507 1437 563 1517 ipsi
590 1435 663 1496 adeo
692 1436 890 1497 Aristotelicas
919 1432 1072 1494 doctrinae
1091 1453 1157 1491 uon
1179 1429 1307 1491 convenit

80 1539 206 1598 Voeavit
226 1540 251 1597 is
270 1559 351 1611 eam,
373 1550 404 1594 ut
423 1536 569 1610 vidimus,
589 1527 645 1615 τήν
666 1529 789 1617 πρώτην
811 1527 1005 1615 φιλοσοφίαν,
1026 1531 1135 1590 statuit
1154 1550 1219 1590 eam
1235 1529 1310 1610 ipsam

83 1632 193 1715 σοφίαν
215 1654 273 1693 esse
283 1679 291 1708 ,
302 1635 410 1713 quique
428 1655 489 1692 eam
507 1649 683 1712 tractarent,
694 1637 746 1697 hos
764 1633 964 1718 philosophari
984 1626 1176 1710 θεολογαιῶς
1195 1627 1270 1689 dixit
1277 1623 1309 1705 2),

82 1735 295 1817 metaphysicae
313 1750 417 1791 nomen
437 1733 600 1814 inscriptis
621 1736 773 1816 usurpavit
793 1754 944 1813 nusquam.
984 1734 1049 1793 Usu
1078 1744 1184 1791 autem
1201 1723 1311 1787 invaluit

82 1849 180 1917 postea
192 1879 200 1906 ,
222 1846 254 1890 ut
273 1851 379 1889 nomen
396 1829 474 1890 illud
494 1830 729 1892 scholasticorum
747 1833 779 1892 in
802 1833 904 1914 primis
933 1829 1114 1904 doctrinae,
1138 1848 1218 1907 quae
1234 1820 1311 1883 medlo

82 1954 154 1992 aevo
172 1929 303 2003 exstitit,
324 1928 510 1988 tribueretur.
552 1931 617 2004 Quo
636 1929 761 2006 accidit,
784 1945 833 2006 ut,
854 1928 933 2009 quod
952 1950 1038 2010 supra
1058 1927 1250 1998 monuimus,
1267 1926 1311 1984 ho·

83 2051 147 2089 rum
165 2028 292 2108 argutiae
310 2040 339 2084 et
357 2047 492 2106 perversa
512 2027 739 2109 philosophandi
761 2030 834 2088 ratio
859 2026 1026 2101 Aristoteli,
1058 2039 1208 2104 tanquam
1225 2023 1312 2085 doctri·

85 2149 140 2187 nae
167 2125 295 2199 auctori,
327 2124 385 2182 imo
410 2145 479 2183 vero
508 2125 612 2186 divino
639 2127 754 2185 Platoni
785 2125 988 2185 obtruderetur
1005 2121 1047 2204 3).
1101 2123 1200 2183 Nobis
1226 2122 1313 2181 iccirco

85 2239 187 2297 caute,
219 2224 243 2281 si
272 2221 436 2280 doctrinam
463 2221 593 2282 Platonis
621 2238 698 2283 recte
726 2224 911 2306 interpretari
938 2222 1080 2297 velimus,
1113 2221 1313 2303 metaphysicae

85 2345 191 2382 nomen
212 2317 410 2399 usurpandum
435 2332 485 2379 est.
527 2321 737 2400 Relinquamus
757 2321 834 2381 illud
853 2320 1050 2395 scholasticis,
1081 2321 1182 2399 iisque
1200 2317 1313 2400 philoso-

86 2420 171 2500 phis,
196 2419 247 2496 qui
275 2416 312 2474 ab
338 2436 435 2474 eorum
465 2417 599 2478 sordibus
635 2442 756 2500 purgare
791 2418 1016 2500 metaphysicam
1043 2418 1260 2492 instituerunt,
1285 2413 1313 2473 de

87 2515 240 2576 Aristotele
259 2528 354 2572 autem
373 2526 400 2572 et
419 2514 557 2590 Platone,
580 2530 611 2576 ut
631 2539 699 2578 vero
720 2518 837 2578 nomine
866 2518 1014 2594 utriusque
1041 2515 1216 2577 doctrinam
1232 2513 1314 2596 philo-

86 2613 287 2695 sophandique
305 2612 446 2670 rationem
465 2613 660 2693 significemus
680 2630 765 2695 atque
779 2616 974 2695 exprimamus
985 2659 993 2688 ,
1004 2614 1045 2673 sic
1055 2613 1313 2694 pronunciandam:

87 2713 297 2772 Platonem
313 2711 558 2788 philosophatum
576 2714 748 2794 simpliciter
764 2734 846 2788 esse,
864 2726 896 2771 ut
915 2734 931 2772 a
948 2712 1096 2791 magistro,
1125 2710 1314 2793 philosophiae

88 2823 227 2891 parente,
249 2807 411 2881 didicerat,
432 2811 622 2887 quaesivisse,
644 2812 717 2890 quid
736 2811 888 2892 pulcrum,
919 2809 992 2889 quid
1010 2809 1144 2885 bonum,
1176 2809 1250 2890 quid
1263 2811 1314 2887 jos·

88 2923 167 2979 tum,
188 2905 261 2983 quid
281 2906 399 2964 omnino
419 2927 519 2981 verum
544 2923 634 2983 esset,
667 2911 744 2968 reeta
762 2922 856 2967 autem
877 2907 914 2967 de
933 2901 980 2968 his
997 2907 1112 2966 ratione
1132 2908 1314 2986 quaesivisse,

90 3019 121 3063 ut
149 3002 347 3080 disquisitioni
365 3002 531 3062 'adhiberet
569 3007 770 3066 dialecticam:
811 3007 916 3065 iccirco
946 3005 1072 3086 simplici
1106 3001 1314 3086 φιλοσοφίας

90 3102 206 3161 nomine
227 3101 289 3174 ejus
307 3099 436 3158 studium
454 3123 485 3160 ae
517 3102 679 3162 doctrinam
699 3103 842 3184 appellari
870 3116 1019 3184 oportere,
1050 3107 1313 3169 Aristotelen

90 3221 158 3259 vero
186 3196 273 3254 altius
303 3209 479 3276 spectantem
507 3215 535 3259 et
563 3223 725 3289 caussarum
746 3201 817 3261 adeo
836 3201 985 3260 scientiam
1004 3202 1215 3286 philosophiae
1233 3200 1313 3265 vindi.

87 3311 201 3356 cantem
211 3338 219 3366 ,
240 3286 388 3373 ιιριιίτην
408 3296 553 3372 quandam
571 3301 745 3378 excogitasse
766 3294 1004 3380 φιλοσοφίαν,
1025 3324 1205 3382 quamquam
1217 3300 1312 3385 proprie

90 3418 150 3454 non
171 3409 242 3455 esset
266 3391 442 3476 φιλοσοφία,
472 3400 522 3459 sed
543 3393 635 3476 σοφία
654 3401 716 3482 ipsa
727 3447 735 3476 ,
765 3403 908 3462 imovero
928 3396 1070 3480 θεολογία
1090 3403 1246 3483 quaedam

131 3494 188 3553 Sed
209 3497 375 3558 invenimus
389 3500 469 3577 jam,
497 3512 528 3556 ut
551 3498 635 3558 nobis
665 3501 721 3561 visi
743 3521 858 3574 sumus,
887 3500 960 3579 quid
988 3501 1106 3581 proprie
1125 3502 1163 3559 sit
1182 3495 1311 3578 metaphy-

90 3593 149 3650 sica
169 3594 298 3654 Platonis
328 3595 564 3675 intelligendum.
606 3597 694 3656 Misso
720 3598 808 3676 igitur
836 3598 1014 3659 scholasticis
1029 3598 1084 3657 hoc
1106 3598 1242 3671 nomine,
1261 3591 1311 3663 vel,

92 3691 117 3747 si
148 3713 213 3749 cum
242 3695 365 3752 maxime
396 3693 598 3752 adhibendum
636 3694 835 3776 philosophiae
862 3698 1027 3757 Platonicae
1062 3695 1220 3770 rideatur,
1251 3688 1309 3751 παλ

90 3803 207 3868 accepto
226 3792 387 3865 sententia,
409 3813 445 3850 ex
466 3793 536 3873 ipsis
552 3795 612 3869 jam
631 3815 716 3874 porro
736 3794 864 3855 Platonis
892 3797 1007 3877 seriptis
1018 3841 1026 3869 ,
1055 3793 1153 3874 qualis
1173 3793 1242 3853 haec
1259 3789 1309 3849 doc·

92 3887 167 3944 trina
189 3888 226 3945 sit
246 3908 358 3967 quoque
379 3890 527 3949 tractanda
547 3890 631 3949 modo
641 3937 650 3964 ,
672 3892 864 3968 exquiramus.

95 4076 362 4088 ————-—-.-

128 4196 151 4256 l)
174 4200 265 4250 Ρλαοιί.
285 4199 328 4250 97.
348 4201 376 4250 Β.
397 4200 425 4253 C.
444 4201 475 4251 D.

124 4281 152 4345 2)
170 4285 277 4337 Aristot.
296 4288 403 4355 llletoplr.
421 4287 451 4338 V.
470 4305 495 4354 p.
515 4287 572 4340 100.
593 4287 640 4340 co.
659 4290 736 4341 Initio
753 4307 778 4357 p.
797 4289 864 4355 351,
883 4290 941 4342 375.

124 4365 151 4429 3>
170 4370 255 4422 Initio.
275 4389 299 4437 p.
318 4371 377 4422 353.
