2774 5048
646 220 712 298 to'

83 409 140 457 terat
152 407 315 479 cognatur,
337 409 366 457 ot
385 400 484 477 qualia
511 402 673 477 aliquando
682 402 795 477 floret,
817 410 843 460 ot
861 411 941 462 totus
964 410 1100 482 omniqua
1123 413 1191 464 nisu
1218 406 1274 464 illu

78 505 276 575 proeponatur
293 506 322 553 ct
341 498 394 588 hoq
412 490 524 573 inipetu
545 521 559 555 a
578 507 659 557 muri
678 509 860 579 emergeret,
881 507 914 557 in
935 524 990 578 quo
1015 523 1093 559 auno
1115 506 1275 582 agitatur,

78 603 179 654 omnir
205 594 357 670 lapidibus
371 605 401 653 ot
419 597 595 674 conchyliis,
618 618 693 673 quoa
717 618 797 654 nunc
816 604 844 655 ai
853 642 860 669 ,
882 606 988 676 quippe
1007 607 1138 659 terronis
1159 609 1277 661 nutrito

75 694 154 766 odae,
173 686 297 751 emona
317 701 347 749 ct
359 703 481 769 petroso
505 704 534 752 ct
553 704 689 774 agrestio
719 702 919 752 circumcirca
945 699 1176 772 inhaerescunt,
1201 721 1275 778 pro-

71 793 247 867 ptcrlootor,
271 811 345 867 quaa
358 792 523 877 dicuntur,
544 795 727 868 epulationes
736 819 746 850 .·
766 789 815 852 καὶ
834 786 897 852 τότ’
916 787 952 853 liv
972 817 1016 869 τις
1035 790 1095 856 i'doo
1111 790 1202 878 αὐτῆς
1222 790 1277 878 τήν

71 882 153 968 ulpia}
173 880 272 966 pluer
295 898 369 946 tum
396 890 531 947 demum
551 899 633 968 quio
661 905 791 950 carnut
809 916 929 952 oerum
948 903 1029 972 ojus
1047 906 1228 958 naturum.
1248 896 1277 978 l)

97 989 266 1049 Praeclaram
283 1000 379 1046 autem
397 986 472 1046 hanc
493 989 581 1047 animi
602 988 731 1049 indolem
760 993 789 1050 in
809 992 938 1053 Phaedro
956 993 1134 1073 potissimum
1152 995 1277 1055 celebra·
1312 1038 1316 1043 -

72 1088 102 1146 a
123 1087 216 1161 ruso,
246 1085 296 1143 ubi
325 1085 476 1165 pristinam
505 1088 566 1163 ejus
593 1087 787 1147 conanonem
820 1090 927 1150 unsis
959 1074 1088 1152 socole
1115 1091 1275 1173 aeorspsn.

71 1187 143 1259 Quam
160 1205 228 1244 sane
247 1182 470 1263 descriptionem
489 1184 569 1244 haud
589 1198 692 1244 temore
716 1186 844 1246 dicamus
862 1187 1012 1248 exordium
1028 1209 1086 1248 esse
1105 1189 1228 1249 sublime
1250 1202 1279 1248 et

48 1284 132 1361 ¹quasi
150 1277 351 1364 προοίμιον
371 1282 522 1341 universae
540 1282 737 1364 philosophiae
755 1285 928 1346 Platonicae.
959 1286 1016 1345 Nec
1036 1306 1103 1345 sane
1122 1285 1279 1365 quidquam

73 1379 125 1461 fingi
141 1397 271 1464 poterat,
291 1380 369 1460 quod
389 1379 502 1439 excelso
521 1379 685 1460 philosophi
701 1383 845 1463 proposito
864 1385 958 1465 aptius
977 1396 1048 1443 esset
1061 1397 1089 1443 et
1105 1384 1229 1444 conveni
1246 1406 1277 1443 n·

73 1479 123 1540 tius.
158 1483 230 1540 Nam
250 1500 315 1538 cum
334 1491 487 1551 statueret,
507 1479 616 1536 animos
635 1477 784 1539 hominum
803 1501 839 1539 ex
859 1482 916 1540 alia
934 1480 1057 1561 quadam
1077 1482 1135 1541 vita
1160 1482 1165 1493 '
1300 1546 1304 1551 ,

74 1597 166 1658 corpora
191 1579 343 1658 migrasse,
363 1576 559 1654 tribucretque
588 1575 786 1658 philosophiae
813 1581 1012 1658 gravissimum
1035 1404 1314 1757 nunus·

74 1677 210 1736 ratitueret
239 1677 270 1735 in
297 1676 448 1757 pristinam
471 1673 684 1748 conditionem,
711 1675 886 1735 conditionis
913 1676 996 1736 illius
1019 1666 1169 1758 perfectae
1220 1746 1236 1759 ,Ι
1295 1676 1300 1683 ’

75 1786 132 1832 uum
147 1772 378 1833 adumbrandum
396 1786 456 1832 erat
484 1772 648 1852 exemplar,
669 1772 747 1851 quod
771 1773 918 1833 intuentes
936 1773 1120 1854 philosophi,
1142 1775 1172 1833 in
1193 1792 1282 1852 eoque
1324 1770 1328 1777 ’

75 1872 166 1948 penitus
183 1871 293 1946 defixi,
313 1870 350 1929 ad
370 1872 431 1948 ejus
450 1869 673 1929 similitudinem
691 1884 718 1929 et
739 1872 903 1952 semetipsos
921 1886 948 1931 et
967 1871 1040 1931 alios
1059 1872 1256 1930 informarent.

102 1969 175 2028 Hanc
199 1983 294 2029 autem
322 1969 423 2027 beatae
452 1968 528 2027 vitae
553 1967 795 2049 descriptionem,
821 1970 960 2050 poeticam
988 1968 1131 2031 simul'et
1153 1968 1281 2048 philoso—

77 2067 141 2145 pham
151 2115 158 2143 ‚
178 2070 228 2148 qui
250 2066 361 2145 assequi
382 2079 416 2124 et
426 2066 574 2147 percipere
593 2078 680 2125 totam
700 2065 815 2141 studet,
831 2068 925 2147 ipsum
942 2066 1018 2146 legat
1036 2067 1190 2126 Platonem.
1211 2067 1282 2125 Nam

76 2167 176 2246 exprimi
196 2166 312 2247 penitus
330 2185 384 2224 nec
405 2163 462 2222 alio
481 2177 572 2244 potest
598 2163 700 2238 modo,
721 2185 775 2223 nec
794 2185 861 2223 vero
888 2165 945 2223 alit
973 2158 1080 2243 lingui.
1122 2164 1179 2223 Nos
1206 2163 1282 2223 illud

76 2262 166 2341 agemus
184 2265 289 2336 unice,
312 2260 389 2340 quod
410 2261 575 2342 interpretis
594 2263 710 2323 videtur
728 2283 832 2322 munus
851 2263 1013 2343 postulare,
1035 2274 1065 2320 ut
1084 2262 1210 2342 primum
1234 2281 1280 2320 ex·

31 2388 33 2445 q
77 2358 193 2438 plicemus
213 2381 292 2434 eam,
313 2361 333 2419 i.
350 2380 392 2434 e.,
414 2373 508 2439 partes
526 2361 587 2436 ejus
601 2361 756 2440 implicitas
767 2361 854 2439 quasi
874 2356 1058 2434 evolvamus,
1073 2373 1135 2419 tum
1155 2360 1282 2440 singulas

77 2455 112 2516 has
127 2474 217 2540 partes
236 2457 400 2537 singulatim
420 2477 455 2514 ex
477 2458 610 2536 antiquae
629 2479 692 2516 cum
713 2464 843 2540 poeseos,
862 2470 922 2516 tum
941 2458 1159 2538 philosophiae,
1174 2459 1282 2518 ratione
1361 2531 1365 2539 ι

31 2586 33 2599 =
78 2553 241 2617 illustremus.

104 2655 194 2714 Omnis
213 2656 325 2714 animus
344 2653 533 2734 sempiternus
553 2667 611 2714 est:
633 2674 686 2712 neo
707 2651 809 2710 hahuit
827 2650 1024 2732 principium,
1045 2672 1097 2711 nee
1128 2652 1213 2711 finem
1233 2653 1281 2711 ha·

78 2747 146 2812 bebit
187 2754 260 2812 Nam
283 2773 348 2811 cum
372 2750 403 2809 id
433 2752 470 2809 sit
494 2765 659 2831 aeternum,
680 2749 758 2828 quod
781 2772 797 2807 a
821 2770 850 2808 se
879 2749 940 2830 ipso
969 2762 1112 2824 movetur,
1132 2750 1196 2828 quis
1224 2765 1283 2822 est,

79 2849 199 2924 quihanc
217 2864 349 2910 naturam
369 2848 473 2908 animis
492 2867 549 2908 esse
568 2846 706 2905 tributam
724 2849 826 2926 neget?
843 2847 1006 2907 Inanimum
1025 2861 1066 2906 est
1085 2848 1163 2909 enim
1182 2869 1283 2925 omne,

79 2949 136 3022 quod
152 2949 239 3031 pulsu
257 2949 378 3028 agitatur
397 2961 532 3004 externo:
554 2944 632 3023 quod
651 2960 745 3004 autem
765 2943 873 3004 aninml
897 2959 955 3020 est,
977 2945 1009 3004 id
1032 2959 1109 3004 motu
1122 2948 1156 3004 ‘ei
1186 2970 1220 3019 qr
1240 2950 1284 3008 in³

78 3047 158 3106 tericre
177 3062 205 3106 et
226 3068 286 3106 suo.
316 3046 387 3104 Nam
403 3043 473 3101 haec
493 3056 534 3101 est
553 3044 666 3124 propria
688 3057 788 3102 natura
808 3044 897 3102 animi
923 3058 1007 3124 atquc
1028 3044 1087 3102 vis:
1109 2961 1232 3131 qu*
1244 3060 1285 3106 est

80 3159 121 3201 tna
144 3167 178 3203 ex
206 3143 358 3215 omnibus,
379 3161 450 3220 quae
470 3161 498 3198 se
526 3141 587 3220 ipsa
612 3161 721 3221 semper
740 3155 869 3215 moveat,
891 3162 982 3220 neque
1001 3157 1067 3201 nata
1087 3147 1162 3201 certe
1191 3157 1233 3202 est
1257 3160 1284 3204 et

80 3253 170 3303 aetema
191 3257 242 3302 est.
276 3239 309 3321 2)
343 3240 380 3298 Et
399 3239 468 3297 haec
496 3238 613 3317 quidem
640 3239 707 3297 satis
727 3238 763 3297 de
782 3238 991 3298 immortalitate
1019 3234 1117 3299 animi.
1154 3241 1196 3301 De
1224 3244 1284 3317 ejus

81 3355 129 3398 vero
145 3343 234 3400 forma
254 3341 293 3398 ita
313 3336 488 3396 dicendum:
510 3336 604 3415 qualis
621 3337 677 3410 sit,
699 3338 888 3396 enarrationis
908 3356 965 3395 esse
983 3336 1083 3416 longae
1102 3350 1129 3396 et
1147 3338 1282 3413 divinae,

82 3436 219 3499 triantem
239 3438 276 3496 sit
293 3435 413 3509 similis,
435 3434 576 3497 humanae
592 3448 619 3493 et
637 3435 786 3495 brevioris.
828 3436 889 3494 Hac
908 3435 998 3514 igitur
1017 3456 1070 3494 nos
1090 3436 1152 3509 usi,
1173 3456 1283 3518 compa·

82 3549 152 3596 tenus
170 3554 236 3596 eum
255 3555 390 3616 equorum
406 3535 475 3613 jugo
500 3533 658 3606 elatorum,
679 3555 749 3611 quos
772 3534 912 3614 gubernet
930 3533 1145 3610 modereturque
1175 3537 1281 3614 auriga.

84 3625 123 3690 Sed
137 3622 260 3715 primum
280 3635 316 3693 de
336 3635 478 3706 Deorum,
499 3646 559 3689 tum
577 3630 614 3690 de
633 3631 782 3690 hominum
801 3631 970 3690 disseramus
989 3631 1101 3690 animis.

109 3729 144 3790 Ita
160 3733 316 3792 beatissimi
336 3744 403 3790 sunt
417 3731 465 3789 Dii
480 3728 670 3802 immortales,
692 3742 723 3787 ut
737 3729 875 3787 facillime
890 3728 1105 3808 saepissimeque
1120 3729 1284 3811 adspiciunt

67 3820 154 3901 'ipsum
171 3851 272 3891 verum
300 3829 331 3887 in
357 3827 419 3887 loco
442 3849 527 3908 supra
551 3827 662 3887 coelum
683 3839 796 3885 evecto:
818 3827 899 3902 cujus
925 3824 1113 3886 beatitudinis
1131 3830 1284 3910 participes

86 3918 217 4001 aliquando
247 3928 367 3985 fuerunt
392 3925 481 3984 animi
511 3925 639 3984 humani.
696 3925 801 3982 Locum
830 3924 914 3990 illum
943 3915 1201 4001 uueoooooivoor
1231 3950 1282 3987 nec

87 4020 210 4102 quisquam
228 4025 324 4084 adhue
345 4023 502 4082 celebravit
520 4028 667 4103 po'e'tarum
690 4035 869 4096 nostrorum,
890 4044 941 4081 nec
968 4046 1092 4104 unquam
1112 4049 1164 4108 pro
1183 4027 1283 4106 digni-

90 4166 316 4190 k...

114 4259 167 4316 to
301 4307 306 4318 .
378 4307 383 4319 .
428 4307 433 4318 .

115 4258 134 4406 ²l
148 4270 298 4407 hictiiripiriK
305 4268 489 4406 Piiioriatt.
506 4353 534 4407 G.
553 4356 590 4406 sic
609 4356 687 4407 vertit
709 4354 800 4410 Cicero
819 4354 888 4407 Ture.
907 4357 936 4420 Q.
952 4355 971 4407 I.
986 4355 1028 4408 23.
1044 4365 1070 4408 et
1084 4359 1110 4408 in
1122 4359 1202 4410 soma
1217 4362 1282 4429 Soip.

95 4419 192 4492 horson
207 4457 264 4492 eum
279 4439 407 4502 Muretus,
422 4441 482 4509 opp.
502 4440 532 4490 u.
553 4439 607 4490 uo.
627 4440 672 4492 cc.
691 4442 780 4493 aesna.
800 4449 826 4491 n
842 4441 889 4492 ast
906 4443 939 4492 aa
954 4443 1060 4494 rma.
1079 4443 1095 4493 ι.
1115 4444 1131 4494 t.

1149 4530 1166 4588 h
