2796 5048
646 243 704 303 tos

10 416 22 423 ·
50 384 162 473 ὼαφῆ
183 389 220 453 δὲ
247 390 403 455 solciaci
431 391 559 482 σκληροὶ·
585 396 685 482 βάθος
710 397 770 484 γάρ
793 395 846 463 oo'u
873 397 928 463 iu·
949 400 1055 489 ἀσαφῆ
1079 406 1116 470 di
1139 411 1189 472 καὶ
1208 409 1239 474 οἱ
1256 435 1294 475 τα

10 502 21 517 “
49 484 144 575 clypei·
165 488 225 555 aiud
244 489 304 577 ydp
323 495 379 556 rod
397 504 576 580 συγχεῖσθαι
595 498 675 585 rogii
693 500 821 586 γίγνεται
840 499 978 588 ἀμυδρὰ·
1000 504 1054 571 e'oiu
1074 507 1111 572 δὲ
1130 509 1208 592 πρός
1226 509 1292 576 roti-

10 594 30 627 '
49 614 114 669 τως
132 590 181 654 ἐπ’
207 590 343 677 ἀλλήλων
369 599 607 678 συμπεπτωκότα
628 598 651 692 ᾖ
671 599 733 666 tot
760 604 972 687 στενοχωρίας,
991 604 1044 672 da'o
1063 634 1117 675 roo
1135 611 1259 698 σμαρόν
1272 624 1301 703 η’

49 688 92 759 ad
112 691 282 780 ψυχάριον,
305 693 348 759 ἔτι
372 695 562 788 ἀσαφέστερα
585 703 709 770 ἐκείνων.
754 702 874 781 Πάντες
896 701 950 770 οὖν
970 702 1050 774 οὗτοι
1070 710 1216 794 γίγνονται
1237 679 1295 777 aliu

10 788 191 872 1δοξάζειν
226 800 340 882 ψευδῆ·
374 807 479 881 quodsi
514 808 639 868 densum
668 812 803 888 alicujus
837 804 909 891 κέαρ
945 823 1008 887 ert,
1042 818 1119 893 quod
1149 818 1310 876 laudavit*

10 890 105 959 'ittlr
132 909 268 960 omnium
289 922 394 960 remim
408 911 534 981 pentus
554 916 663 984 podda,
691 911 739 967 orl
766 910 953 969 lutulentum
982 933 1036 970 nec
1058 930 1157 989 purae
1186 928 1292 992 coroa,

10 990 22 1023 ¹
48 998 207 1061 ulmello
236 1007 328 1059 nimia
348 1003 396 1059 ool
413 1003 546 1060 durum:
575 1008 682 1083 quidus
707 1009 795 1066 mollo
824 1016 919 1068 nimia
945 1019 1010 1084 ost,
1039 1011 1148 1069 dociles
1173 1013 1207 1069 hi
1226 1021 1293 1090 qui·

10 1088 118 1155 'lem
147 1098 199 1156 eod
234 1099 366 1158 obliviosi
391 1100 494 1175 fiunt,
523 1103 632 1178 quibua
659 1125 728 1164 vero
757 1113 851 1165 nimie
877 1107 1010 1180 durum,
1041 1110 1127 1166 tardi
1160 1119 1288 1168 contro:

10 1190 29 1223 ¹'
47 1198 108 1275 qur·
120 1214 215 1272 porro
232 1198 356 1255 densum
375 1199 486 1256 tabent
503 1211 594 1279 atquo
605 1220 767 1278 asperum,
789 1206 945 1281 lapideum
964 1205 1109 1279 quoddam
1120 1207 1167 1264 ool
1184 1216 1290 1266 terroe

10 1288 24 1325 ¹
45 1295 244 1372 modiumque
256 1296 402 1373 plenum,
422 1299 561 1357 obscuros
580 1320 685 1358 rorum
712 1300 827 1382 effigies
845 1310 1020 1380 scorpium:
1041 1305 1181 1365 obscuros
1196 1312 1289 1378 item,

10 1384 25 1419 '²
45 1398 105 1477 qui
122 1392 256 1485 durum:
277 1397 555 1471 namprofunditos
575 1399 825 1458 deest:obscuros
841 1407 983 1476 paritor,
1003 1406 1055 1474 qui
1074 1403 1289 1461 mollobobeut:

10 1484 24 1523 ⁵
43 1490 226 1565 coafiteione
236 1499 315 1550 onim
326 1503 508 1551 evanescunt
517 1496 619 1569 focile
628 1519 638 1552 :
648 1497 752 1574 quodsi
759 1506 920 1575 praetereo
924 1506 1053 1576 proptm
1071 1498 1130 1556 loci
1147 1507 1285 1580 augusti·

10 1587 21 1623 ¹
44 1609 118 1663 am,
140 1595 169 1647 ei
187 1596 241 1646 eui
257 1596 367 1670 exiguo
386 1598 430 1648 rit
449 1593 603 1666 animula,
623 1599 657 1652 in
686 1612 782 1652 unum
800 1597 989 1653 conciderint
1008 1602 1119 1676 siguo,
1138 1598 1172 1655 lu·
1191 1599 1289 1656 obsum

10 1692 22 1727 ¹
43 1692 149 1746 n’orar
163 1695 258 1744 strom
275 1689 342 1747 illis
360 1689 474 1768 effigies
499 1698 665 1767 occipiunt.
710 1690 819 1751 Omnes
836 1700 939 1773 igitur
957 1694 1098 1769 lii-soleo
1118 1675 1287 1771 opinaretur

10 1792 23 1833 ¹
34 1784 149 1863 ,ΜΡ
172 1781 202 1864 l)

15 1902 22 1935 ι
89 1882 237 1958 Quantam
268 1883 373 1943 iccirco
401 1882 533 1944 sensibus
551 1885 651 1961 Plato,
680 1887 719 1947 ad
749 1907 845 1946 rerum
866 1887 1038 1962 scientiam,
1054 1889 1115 1947 vim
1133 1887 1288 1964 tribuerit,

10 1975 22 2055 i
43 1979 119 2041 binc
141 1980 328 2061 intelligitur.
358 1980 557 2042 Veruntamen
576 1983 822 2066 non1esse'apud
841 2004 907 2044 eum
926 1998 1073 2059 mentem,
1094 1999 1127 2044 ut
1143 1984 1222 2067 apud
1243 2003 1290 2045 ve·

10 2130 18 2147 ‚
43 2090 123 2139 teres
143 2099 177 2137 ac
187 2080 360 2138 recentiores
378 2080 621 2161 quamplurimos
631 2081 764 2162 ipsosque
785 2083 845 2141 lere
865 2081 1023 2162 sophistas,
1039 2086 1173 2142 tabulam
1184 2104 1308 2142 rasom-

10 2190 19 2245 ὶ
43 2172 101 2256 2),
121 2196 197 2255 quae
214 2176 394 2236 extrinsecus
410 2190 524 2237 tanturn
541 2198 635 2238 rerum
655 2178 760 2238 formas
777 2194 806 2240 et
824 2179 962 2258 imagines
979 2180 1137 2260 susciperet
1147 2199 1183 2254 ,e
1200 2199 1287 2260 prae«
1307 2180 1311 2187 ’

10 2310 19 2347 ,
43 2272 139 2333 claris
159 2275 240 2352 ejus,
264 2293 337 2352 quae
363 2296 449 2356 supra
467 2274 645 2336 adduximus
655 2275 674 2352 ,³
693 2276 726 2335 in
753 2276 908 2336 Theaeteto
926 2274 998 2335 locis
1018 2289 1106 2357 patet.
1148 2278 1207 2336 Per
1222 2296 1286 2336 sen·

10 2416 19 2453 ,
45 2390 100 2431 sus
111 2415 122 2445 ,
143 2372 202 2446 ait,
227 2372 313 2431 rebus
333 2373 462 2432 externis
482 2371 644 2450 afficimur;
668 2386 794 2434 attamen
813 2397 866 2436 nec
884 2372 940 2434 rori
959 2365 1047 2448 ¹‹i'urog
1065 2378 1098 2437 in
1116 2374 1197 2434 hisce
1215 2393 1284 2456 per-

10 2520 19 2553 ,
42 2468 148 2549 ceptio
168 2468 229 2554 ulla
248 2483 310 2545 est,
328 2490 382 2529 nec
400 2470 538 2529 scientiae
560 2491 632 2549 qnae
647 2472 765 2552 proprie
784 2487 913 2534 vocatur.
955 2475 997 2534 Ut
1015 2474 1086 2534 haec
1105 2490 1290 2551 assequamur

10 2620 18 2649 Ι,
41 2584 192 2645 quaenam
212 2567 290 2642 sint,
319 2569 446 2648 primum
474 2567 580 2626 rectius
598 2589 651 2627 nos
679 2568 777 2647 loqui,
796 2591 882 2649 quam
912 2572 997 2630 multi
1027 2571 1140 2643 solent,
1162 2581 1285 2648 oportet.

40 2662 114 2723 Non
134 2664 213 2722 enim
242 2667 387 2724 cernimus
417 2663 526 2739 oculis,
545 2679 578 2723 ut
604 2665 784 2745 loquuntur,
804 2666 854 2726 sed
874 2689 933 2745 por
952 2669 1067 2727 oculos:
1087 2688 1148 2725 non
1165 2657 1286 2723 auribus

43 2759 204 2837 audimus,
232 2761 282 2820 sed
300 2784 356 2840 per
373 2783 469 2821 aures:
499 2784 559 2821 non
579 2763 711 2823 sensibus
731 2765 850 2823 omnino
860 2807 870 2840 ,
891 2763 942 2824 sed
956 2786 1012 2844 per
1032 2784 1132 2822 sensus
1150 2783 1195 2821 res
1215 2782 1285 2840 per-

40 2859 181 2941 cipimus.
223 2860 316 2920 Homo
336 2861 448 2920 scilicet
468 2861 529 2941 ipse
547 2861 608 2921 sive
628 2883 709 2921 mens
727 2859 855 2920 bominis
872 2883 927 2942 per
940 2874 1207 2938 sensus,tanquam
1227 2851 1283 2938 do-

40 2978 135 3039 rura,
150 2958 265 3040 singula
289 2959 458 3037 assequitur.
492 2958 657 3017 «Miserum
681 2960 760 3017 enim
786 2972 875 3034 esset,
904 2956 1091 3039 (praeclaram
1111 2960 1285 3018 sententiam

39 3072 72 3119 et
90 3070 154 3117 tum
172 3056 375 3137 usurpavimus
392 3053 442 3134 3),
458 3076 549 3135 quum
568 3055 605 3115 de
625 3057 713 3116 insito
735 3056 820 3115 nobis
840 3058 901 3115 veri
921 3076 1015 3115 amore
1035 3051 1204 3135 agebamus)
1230 3057 1285 3115 mi·

41 3176 142 3217 serum
160 3154 239 3214 enim
258 3166 350 3229 esset,
377 3154 401 3212 si
422 3153 507 3213 multi
536 3152 621 3214 nobis
639 3174 757 3228 sensus,
784 3154 1026 3233 quemadmodum
1058 3153 1164 3232 ligneis
1185 3155 1284 3232 equis,

41 3236 220 3328 insiderent,
231 3274 292 3313 non
302 3273 371 3312 vero
381 3250 452 3310 haec
463 3252 559 3311 omnia
570 3252 603 3311 in
615 3273 705 3311 unum
714 3252 861 3331 quoddam
872 3253 1020 3333 negotium
1032 3299 1039 3325 ‚
1051 3253 1112 3311 sire
1123 3248 1156 3309 id
1169 3252 1284 3311 animus

41 3352 107 3415 sive
118 3371 291 3431 quocunque
301 3349 420 3409 tandem
431 3350 548 3409 nomine
559 3349 718 3410 dicendum
729 3351 780 3426 sit,
796 3349 1020 3425 contenderent,
1032 3370 1089 3428 qno
1099 3394 1108 3422 ,
1117 3368 1173 3424 por
1184 3368 1286 3408 sensus

42 3448 148 3523 besee,
158 3462 295 3527 tanquam
306 3469 426 3528 organa,
441 3447 610 3506 sentiremus
626 3467 815 3527 quaecunque
834 3469 919 3507 sensu
930 3446 1166 3527 percipiuntur.”
1207 3446 1284 3502 Tum

39 3544 100 3606 boc
120 3544 424 3606 animadvertendum.
467 3544 566 3603 Mente
585 3544 778 3624 percipimus,
805 3565 878 3622 qnae
896 3545 1009 3625 percipi
1029 3562 1080 3623 per
1101 3560 1200 3599 sensus
1220 3533 1287 3599 non

38 3656 178 3727 possunt.
220 3643 293 3701 Nam
313 3655 346 3700 ut
365 3641 525 3723 peroculos
544 3638 627 3699 aliud
637 3685 646 3715 ,
658 3640 741 3699 aliud
761 3661 813 3721 per
828 3662 911 3700 aures
928 3640 1122 3716 assequimur,
1142 3638 1183 3696 ita
1201 3641 1284 3697 ambo

37 3738 116 3801 baec
138 3739 263 3800 dicimus
291 3753 319 3798 et
349 3754 502 3818 utrumque
524 3759 637 3796 unum:
666 3736 721 3797 hoc
760 3752 855 3797 autem
875 3740 970 3819 ipsam
990 3738 1072 3795 ambo
1090 3749 1119 3794 et
1137 3757 1233 3794 unum
1253 3750 1282 3796 et

38 3838 183 3899 universe
204 3858 336 3897 numeros
363 3860 423 3896 non
449 3857 501 3918 pei·
529 3856 645 3910 sensus,
677 3833 728 3895 sed
749 3835 807 3894 uni
825 3848 920 3895 mente
941 3835 1126 3914 percipimus.
1169 3832 1280 3895 Eadem

35 3936 119 3998 ratio
135 3928 340 3995 similitudinis
358 3949 385 3992 et
403 3932 656 3994 dissimilitudinis
675 3947 736 4008 est,
756 3933 856 3993 eadem
876 3933 1014 4007 illorum,
1032 3932 1139 4011 quibus
1160 3930 1280 4009 loqueu-

75 4211 104 4277 1)
129 4214 224 4265 rueme.
245 4212 304 4264 194.
324 4212 353 4265 c.
371 4211 472 4263 -195
488 4211 520 4263 Α.

13 4364 19 4375 ι
75 4296 105 4362 2)
125 4299 344 4351 resonavit.
364 4298 431 4350 rius.
451 4294 558 4364 cepoe.
574 4295 638 4359 pur.
651 4295 693 4348 rv.
719 4295 762 4344 11.

74 4381 104 4438 at
128 4383 225 4434 rusa.
242 4381 300 4435 184.
319 4384 350 4435 o.
371 4382 418 4435 co.
436 4383 513 4434 inrisa
528 4397 554 4447 p.
569 4378 629 4434 13⁷.
