2796 5048
654 219 692 277 56

77 397 274 464 gumeutorum
300 382 457 467 suavitptc,
483 377 648 460 praestabit¹
663 381 756 438 ctiam.
805 381 876 439 Nam
901 380 1049 461 explorata
1072 381 1244 466 philosophi
1273 383 1306 444 de

78 483 174 541 animo
194 480 353 552 sententiis,
374 466 454 559 grhvi
475 498 542 536 sane
569 475 622 534 illl
651 490 678 535 et
708 478 838 552 excelsa,
860 476 929 537 hinc
959 478 1043 538 nobis
1064 481 1125 557 jam
1151 481 1306 564 deinceps,

78 594 213 658 tanquam
232 600 247 637 a
268 577 385 637 sublimi
405 576 528 656 quodam
549 567 724 659 ὁρμητηρίῳ
734 621 743 650 ,
764 579 797 636 in
820 577 1306 654 amoenissimum*descendendum

80 672 235 736 est'locum
259 675 295 735 de
314 697 412 733 umore
431 686 461 733 et
484 685 597 735 omorio
623 679 805 754 disciplina,
827 697 883 754 quo
911 676 1033 734 maxime
1061 676 1140 755 apud
1161 677 1305 738 Platonem

80 776 243 834 continetur
263 768 444 854 philosophia
464 773 578 854 pulcri.
595 773 623 853 l)

118 871 236 931 Scilicet
262 893 320 930 non
344 871 413 930 haec
438 872 495 930 fuit
517 872 645 931 Platonis
669 873 728 938 vita
739 917 747 945 ,
770 884 801 928 ut
825 870 862 928 ab
889 871 1007 929 ineunte
1032 884 1122 930 aetate
1149 873 1183 932 in
1207 873 1306 934 scholis

80 968 259 1028 delitesceret
282 969 560 1049 metaphysicorum,
591 969 732 1048 rebusque
760 968 888 1027 obscuris
916 982 944 1027 et
971 969 1114 1028 intricatis
1141 969 1306 1030 definiendo

80 1067 360 1148 argumentandoque
379 1065 540 1126 enodandis
558 1068 692 1127 studeret.
723 1069 796 1126 Puer
816 1067 915 1147 poesin
930 1067 1079 1141 tractavit,
1100 1081 1241 1148 tantoque
1259 1067 1305 1128 du·

80 1180 142 1224 ctus
161 1178 207 1224 est·
220 1164 408 1245 pulcerrimae
436 1165 505 1222 artis
533 1186 645 1240 amore,
668 1179 699 1224 ut
725 1165 852 1224 carmina
881 1178 982 1244 sponte
1010 1163 1147 1224 funderet
1171 1180 1201 1225 et
1220 1166 1305 1225 Musis

81 1263 227 1322 videretur
244 1283 295 1343 per
313 1275 401 1321 totam
422 1262 511 1322 vitam
529 1278 704 1345 operaturus.
747 1263 872 1321 Accessit
896 1261 1003 1321 deinde
1022 1262 1060 1321 ad
1079 1263 1305 1346 philosophiam:

80 1383 135 1440 quo
155 1382 219 1420 eum
239 1360 365 1419 Socrates
384 1359 546 1420 adducebat
574 1375 602 1420 et
629 1362 719 1421 multo
740 1363 825 1419 etiam
855 1360 943 1439 magis
972 1360 1062 1440 ipsius
1090 1376 1214 1422 natura:
1246 1382 1306 1425 uam

81 1462 174 1519 inerat
195 1460 256 1537 ejus
283 1459 373 1517 menti
401 1458 584 1539 philosophia
608 1459 757 1539 quaedam.
799 1456 857 1517 Sed
880 1458 920 1516 ita
940 1457 966 1515 ci
995 1458 1125 1534 studuit,
1149 1475 1181 1519 ut
1209 1461 1306 1542 legeret

81 1557 167 1616 simul
185 1562 281 1636 poetas
299 1556 391 1614 omnis
414 1558 478 1617 aevi
503 1557 720 1632 celeberrimos,
741 1557 914 1629 Homerum,
935 1556 1112 1633 Hesiodum,
1133 1559 1303 1632 Pindarum,

81 1655 147 1713 illos
163 1655 346 1734 praesertim,
367 1676 488 1734 quorum
507 1656 634 1714 carmina
649 1654 847 1736 philosophiae
861 1667 954 1712 essent
968 1652 1073 1734 plena,
1093 1656 1289 1716 Parmeniden
1295 1701 1304 1730 ,

82 1753 288 1833 Pythagoreos,
309 1766 370 1810 tum
398 1754 537 1833 tragicos,
568 1754 707 1828 comicos,
734 1754 802 1811 item
832 1751 968 1826 eroticos,
994 1755 1219 1830 Anacreontem,
1240 1755 1303 1836 Sap·
1339 1820 1341 1825 ,

81 1838 222 1931 phoncm:
244 1871 365 1928 quorum
380 1849 503 1910 lectione
522 1851 663 1926 imbutus,
674 1874 762 1930 quum
779 1850 817 1909 ad
836 1849 1021 1909 scribendum
1041 1872 1069 1909 se
1089 1852 1189 1927 daret,
1212 1866 1301 1934 sponte

83 1947 263 2007 exhilarabat
281 1950 387 2029 scripta
405 1971 455 2007 sua
475 1951 633 2010 venustatis
650 1930 784 2030 quodam
794 1963 821 2006 et
839 1953 953 2028 poeseos
971 1949 1074 2009 colore.
1106 1949 1165 2009 Sed
1185 1951 1300 2012 studium

83 2046 136 2105 hoc
155 2060 182 2104 et
200 2053 314 2127 poeseos
334 2061 361 2105 et
376 2052 524 2127 poitarum
544 2068 604 2106 eam
620 2049 680 2107 vim
698 2048 801 2106 habuit
819 2048 851 2104 in
871 2046 928 2104 riri
938 2047 1152 2128 philosophiam
1162 2095 1171 2125 ,
1192 2064 1225 2109 ut
1243 2049 1299 2109 haec

79 2144 230 2204 'videretur
249 2144 285 2203 ab
305 2146 374 2224 ipsis
393 2145 485 2204 Musis
503 2146 666 2223 Gratiisque
685 2137 820 2225 profecta.
863 2145 934 2202 Nam
954 2144 990 2203 de
1010 2147 1047 2204 iis
1072 2148 1227 2224 quaerebat
1250 2161 1301 2207 stu*

83 2242 257 2317 diosissime,
278 2263 349 2320 quae
370 2244 493 2300 maxime
517 2256 610 2301 essent
633 2265 649 2301 a
669 2243 761 2323 po'e'tis
785 2240 943 2301 celebrata:
975 2243 1012 2302 de
1040 2266 1133 2304 amore
1153 2247 1187 2305 in
1213 2245 1302 2327 primis

83 2354 110 2398 et
129 2340 214 2398 rebus
233 2340 393 2399 amatoriis:
416 2354 582 2421 argumento
611 2361 677 2399 sane
705 2339 848 2398 Socratico
878 2354 905 2398 et
933 2340 1124 2423 philosopho,
1145 2343 1183 2402 ab
1213 2343 1306 2404 umbra

84 2436 263 2511 scholarum,
285 2438 308 2496 si
329 2437 406 2515 quod
425 2438 508 2498 aliud
519 2484 527 2512 ,
549 2438 731 2497 alienissimo.
1168 2452 1171 2457 ’

111 2713 142 2780 i)
177 2717 215 2768 De
235 2734 317 2768 amore
331 2718 462 2784 principes
479 2725 538 2768 suut
558 2716 674 2768 Platonis
688 2717 739 2768 loci
755 2719 781 2768 in
797 2717 911 2768 Phaedro
929 2719 1046 2786 ctSymp.
1065 2735 1130 2786 quos
1145 2722 1238 2774 aetatis
1251 2718 1341 2775 suff

83 2805 183 2855 ratione
196 2804 317 2870 explicuit
329 2803 430 2853 Ficinos
442 2804 468 2853 in
476 2802 565 2853 libello
575 2821 580 2853 :
596 2803 678 2871 Sopra
686 2803 712 2853 lo
721 2802 817 2853 Amore
827 2804 898 2854 over’
909 2803 1019 2868 Gourito
1029 2804 1054 2854 di
1061 2804 1179 2857 Platone.
1188 2806 1208 2858 F
1209 2809 1320 2859 irenae
1335 2822 1341 2847 a

84 2888 165 2951 1544,
185 2886 288 2955 etOpp.
307 2888 336 2938 ll.
362 2886 421 2938 289.
446 2886 484 2938 cf.
497 2887 528 2937 A.
548 2889 656 2955 Niplrus,
675 2887 828 2954 depulcbro
844 2901 869 2938 et
882 2905 969 2940 amore
982 2889 1039 2939 libri
1050 2889 1080 2939 11.
1095 2889 1144 2940 LB.
1165 2889 1240 2942 1611.
1275 2884 1341 2943 D*

84 2975 244 3024 arethusianae
256 2974 350 3025 amoris
363 2973 415 3023 vid.
435 2973 548 3035 Humclr,
564 2973 596 3024 de
610 2974 784 3024 enthusiasmo
797 2972 921 3024 Platonis.
934 2974 1004 3040 Lips.
1015 2973 1284 3044 litteratorem.
1305 2950 1341 3018 1

85 3058 142 3110 598.
178 3058 273 3109 Locum
292 3059 324 3109 de
339 3058 427 3126 paelcro
445 3066 496 3108 tum
517 3058 556 3108 his
572 3059 683 3126 dialogis
697 3059 816 3109 tractavit
828 3058 914 3122 Plato,
932 3067 984 3110 tum
1003 3061 1076 3129 Hipp.
1088 3062 1149 3126 Moj.
1168 3079 1199 3113 ac
1210 3058 1341 3115 ratast

86 3144 136 3195 Sed
150 3144 263 3194 Philemo
272 3145 378 3209 proprie
392 3143 423 3194 ad
435 3143 519 3194 ideam
531 3144 593 3194 boni
603 3144 714 3194 refertur
725 3143 852 3211 nobisque
861 3146 886 3195 in
896 3146 1118 3214 pbilosopbiujusti
1124 3142 1341 3208 memorabitur(

85 3230 220 3280 Praeclare
239 3228 271 3278 dc
285 3244 317 3280 eo
331 3225 439 3296 egerunt
457 3229 539 3278 Boetia
554 3230 579 3278 in
592 3227 709 3278 Philolao
726 3236 752 3277 et
765 3229 901 3280 Stallbaam
914 3231 940 3281 in
953 3232 1013 3282 edit.
1028 3232 1186 3286 Sententiam
1200 3232 1341 3288 Plutoni,

86 3316 118 3366 de
135 3315 225 3383 pulcro
244 3314 366 3381 explicuit
385 3314 548 3376 Teoaemaaa,
565 3312 631 3378 Syst.
650 3311 882 3366 derPlat.Pl1ilos.
902 3315 941 3366 lV.
960 3315 1018 3368 263.
1038 3317 1138 3384 Scripta
1150 3328 1269 3372 veterum
1283 3314 1341 3370 df

86 3401 135 3452 ltoc
147 3406 311 3469 argumento,
330 3407 357 3448 ut
371 3398 506 3461 isocratis,
516 3397 616 3478 ¹Diouis
636 3396 829 3463 chrysostomi,
847 3399 966 3464 Luciam,
978 3402 1088 3466 Plotini,
1102 3397 1189 3457 Procli
1197 3403 1341 3458 accurate

85 3487 215 3538 recensuit
231 3485 367 3536 Greuaerus
382 3485 414 3535 ad
427 3484 490 3534 Plot.
504 3485 532 3534 ele
545 3483 711 3551 paelcritaeliae
727 3501 783 3536 cum
793 3487 819 3536 in
834 3503 924 3553 praep.
938 3497 990 3539 tum
1006 3491 1031 3539 in
1045 3499 1180 3543 comment.
1216 3491 1257 3543 De
1269 3504 1341 3542 orl

41 3621 46 3626 ,
85 3572 162 3634 tibus,
186 3573 294 3622 maxime
308 3571 340 3621 de
360 3571 470 3632 musica,
488 3569 541 3637 egit
558 3568 631 3620 Plato
650 3558 676 3620 iu
692 3571 779 3636 primis
794 3573 823 3622 ele
836 3573 897 3639 itep.
912 3572 953 3623 111.
972 3574 1002 3624 X.
1020 3577 1049 3625 de
1061 3575 1132 3643 impp.
1145 3575 1176 3626 11.
1190 3575 1246 3626 Vll·
1259 3574 1341 3626 Vidae

86 3659 140 3708 Dea
154 3656 215 3720 Tea,
226 3657 259 3707 de
271 3659 297 3707 ri
307 3658 417 3706 musices
431 3655 462 3705 ad
477 3653 560 3706 excol.
577 3654 704 3705 homiuem
717 3663 731 3706 'e
745 3664 809 3706 sent.
823 3655 887 3707 Plat.
904 3657 969 3723 Traj.
982 3660 1014 3710 ad
1029 3659 1076 3711 Rh.
1092 3660 1167 3713 1816.
1185 3660 1225 3712 De
1236 3662 1341 3712 ebori!

87 3758 117 3792 ex
137 3743 262 3793 sententia
279 3740 394 3791 Platonis
417 3741 471 3808 egit
488 3741 560 3802 Bac,
586 3740 618 3790 de
635 3749 741 3791 naturae
755 3742 917 3807 simplicitate
929 3746 955 3794 in
969 3745 1059 3812 Eurip.
1075 3745 1176 3799 Oreste.
1195 3745 1263 3812 ij.
1283 3738 1341 3797 ab

86 3828 131 3878 Rh.
159 3825 232 3878 1816.
260 3824 298 3876 Gi.
321 3825 349 3875 t.
376 3825 404 3875 G.
430 3825 547 3886 Pareae,
574 3824 666 3876 Lucius
683 3844 704 3876 s.
727 3827 878 3893 navigantes
902 3828 1004 3894 (Annei.
1034 3830 1114 3883 Acad.
1142 3831 1210 3898 Traj.
1233 3830 1336 3884 tots-2

87 3916 170 3982 1820).
205 3917 244 3967 De
256 3918 387 3984 disciplina
400 3921 491 3967 carioris
507 3905 585 3990 (περὶ
605 3907 660 3990 τῆς
682 3907 835 3991 ἐρωτικῆς)
858 3922 1015 3986 scripserunt
1030 3923 1160 3987 Plotinus,
1180 3924 1335 3990 Olympio-²

86 4010 178 4073 dorus,
197 4009 303 4060 Procius
317 4009 333 4059 1.
349 4008 384 4072 l„
405 4018 457 4060 tum
469 4011 591 4063 illeximus
607 4012 712 4077 Tyrius,
727 4015 784 4063 diss.
804 4013 1008 4063 Xle-XXVll.
1027 4014 1115 4065 Reisk.
1130 4022 1156 4065 et
1165 4014 1341 4067 Plutarcho?

84 4097 109 4145 in
125 4096 264 4157 amatorio,
289 4096 331 4160 qui
349 4097 460 4146 omnium
473 4099 582 4148 maxime
595 4098 698 4148 videtur
716 4101 868 4150 sententiam
885 4099 1000 4149 Platonis
1015 4109 1040 4151 et
1053 4103 1156 4167 cepisse
1169 4110 1196 4152 et
1206 4114 1341 4169 express

86 4183 160 4232 sisse.
178 4181 252 4231 Vidd.
269 4181 351 4247 lntpp.
370 4180 402 4230 ad
425 4180 531 4232 Pluteelr.
552 4191 577 4233 et
598 4184 679 4250 Synap.
699 4192 724 4234 et
741 4185 878 4250 Raptim,
893 4184 972 4234 Dietr.
996 4186 1022 4235 iu
1041 4187 1126 4253 Symp.
1143 4185 1222 4239 Grou.
1241 4182 1341 4239 1821ae

39 4328 44 4341 ⁸
86 4267 187 4330 cora,
213 4267 245 4317 ae
264 4267 327 4317 rrar.
349 4266 434 4332 rymp.
453 4266 528 4318 urar.
540 4276 592 4319 ires
609 4267 683 4334 (ann.
698 4268 777 4320 aena.
792 4270 858 4336 naj.
881 4268 1048 4333 test-1832).
1073 4271 1113 4321 aa
1127 4257 1341 4326 hodiernos?

1 4342 48 4397 ἶ·
87 4360 187 4419 captum
209 4360 382 4418 exposuerunt
404 4368 459 4403 eam
479 4369 535 4404 cum
553 4354 609 4417 alii,
623 4362 674 4405 tum
690 4357 797 4408 maxime
815 4375 861 4407 oon
872 4356 1009 4418 ammom,
1029 4357 1115 4409 Venus
1127 4356 1230 4412 Urania.
1245 4356 1341 4424 llpt‘

90 4437 163 4488 1798.
