2796 5048
658 253 714 313 161

46 426 215 490 -11111111,
236 435 251 472 1
272 412 356 472 11111
375 410 549 485 videbatur,
571 413 632 493 ipse
651 427 746 472 autem
770 414 866 472 omnia
886 392 1023 474 videbat:
1046 415 1124 476 idem
1144 439 1241 477 rursus
1262 419 1301 478 vi·

64 513 211 587 debatur,
243 512 294 570 ubi
324 512 356 569 in
384 510 480 570 locum
508 510 651 569 annulum
678 512 844 571 inverterat.
886 513 986 591 Itaque
1013 513 1067 572 bac
1086 518 1301 595 opportunirate

63 610 174 671 annuli
191 631 278 684 usus,
306 610 422 690 reginae
441 622 569 689 stuprum
594 609 714 683 intulit,
743 630 831 688 eaque
859 609 1005 687 adjutrice
1023 618 1123 690 'regem
1151 613 1301 673 domiuum

63 709 233 783 interemit,
251 706 443 786 sustulitque,
463 728 534 785 quos
554 707 665 766 obstare
685 708 897 766 arbitrabatur:
924 729 977 766 111
995 709 1027 766 11
1055 708 1101 768 bis
1127 731 1192 770 1111
1220 714 1302 790 quis-

60 826 153 886 quam
180 805 362 864 facinoribus
379 805 473 884 potuit
492 803 610 864 videre:
627 806 667 864 sic
686 820 804 884 repente
825 805 929 865 annuli
949 805 1091 865 beneficio
1112 828 1165 867 rex
1184 824 1302 869 exortus

61 918 107 964 est
127 903 250 984 Lydiae.
292 901 323 960 Si
343 902 431 982 igitur
449 901 508 960 duo
527 902 599 961 tales
619 903 723 961 annuli
743 917 853 977 essent,
873 903 1052 982 alterumque
1069 906 1183 982 justus,
1211 908 1300 984 iujus-

60 1015 112 1061 tus
130 1001 255 1060 alterum
269 999 434 1080 possideret
452 1019 485 1057 ac
508 999 612 1074 ferret,
632 999 734 1059 nullus
753 1002 882 1081 profecto
901 1015 991 1075 esset,
1011 1016 1043 1061 ut
1062 1002 1198 1079 videtur,
1228 1004 1301 1064 adeo

60 1093 293 1171 adamantinus,
312 1098 413 1176 quiin
432 1097 494 1177 ipsa
510 1098 625 1175 justitia
643 1112 824 1178 permaneret
842 1113 870 1157 et
886 1099 923 1158 ab
943 1099 1048 1158 alienis
1066 1098 1211 1160 abstinere
1241 1101 1300 1161 vel·

59 1197 126 1272 let,
147 1216 212 1256 cum
232 1196 332 1253 liceret
353 1194 408 1275 ipsi
428 1214 464 1252 ex
485 1194 547 1254 foro
567 1195 734 1276 intrepide,
751 1196 945 1275 quodcunque
965 1196 1075 1272 vellet,
1086 1200 1235 1278 arripere,
1252 1200 1300 1257 in·

58 1294 206 1377 gredique
223 1293 334 1352 alienas
353 1292 471 1366 domos,
492 1306 520 1351 et
540 1293 709 1352 clanculum
727 1315 779 1374 pro
800 1286 926 1352 libidine
947 1317 1013 1353 cum
1034 1316 1147 1375 quoque
1183 1317 1300 1375 congre·

58 1391 116 1467 di,
136 1405 166 1451 et
185 1412 237 1472 pro
258 1390 379 1449 arbitrio
397 1390 557 1468 quemlibet
576 1390 759 1465 interficere,
786 1405 813 1450 et
832 1411 868 1449 ex
888 1412 1001 1451 carcere
1021 1392 1155 1469 solvere,
1176 1407 1204 1452 et
1222 1394 1301 1473 alia,

59 1490 150 1570 quasi
167 1510 220 1569 par
237 1490 297 1548 Deo
316 1501 404 1561 esset,
432 1490 509 1547 inter
529 1487 660 1547 homines
679 1510 731 1569 pro
751 1489 871 1547 arbitrio
899 1489 1011 1547 facere:
1038 1490 1107 1548 11111
1129 1492 1217 1570 igitur
1234 1512 1301 1550 cum

62 1601 190 1666 uterque
208 1587 334 1660 faceret,
354 1606 534 1664 nequaquam
555 1587 629 1645 alter
643 1587 681 1645 ab
701 1587 792 1646 altero
812 1587 845 1644 11
863 1587 975 1665 agendo
993 1586 1138 1662 differret,
1154 1588 1206 1648 sed
1216 1589 1301 1648 ambo

62 1684 169 1745 eodem
189 1684 354 1744 tenderent.
396 1684 477 1757 Quae
495 1684 614 1762 quidem
632 1685 757 1742 maxima
777 1684 857 1765 apud
876 1705 973 1743 111111
990 1706 1048 1744 1111
1067 1700 1160 1766 potest
1181 1690 1301 1765 conjec-

61 1796 153 1857 tura,
173 1783 319 1841 neminem
340 1781 506 1856 volentem,
527 1781 578 1841 sed
596 1783 722 1840 invitum
733 1826 741 1856 ,
763 1803 823 1842 esse
838 1784 968 1858 justum,
990 1784 1072 1861 quasi
1092 1782 1125 1842 id
1140 1785 1301 1844 secundum

62 1902 96 1941 sc
116 1895 147 1940 et
164 1881 302 1962 privatim
322 1902 383 1939 non
404 1881 442 1939 sit
462 1881 591 1954 bonum3
622 1881 760 1958 quoniam
780 1880 948 1957 ubicunque
973 1881 1081 1959 injuste
1110 1901 1193 1961 agere
1222 1883 1300 1962 quis·

61 1998 124 2060 que
143 1998 171 2037 se
190 1999 272 2058 posse
291 1976 414 2036 confidit
425 2023 434 2052 ,
465 1979 525 2057 agit
551 1977 694 2059 protinus.
737 1977 873 2038 Prodesse
903 1979 981 2036 11111
1011 1979 1132 2057 quisque
1158 1981 1300 2060 privatim

60 2076 268 2155 multomagis
285 2076 432 2134 existimat
450 2077 641 2153 injustitiam,
658 2096 742 2153 quam
760 2076 923 2154 justitiam,
944 2089 1077 2154 recteque
1096 2077 1183 2135 sentit
1193 2122 1202 2151 ,
1223 2079 1300 2156 quis·

62 2175 136 2254 quis
154 2175 192 2232 ita
208 2172 342 2252 judicat,
375 2186 407 2231 ut
435 2176 574 2233 sermonis
599 2174 687 2251 hujus
714 2174 872 2254 perbibent
889 2188 1029 2234 11111111.
1070 2173 1156 2248 Quod
1175 2175 1199 2233 si
1215 2176 1299 2253 quis,

62 2270 235 2349 hujusmodi
254 2271 424 2330 facultatem
444 2286 565 2346 nactus,
588 2273 660 2331 velit
678 2272 714 2330 ab
736 2273 885 2350 injustitia·
906 2273 1050 2332 abstinere
1080 2294 1174 2351 neque
1203 2273 1301 2331 aliena

64 2382 188 2448 tangat,
210 2369 429 2428 infelicissimus
446 2371 575 2427 omnium
594 2384 622 2429 et
640 2368 841 2430 stolidissimus
861 2371 940 2451 apud
959 2393 1023 2446 111,
1051 2371 1101 2450 qui
1119 2371 1172 2430 boc
1194 2371 1300 2431 adver-

61 2480 181 2540 terent,
210 2478 378 2547 putaretur:
411 2465 565 2525 laudarent
592 2479 689 2525 tamen
715 2467 801 2525 illum
819 2467 933 2547 palam,
955 2470 1082 2530 vicissim
1102 2490 1131 2527 se
1152 2468 1300 2548 decipien-

63 2579 132 2638 tes,
152 2565 221 2642 quia
238 2565 362 2623 maxime
381 2565 504 2637 timent,
526 2585 563 2622 11
583 2562 748 2622 afficiantur
763 2566 882 2642 injuria,
924 2569 1016 2644 Atque
1036 2566 1106 2625 baec
1118 2567 1245 2644 quidem
1260 2568 1300 2624 ita

62 2663 129 2722 sint
155 2661 244 2721 dicta.
287 2663 386 2722 Vitam
414 2683 483 2732 vero
510 2662 677 2740 utriusque,
704 2662 777 2739 justi
807 2661 946 2721 videlicet
963 2676 992 2720 et
1011 2663 1131 2739 injusti,
1152 2664 1192 2721 ita
1211 2662 1300 2744 plane

62 2757 314 2837 dijudicabimus,
336 2760 360 2818 si
376 2761 566 2838 justissimum
585 2760 682 2820 111111
701 2781 828 2819 seorsum
846 2772 875 2818 et
893 2759 1113 2836 injustissimum
1130 2758 1299 2818 distinxeri-

62 2878 151 2917 mus:
180 2855 265 2915 aliter
292 2878 361 2917 vero
390 2846 591 2937 nequaquam.⁶
621 2855 665 2915 Sit
693 2870 788 2915 autem
817 2857 887 2916 haec
908 2856 1044 2916 discretio
1064 2857 1149 2932 talis,
1169 2871 1200 2916 ut
1221 2857 1299 2916 nihil

62 2957 231 3016 auferamus
255 2954 416 3034 injustitiae
444 2956 481 3014 ab
509 2956 637 3034 injusto,
659 2954 710 3014 sed
729 2955 890 3036 perfectum
904 2968 1057 3032 utrumque
1079 2955 1111 3012 in
1131 2976 1181 3014 suo
1202 2955 1299 3015 studio

62 3072 218 3136 ponamus.
259 3053 386 3110 Primum
416 3053 505 3131 igitur
536 3053 680 3130 injustus,
711 3055 847 3130 tanquam
880 3053 981 3133 optimi
1009 3050 1153 3126 artifices,
1193 3053 1299 3112 faciat:

62 3149 310 3232 quemadmodum
328 3150 505 3230 gubernator
532 3171 660 3210 summus
685 3150 733 3211 111
760 3151 906 3225 medicus,
926 3171 999 3229 quae
1028 3163 1089 3209 arte
1116 3171 1167 3209 111
1194 3150 1300 3210 confici

63 3251 180 3332 possint
206 3262 234 3307 et
263 3269 337 3327 quae
368 3269 426 3307 non
448 3240 576 3328 possint,
599 3250 688 3308 sentit
698 3294 707 3322 ,
729 3262 757 3307 et
776 3249 830 3308 illa
847 3248 1031 3328 aggreditur,
1051 3248 1122 3307 baec
1139 3249 1299 3326 relinquit,

63 3349 136 3407 etsi
154 3368 210 3426 qua
229 3347 427 3427 praeteream
447 3367 477 3405 11
495 3347 675 3428 peccaverit,
696 3347 837 3427 corrigere
856 3360 966 3427 potest,
988 3348 1075 3406 itaet
1095 3348 1220 3423 injustus
1240 3365 1299 3404 rec·

63 3460 94 3505 te
113 3445 237 3522 injurias
257 3444 443 3524 aggrediens,
464 3445 568 3518 lateat,
600 3446 624 3504 si
643 3445 767 3503 maxime
788 3446 914 3521 injustus
941 3445 1057 3502 futurus
1083 3457 1143 3503 est:
1175 3455 1301 3500 extrema

64 3543 147 3602 enim
166 3542 312 3620 injustitia
332 3556 391 3616 est,
409 3545 520 3620 justum
539 3542 635 3604 videri
656 3558 738 3616 eum,
767 3543 817 3620 qui
839 3543 958 3600 nonsit
983 3543 1097 3618 justus:
1128 3539 1226 3600 danda
1257 3554 1299 3600 est

62 3641 156 3721 igitur
182 3640 371 3718 injustissimo
399 3654 526 3699 extrema
556 3640 719 3716 injustitia,
754 3660 847 3717 neque
867 3637 1043 3712 auferenda,
1064 3637 1115 3697 sed
1132 3639 1299 3718 permitten-

63 3738 156 3811 dum,
178 3750 210 3796 ut
229 3739 272 3812 is,
294 3739 344 3816 qui
367 3739 474 3815 injuste
494 3737 586 3796 multa
604 3739 749 3818 patravit,
770 3737 849 3817 apud
868 3757 967 3795 omnes
981 3737 1055 3814 justi
1075 3736 1181 3796 babeat
1200 3740 1301 3818 opini-

63 3856 170 3896 onem:
192 3849 221 3895 et
239 3837 263 3894 11
280 3834 387 3914 quain
406 3857 437 3894 11
462 3838 612 3917 peccavit,
641 3837 781 3914 corrigere
800 3835 906 3915 possit,
939 3835 1031 3914 sitque
1058 3833 1092 3893 ad
1125 3835 1300 3916 persuaden-

63 3933 138 3993 dum
165 3933 308 4007 idoneus,
340 3935 364 3992 si
392 3933 465 4012 quid
495 3932 1253 4014 11111111111111111111111111111,1111111111,
1275 3935 1299 3992 si

56 4052 140 4112 ,opus
157 4032 263 4105 fuerit,
286 4030 470 4090 inferendam
486 4031 659 4091 fortitudine
679 4044 708 4091 et
729 4032 830 4092 robore
851 4052 994 4114 opumque
1023 4045 1051 4090 et
1069 4031 1224 4090 amicorum
1254 4052 1300 4090 co·

63 4129 115 4210 pia
135 4128 260 4189 validus.
303 4130 375 4188 Cum
394 4128 473 4187 bunc
491 4130 579 4188 talem
597 4129 786 4204 finxerimus,
803 4132 890 4208 juxta
913 4131 1007 4212 ipsum
1036 4131 1132 4190 virum
1160 4149 1300 4207 ponamus

55 4227 193 4303 justum,
225 4227 387 4308 simplicem
414 4227 560 4286 bominem
590 4241 618 4286 et
645 4229 825 4306 ingenuum,
855 4230 905 4307 qui
928 4227 1094 4311 secundum
1123 4224 1300 4304 Aeschylum

64 4345 128 4383 non
154 4323 250 4384 videri
279 4324 330 4385 sed
358 4346 417 4385 esse
447 4325 542 4384 bouus
565 4324 688 4385 studeat.
733 4325 919 4387 Removenda
938 4325 1046 4405 quippe
1065 4324 1102 4383 ab
1121 4345 1155 4383 eo
1167 4323 1299 4401 justitiae

65 4421 165 4480 omnis
183 4422 302 4503 opinio,
323 4444 360 4481 ne
375 4425 471 4500 justus
491 4423 626 4500 cuiquam
647 4419 797 4483 videatur:
820 4423 843 4481 si
862 4423 940 4481 enim
957 4420 1109 4482 videbitur
1124 4422 1219 4498 justus
1230 4441 1298 4495 esse,
