<?xml version="1.0" encoding="UTF-8"?>
<!DOCTYPE html PUBLIC "-//W3C//DTD XHTML 1.0 Transitional//EN"
    "http://www.w3.org/TR/xhtml1/DTD/xhtml1-transitional.dtd">
<html xmlns="http://www.w3.org/1999/xhtml" xml:lang="en" lang="en">
 <head>
  <title>
</title>
<meta http-equiv="Content-Type" content="text/html;charset=utf-8" />
  <meta name='ocr-system' content='tesseract 3.04.00' />
  <meta name='ocr-capabilities' content='ocr_page ocr_carea ocr_par ocr_line ocrx_word'/>
</head>
<body>
  <div class='ocr_page' id='page_1' title='image "./initiaphilosoph00heusgoog_0550.png"; bbox 0 0 2796 5048; ppageno 0'>
   <div class='ocr_carea' id='block_1_1' title="bbox 654 246 713 306">
    <p class='ocr_par' dir='ltr' id='par_1_1' title="bbox 654 246 713 306">
     <span class='ocr_line' id='line_1_1' title="bbox 654 246 713 306; baseline 0 0"><span class='ocrx_word' id='word_1_1' title='bbox 654 246 713 306; x_wconf 80' lang='lat'><strong>509</strong></span> 
     </span>
    </p>
   </div>
   <div class='ocr_carea' id='block_1_2' title="bbox 58 410 1301 3535">
    <p class='ocr_par' dir='ltr' id='par_1_2' title="bbox 60 410 1296 592">
     <span class='ocr_line' id='line_1_2' title="bbox 60 410 1296 494; baseline -0.004 -19"><span class='ocrx_word' id='word_1_2' title='bbox 60 417 161 491; x_wconf 65' lang='lat' dir='ltr'><strong>naha,</strong></span> <span class='ocrx_word' id='word_1_3' title='bbox 187 415 229 474; x_wconf 86' lang='lat' dir='ltr'><strong>ait</strong></span> <span class='ocrx_word' id='word_1_4' title='bbox 257 413 373 494; x_wconf 78' lang='lat' dir='ltr'><strong>Scipio,</strong></span> <span class='ocrx_word' id='word_1_5' title='bbox 402 414 484 476; x_wconf 71' lang='lat' dir='ltr'><strong>nihil</strong></span> <span class='ocrx_word' id='word_1_6' title='bbox 512 434 592 486; x_wconf 83' lang='lat' dir='ltr'><strong>aare,</strong></span> <span class='ocrx_word' id='word_1_7' title='bbox 623 415 699 489; x_wconf 84' lang='lat' dir='ltr'><strong>paud</strong></span> <span class='ocrx_word' id='word_1_8' title='bbox 727 412 825 474; x_wconf 71' lang='lat' dir='ltr'><strong>adbuc</strong></span> <span class='ocrx_word' id='word_1_9' title='bbox 848 412 887 474; x_wconf 63' lang='lat' dir='ltr'><strong>‘de</strong></span> <span class='ocrx_word' id='word_1_10' title='bbox 906 410 1060 488; x_wconf 77' lang='lat' dir='ltr'><em>republica</em></span> <span class='ocrx_word' id='word_1_11' title='bbox 1080 411 1196 470; x_wconf 84' lang='lat' dir='ltr'><strong>dictam</strong></span> <span class='ocrx_word' id='word_1_12' title='bbox 1208 420 1296 491; x_wconf 72' lang='lat' dir='ltr'><strong>puta</strong></span> 
     </span>
     <span class='ocr_line' id='line_1_3' title="bbox 61 509 1296 592; baseline -0.003 -19"><span class='ocrx_word' id='word_1_13' title='bbox 61 536 149 588; x_wconf 70' lang='lat' dir='ltr'><strong>me,</strong></span> <span class='ocrx_word' id='word_1_14' title='bbox 178 522 235 571; x_wconf 84' lang='lat' dir='ltr'><strong>aut</strong></span> <span class='ocrx_word' id='word_1_15' title='bbox 264 534 321 590; x_wconf 84' lang='lat' dir='ltr'><strong>qua</strong></span> <span class='ocrx_word' id='word_1_16' title='bbox 339 519 490 590; x_wconf 74' lang='lat' dir='ltr'><strong>passimus</strong></span> <span class='ocrx_word' id='word_1_17' title='bbox 521 513 641 592; x_wconf 76' lang='lat' dir='ltr'><strong>longiae</strong></span> <span class='ocrx_word' id='word_1_18' title='bbox 657 512 820 591; x_wconf 73' lang='lat' dir='ltr'><em>progredi,</em></span> <span class='ocrx_word' id='word_1_19' title='bbox 844 516 907 568; x_wconf 78' lang='lat' dir='ltr'><strong>aiei</strong></span> <span class='ocrx_word' id='word_1_20' title='bbox 925 517 988 566; x_wconf 78' lang='lat' dir='ltr'><strong>erit</strong></span> <span class='ocrx_word' id='word_1_21' title='bbox 1006 509 1219 585; x_wconf 78' lang='lat' dir='ltr'><strong>confirmatum</strong></span> <span class='ocrx_word' id='word_1_22' title='bbox 1237 533 1296 569; x_wconf 81' lang='lat' dir='ltr'><strong>aaa</strong></span> 
     </span>
    </p>

    <p class='ocr_par' dir='ltr' id='par_1_3' title="bbox 58 610 1301 3535">
     <span class='ocr_line' id='line_1_4' title="bbox 59 610 1297 687; baseline -0.001 -18.917"><span class='ocrx_word' id='word_1_23' title='bbox 59 613 302 687; x_wconf 71' lang='lat' dir='ltr'><strong>mda;,salaam</strong></span> <span class='ocrx_word' id='word_1_24' title='bbox 321 612 402 669; x_wconf 82' lang='lat' dir='ltr'><strong>iliad</strong></span> <span class='ocrx_word' id='word_1_25' title='bbox 422 631 501 684; x_wconf 82' lang='lat' dir='ltr'><strong>aare,</strong></span> <span class='ocrx_word' id='word_1_26' title='bbox 519 617 588 668; x_wconf 84' lang='lat' dir='ltr'><strong>eina</strong></span> <span class='ocrx_word' id='word_1_27' title='bbox 612 616 736 686; x_wconf 79' lang='lat' dir='ltr'><strong>injuria</strong></span> <span class='ocrx_word' id='word_1_28' title='bbox 762 631 819 668; x_wconf 83' lang='lat' dir='ltr'><strong>aaa</strong></span> <span class='ocrx_word' id='word_1_29' title='bbox 840 629 944 684; x_wconf 75' lang='lat' dir='ltr'><strong>paese,</strong></span> <span class='ocrx_word' id='word_1_30' title='bbox 966 610 1016 667; x_wconf 83' lang='lat' dir='ltr'><strong>aad</strong></span> <span class='ocrx_word' id='word_1_31' title='bbox 1034 610 1085 666; x_wconf 83' lang='lat' dir='ltr'><strong>liae</strong></span> <span class='ocrx_word' id='word_1_32' title='bbox 1105 617 1297 669; x_wconf 63' lang='lat' dir='ltr'><strong>ermemmam</strong></span> 
     </span>
     <span class='ocr_line' id='line_1_5' title="bbox 62 677 1296 789; baseline -0.002 -20"><span class='ocrx_word' id='word_1_33' title='bbox 62 733 143 784; x_wconf 77' lang='lat' dir='ltr'><strong>aare,</strong></span> <span class='ocrx_word' id='word_1_34' title='bbox 173 718 238 768; x_wconf 78' lang='lat' dir='ltr'><strong>aiae</strong></span> <span class='ocrx_word' id='word_1_35' title='bbox 269 677 386 767; x_wconf 78' lang='lat' dir='ltr'><strong>samaim</strong></span> <span class='ocrx_word' id='word_1_36' title='bbox 415 716 549 785; x_wconf 74' lang='lat' dir='ltr'><strong>justitia</strong></span> <span class='ocrx_word' id='word_1_37' title='bbox 579 710 795 785; x_wconf 72' lang='lat' dir='ltr'><em>rempublicam</em></span> <span class='ocrx_word' id='word_1_38' title='bbox 821 715 892 789; x_wconf 79' lang='lat' dir='ltr'><strong>gari</strong></span> <span class='ocrx_word' id='word_1_39' title='bbox 924 707 1008 765; x_wconf 82' lang='lat' dir='ltr'><strong>nulla</strong></span> <span class='ocrx_word' id='word_1_40' title='bbox 1035 709 1116 767; x_wconf 86' lang='lat' dir='ltr'><strong>moda</strong></span> <span class='ocrx_word' id='word_1_41' title='bbox 1144 730 1227 785; x_wconf 80' lang='lat' dir='ltr'><strong>passa</strong></span> <span class='ocrx_word' id='word_1_42' title='bbox 1256 706 1296 788; x_wconf 92' lang='lat' dir='ltr'><strong>l).</strong></span> 
     </span>
     <span class='ocr_line' id='line_1_6' title="bbox 60 804 1297 886; baseline 0.001 -20"><span class='ocrx_word' id='word_1_43' title='bbox 60 807 314 883; x_wconf 81' lang='lat' dir='ltr'><strong>Quemadmodum</strong></span> <span class='ocrx_word' id='word_1_44' title='bbox 339 820 433 865; x_wconf 88' lang='lat' dir='ltr'><strong>autem</strong></span> <span class='ocrx_word' id='word_1_45' title='bbox 458 806 657 886; x_wconf 87' lang='lat' dir='ltr'><strong>gravissimum</strong></span> <span class='ocrx_word' id='word_1_46' title='bbox 682 805 795 864; x_wconf 89' lang='lat' dir='ltr'><strong>hunc</strong></span> <span class='ocrx_word' id='word_1_47' title='bbox 788 828 820 864; x_wconf 90' lang='grc' dir='ltr'><strong>ιιι</strong></span> <span class='ocrx_word' id='word_1_48' title='bbox 840 804 934 863; x_wconf 89' lang='lat' dir='ltr'><strong>ethica</strong></span> <span class='ocrx_word' id='word_1_49' title='bbox 952 805 1047 863; x_wconf 92' lang='lat' dir='ltr'><strong>locum</strong></span> <span class='ocrx_word' id='word_1_50' title='bbox 1064 809 1231 866; x_wconf 79' lang='lat' dir='ltr'><strong>tractaverit</strong></span> <span class='ocrx_word' id='word_1_51' title='bbox 1251 809 1297 867; x_wconf 90' lang='lat' dir='ltr'><strong>Ci-</strong></span> 
     </span>
     <span class='ocr_line' id='line_1_7' title="bbox 58 895 1296 984; baseline -0.001 -19"><span class='ocrx_word' id='word_1_52' title='bbox 58 927 142 978; x_wconf 90' lang='lat' dir='ltr'><strong>cero,</strong></span> <span class='ocrx_word' id='word_1_53' title='bbox 172 906 253 964; x_wconf 88' lang='lat' dir='ltr'><strong>testis</strong></span> <span class='ocrx_word' id='word_1_54' title='bbox 279 904 363 963; x_wconf 91' lang='lat' dir='ltr'><strong>nohis</strong></span> <span class='ocrx_word' id='word_1_55' title='bbox 384 905 563 984; x_wconf 81' lang='lat' dir='ltr'><strong>Augustinus</strong></span> <span class='ocrx_word' id='word_1_56' title='bbox 582 917 643 978; x_wconf 90' lang='lat' dir='ltr'><strong>est,</strong></span> <span class='ocrx_word' id='word_1_57' title='bbox 672 904 723 982; x_wconf 88' lang='lat' dir='ltr'><strong>qui</strong></span> <span class='ocrx_word' id='word_1_58' title='bbox 752 904 896 983; x_wconf 85' lang='lat' dir='ltr'><strong>integrum</strong></span> <span class='ocrx_word' id='word_1_59' title='bbox 915 903 1066 963; x_wconf 77' lang='lat' dir='ltr'><strong>Ciceronis</strong></span> <span class='ocrx_word' id='word_1_60' title='bbox 1089 921 1161 982; x_wconf 89' lang='lat' dir='ltr'><strong>opus</strong></span> <span class='ocrx_word' id='word_1_61' title='bbox 1180 895 1296 984; x_wconf 80' lang='lat' dir='ltr'><strong>legerat.</strong></span> 
     </span>
     <span class='ocr_line' id='line_1_8' title="bbox 61 999 1298 1084; baseline -0.001 -21"><span class='ocrx_word' id='word_1_62' title='bbox 61 1005 128 1063; x_wconf 91' lang='lat' dir='ltr'><strong>«ln</strong></span> <span class='ocrx_word' id='word_1_63' title='bbox 148 1004 234 1062; x_wconf 91' lang='lat' dir='ltr'><strong>tertio</strong></span> <span class='ocrx_word' id='word_1_64' title='bbox 252 1002 347 1076; x_wconf 88' lang='lat' dir='ltr'><strong>libro,</strong></span> <span class='ocrx_word' id='word_1_65' title='bbox 366 1015 523 1076; x_wconf 88' lang='lat' dir='ltr'><strong>memorat,</strong></span> <span class='ocrx_word' id='word_1_66' title='bbox 544 1001 647 1081; x_wconf 72' lang='lat' dir='ltr'><strong>magni</strong></span> <span class='ocrx_word' id='word_1_67' title='bbox 676 1001 890 1061; x_wconf 86' lang='lat' dir='ltr'><strong>conflictatione</strong></span> <span class='ocrx_word' id='word_1_68' title='bbox 912 1023 957 1061; x_wconf 91' lang='lat' dir='ltr'><strong>res</strong></span> <span class='ocrx_word' id='word_1_69' title='bbox 984 1015 1046 1059; x_wconf 88' lang='lat' dir='ltr'><strong>aeta</strong></span> <span class='ocrx_word' id='word_1_70' title='bbox 1073 1013 1123 1059; x_wconf 92' lang='lat' dir='ltr'><strong>est.</strong></span> <span class='ocrx_word' id='word_1_71' title='bbox 1165 999 1298 1084; x_wconf 84' lang='lat' dir='ltr'><strong>Suscepit</strong></span> 
     </span>
     <span class='ocr_line' id='line_1_9' title="bbox 58 1098 1297 1180; baseline -0.002 -19"><span class='ocrx_word' id='word_1_72' title='bbox 58 1103 141 1176; x_wconf 83' lang='lat' dir='ltr'><strong>enim</strong></span> <span class='ocrx_word' id='word_1_73' title='bbox 164 1100 275 1159; x_wconf 83' lang='lat' dir='ltr'><strong>Philus.</strong></span> <span class='ocrx_word' id='word_1_74' title='bbox 285 1101 346 1180; x_wconf 86' lang='lat' dir='ltr'><strong>ipse</strong></span> <span class='ocrx_word' id='word_1_75' title='bbox 365 1100 591 1180; x_wconf 86' lang='lat' dir='ltr'><strong>disputationem</strong></span> <span class='ocrx_word' id='word_1_76' title='bbox 611 1119 710 1159; x_wconf 90' lang='lat' dir='ltr'><strong>eorum</strong></span> <span class='ocrx_word' id='word_1_77' title='bbox 720 1144 729 1175; x_wconf 92' lang='lat'><strong>,</strong></span> <span class='ocrx_word' id='word_1_78' title='bbox 748 1101 806 1179; x_wconf 90' lang='lat' dir='ltr'><strong>qui.</strong></span> <span class='ocrx_word' id='word_1_79' title='bbox 820 1100 981 1174; x_wconf 90' lang='lat' dir='ltr'><strong>sentirent,</strong></span> <span class='ocrx_word' id='word_1_80' title='bbox 998 1099 1060 1158; x_wconf 89' lang='lat' dir='ltr'><strong>sine</strong></span> <span class='ocrx_word' id='word_1_81' title='bbox 1072 1098 1216 1175; x_wconf 88' lang='lat' dir='ltr'><strong>injustitia</strong></span> <span class='ocrx_word' id='word_1_82' title='bbox 1236 1102 1297 1180; x_wconf 86' lang='lat' dir='ltr'><strong>regi</strong></span> 
     </span>
     <span class='ocr_line' id='line_1_10' title="bbox 58 1196 1296 1282; baseline -0.003 -21"><span class='ocrx_word' id='word_1_83' title='bbox 58 1222 122 1261; x_wconf 89' lang='lat' dir='ltr'><strong>non</strong></span> <span class='ocrx_word' id='word_1_84' title='bbox 147 1220 229 1282; x_wconf 82' lang='lat' dir='ltr'><strong>posse</strong></span> <span class='ocrx_word' id='word_1_85' title='bbox 252 1198 476 1278; x_wconf 65' lang='lat' dir='ltr'><strong>rempublicam</strong></span> <span class='ocrx_word' id='word_1_86' title='bbox 505 1219 633 1279; x_wconf 86' lang='lat' dir='ltr'><strong>purgans</strong></span> <span class='ocrx_word' id='word_1_87' title='bbox 652 1218 681 1257; x_wconf 89' lang='lat' dir='ltr'><strong>se</strong></span> <span class='ocrx_word' id='word_1_88' title='bbox 703 1199 873 1280; x_wconf 86' lang='lat' dir='ltr'><strong>praecipue,</strong></span> <span class='ocrx_word' id='word_1_89' title='bbox 900 1219 937 1257; x_wconf 92' lang='lat' dir='ltr'><strong>ne</strong></span> <span class='ocrx_word' id='word_1_90' title='bbox 958 1197 1012 1256; x_wconf 89' lang='lat' dir='ltr'><strong>hoc</strong></span> <span class='ocrx_word' id='word_1_91' title='bbox 1033 1196 1094 1277; x_wconf 87' lang='lat' dir='ltr'><strong>ipse</strong></span> <span class='ocrx_word' id='word_1_92' title='bbox 1113 1197 1220 1256; x_wconf 88' lang='lat' dir='ltr'><strong>sentire</strong></span> <span class='ocrx_word' id='word_1_93' title='bbox 1237 1219 1296 1263; x_wconf 85' lang='lat' dir='ltr'><strong>cre·</strong></span> 
     </span>
     <span class='ocr_line' id='line_1_11' title="bbox 58 1282 1297 1377; baseline -0.003 -19"><span class='ocrx_word' id='word_1_94' title='bbox 58 1296 197 1358; x_wconf 85' lang='lat' dir='ltr'><strong>deretur:</strong></span> <span class='ocrx_word' id='word_1_95' title='bbox 235 1297 349 1376; x_wconf 80' lang='lat' dir='ltr'><strong>egitque</strong></span> <span class='ocrx_word' id='word_1_96' title='bbox 384 1282 487 1356; x_wconf 76' lang='lat' dir='ltr'><strong>sedulo</strong></span> <span class='ocrx_word' id='word_1_97' title='bbox 513 1317 566 1377; x_wconf 91' lang='lat' dir='ltr'><strong>pro</strong></span> <span class='ocrx_word' id='word_1_98' title='bbox 591 1296 735 1374; x_wconf 88' lang='lat' dir='ltr'><strong>injustitia</strong></span> <span class='ocrx_word' id='word_1_99' title='bbox 762 1309 862 1355; x_wconf 86' lang='lat' dir='ltr'><strong>contra</strong></span> <span class='ocrx_word' id='word_1_100' title='bbox 887 1296 1049 1374; x_wconf 87' lang='lat' dir='ltr'><strong>justitiam,</strong></span> <span class='ocrx_word' id='word_1_101' title='bbox 1075 1307 1108 1352; x_wconf 90' lang='lat' dir='ltr'><strong>ut</strong></span> <span class='ocrx_word' id='word_1_102' title='bbox 1136 1294 1211 1353; x_wconf 91' lang='lat' dir='ltr'><strong>hanc</strong></span> <span class='ocrx_word' id='word_1_103' title='bbox 1238 1315 1297 1354; x_wconf 88' lang='lat' dir='ltr'><strong>esse</strong></span> 
     </span>
     <span class='ocr_line' id='line_1_12' title="bbox 58 1392 1299 1475; baseline -0.003 -18"><span class='ocrx_word' id='word_1_104' title='bbox 58 1394 165 1457; x_wconf 83' lang='lat' dir='ltr'><strong>utilem</strong></span> <span class='ocrx_word' id='word_1_105' title='bbox 204 1394 400 1475; x_wconf 86' lang='lat' dir='ltr'><strong>reipublicae,</strong></span> <span class='ocrx_word' id='word_1_106' title='bbox 438 1395 520 1455; x_wconf 89' lang='lat' dir='ltr'><strong>illam</strong></span> <span class='ocrx_word' id='word_1_107' title='bbox 556 1415 623 1455; x_wconf 84' lang='lat' dir='ltr'><strong>vero</strong></span> <span class='ocrx_word' id='word_1_108' title='bbox 652 1393 808 1470; x_wconf 88' lang='lat' dir='ltr'><strong>inutilem,</strong></span> <span class='ocrx_word' id='word_1_109' title='bbox 840 1393 1049 1455; x_wconf 81' lang='lat' dir='ltr'><strong>verisimilibus</strong></span> <span class='ocrx_word' id='word_1_110' title='bbox 1073 1392 1241 1452; x_wconf 85' lang='lat' dir='ltr'><strong>rationibus</strong></span> <span class='ocrx_word' id='word_1_111' title='bbox 1269 1407 1299 1453; x_wconf 88' lang='lat' dir='ltr'><strong>et</strong></span> 
     </span>
     <span class='ocr_line' id='line_1_13' title="bbox 58 1488 1298 1573; baseline -0.003 -18"><span class='ocrx_word' id='word_1_112' title='bbox 58 1491 207 1573; x_wconf 83' lang='lat' dir='ltr'><strong>exemplis</strong></span> <span class='ocrx_word' id='word_1_113' title='bbox 233 1492 315 1553; x_wconf 85' lang='lat' dir='ltr'><strong>velut</strong></span> <span class='ocrx_word' id='word_1_114' title='bbox 340 1507 494 1554; x_wconf 88' lang='lat' dir='ltr'><strong>conaretur</strong></span> <span class='ocrx_word' id='word_1_115' title='bbox 521 1492 683 1553; x_wconf 86' lang='lat' dir='ltr'><strong>ostendere.</strong></span> <span class='ocrx_word' id='word_1_116' title='bbox 735 1495 811 1552; x_wconf 87' lang='lat' dir='ltr'><strong>Tum</strong></span> <span class='ocrx_word' id='word_1_117' title='bbox 838 1493 974 1568; x_wconf 88' lang='lat' dir='ltr'><strong>Laelius,</strong></span> <span class='ocrx_word' id='word_1_118' title='bbox 1005 1488 1175 1572; x_wconf 79' lang='lat' dir='ltr'><strong>rogantibus</strong></span> <span class='ocrx_word' id='word_1_119' title='bbox 1199 1492 1298 1551; x_wconf 91' lang='lat' dir='ltr'><strong>omni-</strong></span> 
     </span>
     <span class='ocr_line' id='line_1_14' title="bbox 58 1589 1298 1671; baseline -0.002 -20"><span class='ocrx_word' id='word_1_120' title='bbox 58 1591 135 1667; x_wconf 82' lang='lat' dir='ltr'><strong>bus,</strong></span> <span class='ocrx_word' id='word_1_121' title='bbox 162 1591 305 1669; x_wconf 84' lang='lat' dir='ltr'><strong>justitiam</strong></span> <span class='ocrx_word' id='word_1_122' title='bbox 321 1589 496 1651; x_wconf 37' lang='lat' dir='ltr'><strong>*defendere</strong></span> <span class='ocrx_word' id='word_1_123' title='bbox 529 1610 674 1671; x_wconf 82' lang='lat' dir='ltr'><strong>aggressus</strong></span> <span class='ocrx_word' id='word_1_124' title='bbox 705 1604 764 1666; x_wconf 87' lang='lat' dir='ltr'><strong>est,</strong></span> <span class='ocrx_word' id='word_1_125' title='bbox 792 1592 987 1670; x_wconf 86' lang='lat' dir='ltr'><strong>asseruitque,</strong></span> <span class='ocrx_word' id='word_1_126' title='bbox 1015 1601 1156 1671; x_wconf 88' lang='lat' dir='ltr'><strong>quantum</strong></span> <span class='ocrx_word' id='word_1_127' title='bbox 1183 1589 1298 1669; x_wconf 90' lang='lat' dir='ltr'><strong>potuit,</strong></span> 
     </span>
     <span class='ocr_line' id='line_1_15' title="bbox 58 1687 1298 1775; baseline 0.002 -24"><span class='ocrx_word' id='word_1_128' title='bbox 58 1689 139 1751; x_wconf 83' lang='lat' dir='ltr'><strong>nihil</strong></span> <span class='ocrx_word' id='word_1_129' title='bbox 159 1703 218 1749; x_wconf 87' lang='lat' dir='ltr'><strong>tam</strong></span> <span class='ocrx_word' id='word_1_130' title='bbox 237 1689 406 1763; x_wconf 86' lang='lat' dir='ltr'><strong>inimicum,</strong></span> <span class='ocrx_word' id='word_1_131' title='bbox 425 1709 509 1768; x_wconf 88' lang='lat' dir='ltr'><strong>quam</strong></span> <span class='ocrx_word' id='word_1_132' title='bbox 529 1687 722 1766; x_wconf 85' lang='lat' dir='ltr'><strong>injustitiam,</strong></span> <span class='ocrx_word' id='word_1_133' title='bbox 743 1689 874 1763; x_wconf 86' lang='lat' dir='ltr'><strong>civitati,</strong></span> <span class='ocrx_word' id='word_1_134' title='bbox 890 1709 944 1748; x_wconf 89' lang='lat' dir='ltr'><strong>nec</strong></span> <span class='ocrx_word' id='word_1_135' title='bbox 963 1692 1099 1768; x_wconf 88' lang='lat' dir='ltr'><strong>omnino,</strong></span> <span class='ocrx_word' id='word_1_136' title='bbox 1117 1695 1176 1754; x_wconf 88' lang='lat' dir='ltr'><strong>nisi</strong></span> <span class='ocrx_word' id='word_1_137' title='bbox 1196 1716 1298 1775; x_wconf 88' lang='lat' dir='ltr'><strong>magna</strong></span> 
     </span>
     <span class='ocr_line' id='line_1_16' title="bbox 58 1785 1299 1871; baseline 0.002 -23"><span class='ocrx_word' id='word_1_138' title='bbox 58 1789 192 1868; x_wconf 74' lang='lat' dir='ltr'><strong>¹prestitis,</strong></span> <span class='ocrx_word' id='word_1_139' title='bbox 220 1788 282 1868; x_wconf 83' lang='lat' dir='ltr'><strong>geri</strong></span> <span class='ocrx_word' id='word_1_140' title='bbox 311 1799 360 1846; x_wconf 90' lang='lat' dir='ltr'><strong>aut</strong></span> <span class='ocrx_word' id='word_1_141' title='bbox 389 1801 463 1846; x_wconf 85' lang='lat' dir='ltr'><strong>stare</strong></span> <span class='ocrx_word' id='word_1_142' title='bbox 492 1806 572 1868; x_wconf 87' lang='lat' dir='ltr'><strong>posse</strong></span> <span class='ocrx_word' id='word_1_143' title='bbox 599 1785 818 1867; x_wconf 79' lang='lat' dir='ltr'><strong>rempublicam.</strong></span> <span class='ocrx_word' id='word_1_144' title='bbox 870 1787 933 1861; x_wconf 84' lang='lat' dir='ltr'><strong>Qua</strong></span> <span class='ocrx_word' id='word_1_145' title='bbox 963 1790 1129 1868; x_wconf 90' lang='lat' dir='ltr'><strong>quaestione</strong></span> <span class='ocrx_word' id='word_1_146' title='bbox 1157 1807 1299 1871; x_wconf 89' lang='lat' dir='ltr'><strong>quantum</strong></span> 
     </span>
     <span class='ocr_line' id='line_1_17' title="bbox 58 1880 1298 1970; baseline 0.002 -22"><span class='ocrx_word' id='word_1_147' title='bbox 58 1888 129 1948; x_wconf 83' lang='lat' dir='ltr'><strong>satis</strong></span> <span class='ocrx_word' id='word_1_148' title='bbox 160 1880 255 1947; x_wconf 78' lang='lat' dir='ltr'><strong>visum</strong></span> <span class='ocrx_word' id='word_1_149' title='bbox 286 1898 328 1944; x_wconf 88' lang='lat' dir='ltr'><strong>est</strong></span> <span class='ocrx_word' id='word_1_150' title='bbox 354 1898 548 1966; x_wconf 87' lang='lat' dir='ltr'><strong>pertractata,</strong></span> <span class='ocrx_word' id='word_1_151' title='bbox 576 1883 732 1965; x_wconf 77' lang='lat' dir='ltr'><strong>Scipio&#39;ad</strong></span> <span class='ocrx_word' id='word_1_152' title='bbox 754 1884 918 1944; x_wconf 87' lang='lat' dir='ltr'><strong>&#39;intermissa</strong></span> <span class='ocrx_word' id='word_1_153' title='bbox 946 1888 1119 1970; x_wconf 80' lang='lat' dir='ltr'><strong>revertitur,</strong></span> <span class='ocrx_word' id='word_1_154' title='bbox 1140 1890 1298 1970; x_wconf 83' lang='lat' dir='ltr'><strong>recolitque</strong></span> 
     </span>
     <span class='ocr_line' id='line_1_18' title="bbox 58 1981 1299 2066; baseline 0.002 -20"><span class='ocrx_word' id='word_1_155' title='bbox 58 2004 143 2046; x_wconf 82' lang='lat' dir='ltr'><strong>snam</strong></span> <span class='ocrx_word' id='word_1_156' title='bbox 171 1999 257 2063; x_wconf 88' lang='lat' dir='ltr'><strong>atque</strong></span> <span class='ocrx_word' id='word_1_157' title='bbox 287 1981 469 2042; x_wconf 88' lang='lat' dir='ltr'><strong>commendat</strong></span> <span class='ocrx_word' id='word_1_158' title='bbox 499 1982 616 2042; x_wconf 83' lang='lat' dir='ltr'><strong>brevem</strong></span> <span class='ocrx_word' id='word_1_159' title='bbox 646 1981 823 2063; x_wconf 85' lang='lat' dir='ltr'><strong>reipublicae</strong></span> <span class='ocrx_word' id='word_1_160' title='bbox 850 1981 1070 2060; x_wconf 86' lang='lat' dir='ltr'><strong>definitionem,</strong></span> <span class='ocrx_word' id='word_1_161' title='bbox 1089 2008 1145 2066; x_wconf 93' lang='lat' dir='ltr'><strong>qua</strong></span> <span class='ocrx_word' id='word_1_162' title='bbox 1162 1988 1299 2065; x_wconf 79' lang='lat' dir='ltr'><strong>dixerat,</strong></span> 
     </span>
     <span class='ocr_line' id='line_1_19' title="bbox 58 2079 1300 2191; baseline 0.002 -47"><span class='ocrx_word' id='word_1_163' title='bbox 58 2103 122 2145; x_wconf 72' lang='lat' dir='ltr'><strong>ram</strong></span> <span class='ocrx_word' id='word_1_164' title='bbox 153 2103 212 2141; x_wconf 86' lang='lat' dir='ltr'><strong>esse</strong></span> <span class='ocrx_word' id='word_1_165' title='bbox 235 2103 294 2140; x_wconf 87' lang='lat' dir='ltr'><strong>rem</strong></span> <span class='ocrx_word' id='word_1_166' title='bbox 313 2081 435 2191; x_wconf 84' lang='lat' dir='ltr'><strong>populi:</strong></span> <span class='ocrx_word' id='word_1_167' title='bbox 463 2079 603 2161; x_wconf 86' lang='lat' dir='ltr'><strong>populum</strong></span> <span class='ocrx_word' id='word_1_168' title='bbox 622 2094 717 2140; x_wconf 90' lang='lat' dir='ltr'><strong>autem</strong></span> <span class='ocrx_word' id='word_1_169' title='bbox 738 2101 798 2139; x_wconf 88' lang='lat' dir='ltr'><strong>non</strong></span> <span class='ocrx_word' id='word_1_170' title='bbox 816 2100 929 2139; x_wconf 89' lang='lat' dir='ltr'><strong>omnem</strong></span> <span class='ocrx_word' id='word_1_171' title='bbox 948 2096 1060 2141; x_wconf 90' lang='lat' dir='ltr'><strong>coetum</strong></span> <span class='ocrx_word' id='word_1_172' title='bbox 1079 2084 1300 2164; x_wconf 89' lang='lat' dir='ltr'><strong>multitudinis,</strong></span> 
     </span>
     <span class='ocr_line' id='line_1_20' title="bbox 58 2178 1298 2258; baseline 0.005 -17"><span class='ocrx_word' id='word_1_173' title='bbox 58 2179 113 2241; x_wconf 83' lang='lat' dir='ltr'><strong>sed</strong></span> <span class='ocrx_word' id='word_1_174' title='bbox 141 2195 252 2240; x_wconf 90' lang='lat' dir='ltr'><strong>coetum</strong></span> <span class='ocrx_word' id='word_1_175' title='bbox 278 2181 355 2258; x_wconf 89' lang='lat' dir='ltr'><strong>juris</strong></span> <span class='ocrx_word' id='word_1_176' title='bbox 381 2200 523 2239; x_wconf 89' lang='lat' dir='ltr'><strong>consensu</strong></span> <span class='ocrx_word' id='word_1_177' title='bbox 552 2193 580 2238; x_wconf 92' lang='lat' dir='ltr'><strong>et</strong></span> <span class='ocrx_word' id='word_1_178' title='bbox 608 2178 742 2238; x_wconf 88' lang='lat' dir='ltr'><strong>utilitatis</strong></span> <span class='ocrx_word' id='word_1_179' title='bbox 770 2179 973 2238; x_wconf 88' lang='lat' dir='ltr'><strong>communione</strong></span> <span class='ocrx_word' id='word_1_180' title='bbox 1005 2183 1143 2243; x_wconf 90' lang='lat' dir='ltr'><strong>sociatum</strong></span> <span class='ocrx_word' id='word_1_181' title='bbox 1172 2207 1231 2246; x_wconf 89' lang='lat' dir='ltr'><strong>esse</strong></span> <span class='ocrx_word' id='word_1_182' title='bbox 1249 2187 1298 2247; x_wconf 91' lang='lat' dir='ltr'><strong>de·</strong></span> 
     </span>
     <span class='ocr_line' id='line_1_21' title="bbox 58 2275 1299 2359; baseline 0.006 -22"><span class='ocrx_word' id='word_1_183' title='bbox 58 2275 225 2347; x_wconf 79' lang='lat' dir='ltr'><strong>terminat»</strong></span> <span class='ocrx_word' id='word_1_184' title='bbox 253 2276 294 2357; x_wconf 99' lang='grc'><strong>2.)</strong></span> <span class='ocrx_word' id='word_1_185' title='bbox 346 2277 382 2335; x_wconf 89' lang='lat' dir='ltr'><strong>In</strong></span> <span class='ocrx_word' id='word_1_186' title='bbox 407 2299 463 2355; x_wconf 88' lang='lat' dir='ltr'><strong>qua</strong></span> <span class='ocrx_word' id='word_1_187' title='bbox 492 2276 691 2356; x_wconf 86' lang='lat' dir='ltr'><strong>disputatione</strong></span> <span class='ocrx_word' id='word_1_188' title='bbox 717 2277 818 2335; x_wconf 89' lang='lat' dir='ltr'><strong>Cicero</strong></span> <span class='ocrx_word' id='word_1_189' title='bbox 846 2297 906 2335; x_wconf 90' lang='lat' dir='ltr'><strong>non</strong></span> <span class='ocrx_word' id='word_1_190' title='bbox 930 2279 1027 2355; x_wconf 83' lang='lat' dir='ltr'><strong>justo,</strong></span> <span class='ocrx_word' id='word_1_191' title='bbox 1056 2281 1149 2342; x_wconf 82' lang='lat' dir='ltr'><strong>fateor</strong></span> <span class='ocrx_word' id='word_1_192' title='bbox 1157 2329 1167 2359; x_wconf 95' lang='lat'><strong>,</strong></span> <span class='ocrx_word' id='word_1_193' title='bbox 1195 2285 1299 2345; x_wconf 89' lang='lat' dir='ltr'><strong>ordine</strong></span> 
     </span>
     <span class='ocr_line' id='line_1_22' title="bbox 58 2373 1298 2492; baseline 0.005 -56"><span class='ocrx_word' id='word_1_194' title='bbox 58 2376 134 2456; x_wconf 78' lang='lat' dir='ltr'><strong>agit3</strong></span> <span class='ocrx_word' id='word_1_195' title='bbox 163 2398 229 2436; x_wconf 91' lang='lat' dir='ltr'><strong>nam</strong></span> <span class='ocrx_word' id='word_1_196' title='bbox 258 2377 390 2436; x_wconf 88' lang='lat' dir='ltr'><strong>assumsit</strong></span> <span class='ocrx_word' id='word_1_197' title='bbox 416 2375 454 2433; x_wconf 90' lang='lat' dir='ltr'><strong>ab</strong></span> <span class='ocrx_word' id='word_1_198' title='bbox 482 2374 587 2448; x_wconf 91' lang='lat' dir='ltr'><strong>initio,</strong></span> <span class='ocrx_word' id='word_1_199' title='bbox 616 2374 696 2454; x_wconf 84' lang='lat' dir='ltr'><strong>quad</strong></span> <span class='ocrx_word' id='word_1_200' title='bbox 717 2373 772 2433; x_wconf 90' lang='lat' dir='ltr'><strong>hoc</strong></span> <span class='ocrx_word' id='word_1_201' title='bbox 791 2374 908 2434; x_wconf 89' lang='lat' dir='ltr'><strong>demum</strong></span> <span class='ocrx_word' id='word_1_202' title='bbox 929 2376 1006 2437; x_wconf 87' lang='lat' dir='ltr'><strong>libro</strong></span> <span class='ocrx_word' id='word_1_203' title='bbox 1023 2380 1109 2439; x_wconf 88' lang='lat' dir='ltr'><strong>tertio</strong></span> <span class='ocrx_word' id='word_1_204' title='bbox 1126 2383 1248 2492; x_wconf 79' lang='lat' dir='ltr'><strong>exponit</strong></span> <span class='ocrx_word' id='word_1_205' title='bbox 1264 2404 1298 2442; x_wconf 91' lang='lat' dir='ltr'><strong>ac</strong></span> 
     </span>
     <span class='ocr_line' id='line_1_23' title="bbox 58 2471 1299 2557; baseline 0.005 -22"><span class='ocrx_word' id='word_1_206' title='bbox 58 2473 256 2548; x_wconf 73' lang='lat' dir='ltr'><strong>demonstrat,</strong></span> <span class='ocrx_word' id='word_1_207' title='bbox 288 2474 412 2553; x_wconf 90' lang='lat' dir='ltr'><strong>cuique,</strong></span> <span class='ocrx_word' id='word_1_208' title='bbox 439 2485 578 2550; x_wconf 86' lang='lat' dir='ltr'><strong>tanquam</strong></span> <span class='ocrx_word' id='word_1_209' title='bbox 607 2471 785 2551; x_wconf 83' lang='lat' dir='ltr'><strong>hypothesi,</strong></span> <span class='ocrx_word' id='word_1_210' title='bbox 814 2485 901 2532; x_wconf 91' lang='lat' dir='ltr'><strong>totam</strong></span> <span class='ocrx_word' id='word_1_211' title='bbox 930 2473 1094 2535; x_wconf 84' lang='lat' dir='ltr'><strong>doctrinam</strong></span> <span class='ocrx_word' id='word_1_212' title='bbox 1119 2481 1201 2557; x_wconf 90' lang='lat' dir='ltr'><strong>quasi</strong></span> <span class='ocrx_word' id='word_1_213' title='bbox 1220 2481 1299 2541; x_wconf 87' lang='lat' dir='ltr'><strong>inae·</strong></span> 
     </span>
     <span class='ocr_line' id='line_1_24' title="bbox 58 2557 1299 2657; baseline 0.004 -24"><span class='ocrx_word' id='word_1_214' title='bbox 58 2571 255 2647; x_wconf 76' lang='lat' dir='ltr'><strong>dificaverat5</strong></span> <span class='ocrx_word' id='word_1_215' title='bbox 279 2557 356 2657; x_wconf 79' lang='lat' dir='ltr'><strong>iliud</strong></span> <span class='ocrx_word' id='word_1_216' title='bbox 376 2569 443 2631; x_wconf 89' lang='lat' dir='ltr'><strong>dico</strong></span> <span class='ocrx_word' id='word_1_217' title='bbox 467 2592 531 2628; x_wconf 81' lang='lat' dir='ltr'><strong>ram</strong></span> <span class='ocrx_word' id='word_1_218' title='bbox 555 2572 709 2648; x_wconf 83' lang='lat' dir='ltr'><strong>publicam</strong></span> <span class='ocrx_word' id='word_1_219' title='bbox 730 2592 791 2628; x_wconf 75' lang='lat' dir='ltr'><strong>aare</strong></span> <span class='ocrx_word' id='word_1_220' title='bbox 808 2592 872 2628; x_wconf 82' lang='lat' dir='ltr'><strong>ram</strong></span> <span class='ocrx_word' id='word_1_221' title='bbox 888 2574 1016 2650; x_wconf 84' lang='lat' dir='ltr'><strong>papali</strong></span> <span class='ocrx_word' id='word_1_222' title='bbox 1002 2614 1013 2642; x_wconf 90' lang='lat'><strong>,</strong></span> <span class='ocrx_word' id='word_1_223' title='bbox 1031 2578 1176 2653; x_wconf 85' lang='lat' dir='ltr'><strong>papalum</strong></span> <span class='ocrx_word' id='word_1_224' title='bbox 1196 2589 1299 2638; x_wconf 84' lang='lat' dir='ltr'><strong>uatem</strong></span> 
     </span>
     <span class='ocr_line' id='line_1_25' title="bbox 58 2651 1299 2746; baseline 0.003 -18"><span class='ocrx_word' id='word_1_225' title='bbox 58 2680 175 2733; x_wconf 71' lang='lat' dir='ltr'><strong>nomm</strong></span> <span class='ocrx_word' id='word_1_226' title='bbox 205 2651 418 2728; x_wconf 77' lang='lat' dir='ltr'><strong>multitadiaia</strong></span> <span class='ocrx_word' id='word_1_227' title='bbox 438 2676 530 2746; x_wconf 83' lang='lat' dir='ltr'><strong>juria</strong></span> <span class='ocrx_word' id='word_1_228' title='bbox 556 2691 699 2728; x_wconf 75' lang='lat' dir='ltr'><strong>consensa</strong></span> <span class='ocrx_word' id='word_1_229' title='bbox 720 2677 759 2725; x_wconf 83' lang='lat' dir='ltr'><strong>ei</strong></span> <span class='ocrx_word' id='word_1_230' title='bbox 788 2669 940 2727; x_wconf 77' lang='lat' dir='ltr'><strong>utilitatis</strong></span> <span class='ocrx_word' id='word_1_231' title='bbox 968 2681 1171 2732; x_wconf 81' lang='lat' dir='ltr'><strong>communione</strong></span> <span class='ocrx_word' id='word_1_232' title='bbox 1200 2683 1299 2734; x_wconf 82' lang='lat' dir='ltr'><strong>racia-</strong></span> 
     </span>
     <span class='ocr_line' id='line_1_26' title="bbox 58 2765 1300 2851; baseline 0.005 -24"><span class='ocrx_word' id='word_1_233' title='bbox 58 2778 129 2827; x_wconf 72' lang='lat' dir='ltr'><strong>tam</strong></span> <span class='ocrx_word' id='word_1_234' title='bbox 159 2767 201 2848; x_wconf 84' lang='lat'><strong>3).</strong></span> <span class='ocrx_word' id='word_1_235' title='bbox 243 2770 305 2827; x_wconf 87' lang='lat' dir='ltr'><strong>Hoc</strong></span> <span class='ocrx_word' id='word_1_236' title='bbox 332 2788 411 2827; x_wconf 90' lang='lat' dir='ltr'><strong>nunc</strong></span> <span class='ocrx_word' id='word_1_237' title='bbox 438 2767 554 2827; x_wconf 89' lang='lat' dir='ltr'><strong>demum</strong></span> <span class='ocrx_word' id='word_1_238' title='bbox 581 2787 596 2825; x_wconf 87' lang='lat' dir='ltr'><strong>e</strong></span> <span class='ocrx_word' id='word_1_239' title='bbox 618 2765 749 2845; x_wconf 89' lang='lat' dir='ltr'><strong>justitiae</strong></span> <span class='ocrx_word' id='word_1_240' title='bbox 770 2778 873 2825; x_wconf 88' lang='lat' dir='ltr'><strong>natura</strong></span> <span class='ocrx_word' id='word_1_241' title='bbox 897 2767 1036 2846; x_wconf 83' lang='lat' dir='ltr'><strong>explicat.</strong></span> <span class='ocrx_word' id='word_1_242' title='bbox 1059 2771 1183 2851; x_wconf 83' lang='lat' dir='ltr'><strong>Aptius</strong></span> <span class='ocrx_word' id='word_1_243' title='bbox 1199 2773 1300 2848; x_wconf 88' lang='lat' dir='ltr'><strong>Plato,</strong></span> 
     </span>
     <span class='ocr_line' id='line_1_27' title="bbox 58 2863 1301 2948; baseline 0.002 -23"><span class='ocrx_word' id='word_1_244' title='bbox 58 2867 120 2946; x_wconf 79' lang='lat' dir='ltr'><strong>qni-</strong></span> <span class='ocrx_word' id='word_1_245' title='bbox 139 2865 177 2925; x_wconf 90' lang='lat' dir='ltr'><strong>ah</strong></span> <span class='ocrx_word' id='word_1_246' title='bbox 206 2866 302 2927; x_wconf 86' lang='lat' dir='ltr'><strong>ethica</strong></span> <span class='ocrx_word' id='word_1_247' title='bbox 334 2884 434 2940; x_wconf 89' lang='lat' dir='ltr'><strong>orsus,</strong></span> <span class='ocrx_word' id='word_1_248' title='bbox 463 2865 504 2925; x_wconf 88' lang='lat' dir='ltr'><strong>sic</strong></span> <span class='ocrx_word' id='word_1_249' title='bbox 533 2863 749 2924; x_wconf 77' lang='lat' dir='ltr'><strong>sihilacillime</strong></span> <span class='ocrx_word' id='word_1_250' title='bbox 768 2863 806 2923; x_wconf 87' lang='lat' dir='ltr'><strong>ad</strong></span> <span class='ocrx_word' id='word_1_251' title='bbox 824 2864 973 2944; x_wconf 89' lang='lat' dir='ltr'><strong>politicam</strong></span> <span class='ocrx_word' id='word_1_252' title='bbox 994 2867 1070 2926; x_wconf 88' lang='lat' dir='ltr'><strong>viam</strong></span> <span class='ocrx_word' id='word_1_253' title='bbox 1089 2868 1201 2948; x_wconf 77' lang='lat' dir='ltr'><strong>stravit.</strong></span> <span class='ocrx_word' id='word_1_254' title='bbox 1241 2871 1301 2930; x_wconf 85' lang='lat' dir='ltr'><strong>Ve-</strong></span> 
     </span>
     <span class='ocr_line' id='line_1_28' title="bbox 58 2963 1300 3045; baseline 0.002 -18"><span class='ocrx_word' id='word_1_255' title='bbox 58 2978 228 3031; x_wconf 77' lang='lat' dir='ltr'><strong>runtamen·</strong></span> <span class='ocrx_word' id='word_1_256' title='bbox 243 2977 322 3045; x_wconf 85' lang='lat' dir='ltr'><strong>patet</strong></span> <span class='ocrx_word' id='word_1_257' title='bbox 341 2963 428 3022; x_wconf 88' lang='lat' dir='ltr'><strong>nobis</strong></span> <span class='ocrx_word' id='word_1_258' title='bbox 444 2963 536 3039; x_wconf 84' lang='lat' dir='ltr'><strong>inde,</strong></span> <span class='ocrx_word' id='word_1_259' title='bbox 566 2964 733 3023; x_wconf 88' lang='lat' dir='ltr'><strong>Ciceronem</strong></span> <span class='ocrx_word' id='word_1_260' title='bbox 755 2984 815 3021; x_wconf 92' lang='lat' dir='ltr'><strong>non</strong></span> <span class='ocrx_word' id='word_1_261' title='bbox 842 2963 935 3023; x_wconf 88' lang='lat' dir='ltr'><strong>solum</strong></span> <span class='ocrx_word' id='word_1_262' title='bbox 961 2964 1084 3043; x_wconf 83' lang='lat' dir='ltr'><strong>ethicam</strong></span> <span class='ocrx_word' id='word_1_263' title='bbox 1103 2966 1136 3025; x_wconf 90' lang='lat' dir='ltr'><strong>in</strong></span> <span class='ocrx_word' id='word_1_264' title='bbox 1156 2965 1300 3030; x_wconf 86' lang='lat' dir='ltr'><strong>tradenda</strong></span> 
     </span>
     <span class='ocr_line' id='line_1_29' title="bbox 58 3061 1300 3147; baseline 0.004 -26"><span class='ocrx_word' id='word_1_265' title='bbox 58 3061 181 3144; x_wconf 84' lang='lat' dir='ltr'><strong>pplitica</strong></span> <span class='ocrx_word' id='word_1_266' title='bbox 206 3084 266 3121; x_wconf 91' lang='lat' dir='ltr'><strong>non</strong></span> <span class='ocrx_word' id='word_1_267' title='bbox 282 3061 475 3147; x_wconf 79' lang='lat' dir='ltr'><strong>neglexisse,</strong></span> <span class='ocrx_word' id='word_1_268' title='bbox 505 3062 555 3121; x_wconf 88' lang='lat' dir='ltr'><strong>sed</strong></span> <span class='ocrx_word' id='word_1_269' title='bbox 582 3061 782 3141; x_wconf 83' lang='lat' dir='ltr'><strong>gravissimum</strong></span> <span class='ocrx_word' id='word_1_270' title='bbox 808 3062 887 3141; x_wconf 85' lang='lat' dir='ltr'><strong>hunc</strong></span> <span class='ocrx_word' id='word_1_271' title='bbox 916 3061 953 3120; x_wconf 88' lang='lat' dir='ltr'><strong>de</strong></span> <span class='ocrx_word' id='word_1_272' title='bbox 973 3064 1087 3141; x_wconf 88' lang='lat' dir='ltr'><strong>justitia</strong></span> <span class='ocrx_word' id='word_1_273' title='bbox 1110 3063 1207 3125; x_wconf 88' lang='lat' dir='ltr'><strong>lacum</strong></span> <span class='ocrx_word' id='word_1_274' title='bbox 1235 3068 1300 3135; x_wconf 82' lang='lat' dir='ltr'><strong>fuse</strong></span> 
     </span>
     <span class='ocr_line' id='line_1_30' title="bbox 58 3159 1298 3240; baseline 0.005 -23"><span class='ocrx_word' id='word_1_275' title='bbox 58 3159 342 3240; x_wconf 77' lang='lat' dir='ltr'><strong>diligentissimeque.</strong></span> <span class='ocrx_word' id='word_1_276' title='bbox 365 3174 509 3220; x_wconf 87' lang='lat' dir='ltr'><strong>tractasse.</strong></span> <span class='ocrx_word' id='word_1_277' title='bbox 553 3160 618 3234; x_wconf 90' lang='lat' dir='ltr'><strong>Quo</strong></span> <span class='ocrx_word' id='word_1_278' title='bbox 643 3160 731 3238; x_wconf 88' lang='lat' dir='ltr'><strong>magis</strong></span> <span class='ocrx_word' id='word_1_279' title='bbox 760 3173 807 3218; x_wconf 91' lang='lat' dir='ltr'><strong>est·</strong></span> <span class='ocrx_word' id='word_1_280' title='bbox 820 3180 899 3220; x_wconf 85' lang='lat' dir='ltr'><strong>¹sane</strong></span> <span class='ocrx_word' id='word_1_281' title='bbox 924 3160 1001 3238; x_wconf 92' lang='lat' dir='ltr'><strong>quod</strong></span> <span class='ocrx_word' id='word_1_282' title='bbox 1021 3160 1184 3239; x_wconf 90' lang='lat' dir='ltr'><strong>doleamus,</strong></span> <span class='ocrx_word' id='word_1_283' title='bbox 1207 3165 1298 3224; x_wconf 85' lang='lat' dir='ltr'><strong>Laelii</strong></span> 
     </span>
     <span class='ocr_line' id='line_1_31' title="bbox 58 3256 1300 3338; baseline 0.002 -21"><span class='ocrx_word' id='word_1_284' title='bbox 58 3257 136 3333; x_wconf 78' lang='lat' dir='ltr'><strong>hanc</strong></span> <span class='ocrx_word' id='word_1_285' title='bbox 165 3278 218 3338; x_wconf 90' lang='lat' dir='ltr'><strong>pro</strong></span> <span class='ocrx_word' id='word_1_286' title='bbox 243 3259 370 3337; x_wconf 85' lang='lat' dir='ltr'><strong>justitia</strong></span> <span class='ocrx_word' id='word_1_287' title='bbox 387 3259 546 3337; x_wconf 84' lang='lat' dir='ltr'><strong>orationem</strong></span> <span class='ocrx_word' id='word_1_288' title='bbox 567 3256 764 3324; x_wconf 85' lang='lat' dir='ltr'><strong>intercidisse.</strong></span> <span class='ocrx_word' id='word_1_289' title='bbox 805 3260 897 3334; x_wconf 88' lang='lat' dir='ltr'><strong>Nam,</strong></span> <span class='ocrx_word' id='word_1_290' title='bbox 917 3274 949 3319; x_wconf 92' lang='lat' dir='ltr'><strong>ut</strong></span> <span class='ocrx_word' id='word_1_291' title='bbox 969 3257 1045 3319; x_wconf 90' lang='lat' dir='ltr'><strong>effici</strong></span> <span class='ocrx_word' id='word_1_292' title='bbox 1065 3281 1081 3319; x_wconf 86' lang='lat' dir='ltr'><strong>e</strong></span> <span class='ocrx_word' id='word_1_293' title='bbox 1100 3275 1228 3322; x_wconf 86' lang='lat' dir='ltr'><strong>veterum</strong></span> <span class='ocrx_word' id='word_1_294' title='bbox 1244 3276 1300 3321; x_wconf 90' lang='lat' dir='ltr'><strong>tes·</strong></span> 
     </span>
     <span class='ocr_line' id='line_1_32' title="bbox 59 3356 1299 3438; baseline 0 -22"><span class='ocrx_word' id='word_1_295' title='bbox 59 3357 193 3416; x_wconf 71' lang='lat' dir='ltr'><strong>dmoniis</strong></span> <span class='ocrx_word' id='word_1_296' title='bbox 219 3371 331 3437; x_wconf 90' lang='lat' dir='ltr'><strong>potest,</strong></span> <span class='ocrx_word' id='word_1_297' title='bbox 344 3359 387 3417; x_wconf 90' lang='lat' dir='ltr'><strong>in</strong></span> <span class='ocrx_word' id='word_1_298' title='bbox 412 3358 467 3417; x_wconf 91' lang='lat' dir='ltr'><strong>hoc</strong></span> <span class='ocrx_word' id='word_1_299' title='bbox 495 3356 647 3419; x_wconf 88' lang='lat' dir='ltr'><strong>tractando</strong></span> <span class='ocrx_word' id='word_1_300' title='bbox 667 3371 851 3436; x_wconf 87' lang='lat' dir='ltr'><strong>argumenta</strong></span> <span class='ocrx_word' id='word_1_301' title='bbox 849 3371 943 3419; x_wconf 88' lang='lat' dir='ltr'><strong>semet</strong></span> <span class='ocrx_word' id='word_1_302' title='bbox 964 3359 1024 3438; x_wconf 90' lang='lat' dir='ltr'><strong>ipse</strong></span> <span class='ocrx_word' id='word_1_303' title='bbox 1042 3377 1188 3438; x_wconf 89' lang='lat' dir='ltr'><strong>superasse</strong></span> <span class='ocrx_word' id='word_1_304' title='bbox 1208 3371 1299 3416; x_wconf 87' lang='lat' dir='ltr'><strong>orato</strong></span> 
     </span>
     <span class='ocr_line' id='line_1_33' title="bbox 58 3453 683 3535; baseline -0.007 -19"><span class='ocrx_word' id='word_1_305' title='bbox 58 3474 135 3516; x_wconf 82' lang='lat' dir='ltr'><strong>rum</strong></span> <span class='ocrx_word' id='word_1_306' title='bbox 133 3456 225 3534; x_wconf 88' lang='lat' dir='ltr'><strong>apud</strong></span> <span class='ocrx_word' id='word_1_307' title='bbox 241 3458 383 3517; x_wconf 82' lang='lat' dir='ltr'><strong>Romanos</strong></span> <span class='ocrx_word' id='word_1_308' title='bbox 400 3456 537 3535; x_wconf 87' lang='lat' dir='ltr'><strong>princeps</strong></span> <span class='ocrx_word' id='word_1_309' title='bbox 556 3453 683 3518; x_wconf 79' lang='lat' dir='ltr'><strong>videtui.</strong></span> 
     </span>
    </p>
   </div>
   <div class='ocr_carea' id='block_1_3' title="bbox 58 3749 1305 4500">
    <p class='ocr_par' dir='ltr' id='par_1_4' title="bbox 58 3749 1305 4246">
     <span class='ocr_line' id='line_1_34' title="bbox 58 3749 1301 3818; baseline -0.002 -15"><span class='ocrx_word' id='word_1_310' title='bbox 58 3751 102 3803; x_wconf 84' lang='lat' dir='ltr'><strong>nis</strong></span> <span class='ocrx_word' id='word_1_311' title='bbox 122 3751 288 3818; x_wconf 85' lang='lat' dir='ltr'><strong>exemplum,</strong></span> <span class='ocrx_word' id='word_1_312' title='bbox 313 3751 346 3802; x_wconf 89' lang='lat' dir='ltr'><strong>de</strong></span> <span class='ocrx_word' id='word_1_313' title='bbox 366 3751 516 3818; x_wconf 78' lang='lat' dir='ltr'><strong>prurientia,</strong></span> <span class='ocrx_word' id='word_1_314' title='bbox 536 3750 697 3817; x_wconf 66' lang='lat' dir='ltr'><strong>laureatae,</strong></span> <span class='ocrx_word' id='word_1_315' title='bbox 718 3751 881 3817; x_wconf 71' lang='lat' dir='ltr'><strong>cooperantia</strong></span> <span class='ocrx_word' id='word_1_316' title='bbox 899 3764 929 3800; x_wconf 89' lang='lat' dir='ltr'><strong>ae</strong></span> <span class='ocrx_word' id='word_1_317' title='bbox 941 3749 1047 3817; x_wconf 82' lang='lat' dir='ltr'><strong>justitia</strong></span> <span class='ocrx_word' id='word_1_318' title='bbox 1065 3749 1167 3818; x_wconf 78' lang='lat' dir='ltr'><strong>agisse:</strong></span> <span class='ocrx_word' id='word_1_319' title='bbox 1183 3765 1252 3815; x_wconf 89' lang='lat' dir='ltr'><strong>non,</strong></span> <span class='ocrx_word' id='word_1_320' title='bbox 1272 3757 1301 3800; x_wconf 85' lang='lat' dir='ltr'><strong>ut</strong></span> 
     </span>
     <span class='ocr_line' id='line_1_35' title="bbox 58 3832 1302 3904; baseline -0.002 -17"><span class='ocrx_word' id='word_1_321' title='bbox 58 3837 88 3889; x_wconf 88' lang='lat' dir='ltr'><strong>in</strong></span> <span class='ocrx_word' id='word_1_322' title='bbox 106 3838 204 3904; x_wconf 85' lang='lat' dir='ltr'><strong>optima</strong></span> <span class='ocrx_word' id='word_1_323' title='bbox 220 3837 323 3889; x_wconf 86' lang='lat' dir='ltr'><strong>civitate</strong></span> <span class='ocrx_word' id='word_1_324' title='bbox 343 3837 468 3903; x_wconf 87' lang='lat' dir='ltr'><strong>optimum</strong></span> <span class='ocrx_word' id='word_1_325' title='bbox 492 3835 623 3887; x_wconf 87' lang='lat' dir='ltr'><strong>huminem</strong></span> <span class='ocrx_word' id='word_1_326' title='bbox 646 3835 813 3903; x_wconf 84' lang='lat' dir='ltr'><strong>exploraret,</strong></span> <span class='ocrx_word' id='word_1_327' title='bbox 838 3832 886 3885; x_wconf 85' lang='lat' dir='ltr'><strong>sed</strong></span> <span class='ocrx_word' id='word_1_328' title='bbox 907 3833 1049 3886; x_wconf 88' lang='lat' dir='ltr'><strong>secundum</strong></span> <span class='ocrx_word' id='word_1_329' title='bbox 1072 3835 1115 3900; x_wconf 90' lang='lat' dir='ltr'><strong>id,</strong></span> <span class='ocrx_word' id='word_1_330' title='bbox 1136 3835 1206 3904; x_wconf 87' lang='lat' dir='ltr'><strong>quod</strong></span> <span class='ocrx_word' id='word_1_331' title='bbox 1223 3834 1302 3886; x_wconf 83' lang='lat' dir='ltr'><strong>dixe·</strong></span> 
     </span>
     <span class='ocr_line' id='line_1_36' title="bbox 58 3920 1305 3990; baseline -0.003 -17"><span class='ocrx_word' id='word_1_332' title='bbox 58 3930 101 3974; x_wconf 85' lang='lat' dir='ltr'><strong>rat</strong></span> <span class='ocrx_word' id='word_1_333' title='bbox 123 3921 143 3972; x_wconf 87' lang='lat' dir='ltr'><strong>l.</strong></span> <span class='ocrx_word' id='word_1_334' title='bbox 164 3920 207 3973; x_wconf 79' lang='lat'><strong>31.</strong></span> <span class='ocrx_word' id='word_1_335' title='bbox 229 3923 287 3973; x_wconf 84' lang='lat' dir='ltr'><strong>talis</strong></span> <span class='ocrx_word' id='word_1_336' title='bbox 310 3932 344 3972; x_wconf 84' lang='lat' dir='ltr'><strong>est</strong></span> <span class='ocrx_word' id='word_1_337' title='bbox 368 3939 480 3990; x_wconf 83' lang='lat' dir='ltr'><strong>quaeqae</strong></span> <span class='ocrx_word' id='word_1_338' title='bbox 506 3921 667 3990; x_wconf 80' lang='lat' dir='ltr'><strong>respublica,</strong></span> <span class='ocrx_word' id='word_1_339' title='bbox 694 3920 776 3989; x_wconf 83' lang='lat' dir='ltr'><strong>qualis</strong></span> <span class='ocrx_word' id='word_1_340' title='bbox 795 3923 850 3986; x_wconf 80' lang='lat' dir='ltr'><strong>ejas</strong></span> <span class='ocrx_word' id='word_1_341' title='bbox 872 3928 917 3970; x_wconf 82' lang='lat' dir='ltr'><strong>aui</strong></span> <span class='ocrx_word' id='word_1_342' title='bbox 936 3929 1094 3973; x_wconf 67' lang='lat' dir='ltr'><strong>natara‘aat</strong></span> <span class='ocrx_word' id='word_1_343' title='bbox 1114 3921 1240 3983; x_wconf 75' lang='lat' dir='ltr'><strong>aetuans,</strong></span> <span class='ocrx_word' id='word_1_344' title='bbox 1257 3920 1305 3986; x_wconf 83' lang='lat' dir='ltr'><strong>qai</strong></span> 
     </span>
     <span class='ocr_line' id='line_1_37' title="bbox 58 4005 1300 4089; baseline -0.003 -30"><span class='ocrx_word' id='word_1_345' title='bbox 58 4007 134 4059; x_wconf 84' lang='lat' dir='ltr'><strong>illam</strong></span> <span class='ocrx_word' id='word_1_346' title='bbox 153 4010 224 4074; x_wconf 78' lang='lat' dir='ltr'><strong>repit.</strong></span> <span class='ocrx_word' id='word_1_347' title='bbox 261 4007 324 4059; x_wconf 88' lang='lat' dir='ltr'><strong>lnde</strong></span> <span class='ocrx_word' id='word_1_348' title='bbox 348 4008 455 4060; x_wconf 84' lang='lat' dir='ltr'><strong>haecll.</strong></span> <span class='ocrx_word' id='word_1_349' title='bbox 474 4007 579 4059; x_wconf 79' lang='lat'><strong>40:—-</strong></span> <span class='ocrx_word' id='word_1_350' title='bbox 543 4025 666 4074; x_wconf 84' lang='lat' dir='ltr'><strong>-qaem</strong></span> <span class='ocrx_word' id='word_1_351' title='bbox 679 4008 739 4074; x_wconf 86' lang='lat' dir='ltr'><strong>jam</strong></span> <span class='ocrx_word' id='word_1_352' title='bbox 759 4009 851 4058; x_wconf 84' lang='lat' dir='ltr'><strong>daciam</strong></span> <span class='ocrx_word' id='word_1_353' title='bbox 871 4023 965 4089; x_wconf 77' lang='lat' dir='ltr'><strong>qaaere</strong></span> <span class='ocrx_word' id='word_1_354' title='bbox 984 4014 1009 4058; x_wconf 89' lang='lat' dir='ltr'><strong>et</strong></span> <span class='ocrx_word' id='word_1_355' title='bbox 1030 4023 1053 4058; x_wconf 88' lang='lat' dir='ltr'><strong>c.</strong></span> <span class='ocrx_word' id='word_1_356' title='bbox 1069 4005 1119 4057; x_wconf 67' lang='grc'><strong>42.</strong></span> <span class='ocrx_word' id='word_1_357' title='bbox 1141 4006 1244 4056; x_wconf 81' lang='lat' dir='ltr'><strong>aidea&#39;</strong></span> <span class='ocrx_word' id='word_1_358' title='bbox 1223 4021 1300 4073; x_wconf 74' lang='lat' dir='ltr'><strong>pam,</strong></span> 
     </span>
     <span class='ocr_line' id='line_1_38' title="bbox 58 4082 1301 4160; baseline -0.004 -14"><span class='ocrx_word' id='word_1_359' title='bbox 58 4093 144 4156; x_wconf 69' lang='lat' dir='ltr'><strong>mum,</strong></span> <span class='ocrx_word' id='word_1_360' title='bbox 168 4107 238 4160; x_wconf 79' lang='lat' dir='ltr'><strong>paam</strong></span> <span class='ocrx_word' id='word_1_361' title='bbox 260 4093 444 4160; x_wconf 73' lang='lat' dir='ltr'><strong>exspectabam,</strong></span> <span class='ocrx_word' id='word_1_362' title='bbox 465 4094 548 4142; x_wconf 86' lang='lat' dir='ltr'><strong>airam</strong></span> <span class='ocrx_word' id='word_1_363' title='bbox 571 4095 614 4142; x_wconf 86' lang='lat' dir='ltr'><strong>eui</strong></span> <span class='ocrx_word' id='word_1_364' title='bbox 634 4094 770 4160; x_wconf 73' lang='lat' dir='ltr'><strong>praeficias</strong></span> <span class='ocrx_word' id='word_1_365' title='bbox 792 4082 871 4159; x_wconf 76' lang='lat' dir='ltr'><strong>afficio</strong></span> <span class='ocrx_word' id='word_1_366' title='bbox 891 4101 914 4142; x_wconf 88' lang='lat' dir='ltr'><strong>at</strong></span> <span class='ocrx_word' id='word_1_367' title='bbox 937 4093 1042 4143; x_wconf 80' lang='lat' dir='ltr'><strong>muneri.</strong></span> <span class='ocrx_word' id='word_1_368' title='bbox 1077 4091 1140 4142; x_wconf 81' lang='lat' dir='ltr'><strong>Inde</strong></span> <span class='ocrx_word' id='word_1_369' title='bbox 1161 4090 1301 4143; x_wconf 77' lang='lat' dir='ltr'><strong>concordia</strong></span> 
     </span>
     <span class='ocr_line' id='line_1_39' title="bbox 58 4175 1159 4246; baseline -0.003 -16"><span class='ocrx_word' id='word_1_370' title='bbox 58 4181 186 4231; x_wconf 89' lang='lat' dir='ltr'><strong>virtutum</strong></span> <span class='ocrx_word' id='word_1_371' title='bbox 203 4186 229 4229; x_wconf 87' lang='lat' dir='ltr'><strong>et</strong></span> <span class='ocrx_word' id='word_1_372' title='bbox 247 4178 403 4229; x_wconf 87' lang='lat' dir='ltr'><strong>harmonia&#39;</strong></span> <span class='ocrx_word' id='word_1_373' title='bbox 397 4194 423 4228; x_wconf 91' lang='grc' dir='ltr'><strong>ιιι</strong></span> <span class='ocrx_word' id='word_1_374' title='bbox 440 4175 572 4244; x_wconf 81' lang='lat' dir='ltr'><strong>republica</strong></span> <span class='ocrx_word' id='word_1_375' title='bbox 591 4185 617 4228; x_wconf 89' lang='lat' dir='ltr'><strong>et</strong></span> <span class='ocrx_word' id='word_1_376' title='bbox 636 4177 676 4230; x_wconf 82' lang='lat' dir='ltr'><strong>hie</strong></span> <span class='ocrx_word' id='word_1_377' title='bbox 692 4177 756 4230; x_wconf 82' lang='lat' dir='ltr'><strong>locis</strong></span> <span class='ocrx_word' id='word_1_378' title='bbox 774 4186 800 4228; x_wconf 89' lang='lat' dir='ltr'><strong>et</strong></span> <span class='ocrx_word' id='word_1_379' title='bbox 814 4180 840 4228; x_wconf 90' lang='lat' dir='ltr'><strong>in</strong></span> <span class='ocrx_word' id='word_1_380' title='bbox 858 4179 957 4228; x_wconf 79' lang='lat' dir='ltr'><strong>Sannio</strong></span> <span class='ocrx_word' id='word_1_381' title='bbox 971 4177 1102 4246; x_wconf 74' lang='lat' dir='ltr'><strong>Scipionis.</strong></span> <span class='ocrx_word' id='word_1_382' title='bbox 1157 4176 1159 4180; x_wconf 83' lang='lat'>&#39;</span> 
     </span>
    </p>

    <p class='ocr_par' dir='ltr' id='par_1_5' title="bbox 99 4260 360 4330">
     <span class='ocr_line' id='line_1_40' title="bbox 99 4260 360 4330; baseline -0.012 -15"><span class='ocrx_word' id='word_1_383' title='bbox 99 4260 360 4330; x_wconf 56' lang='grc' dir='ltr'>θὼΜΠΜ</span> 
     </span>
    </p>

    <p class='ocr_par' dir='ltr' id='par_1_6' title="bbox 96 4345 528 4417">
     <span class='ocr_line' id='line_1_41' title="bbox 96 4345 528 4417; baseline -0.007 -19"><span class='ocrx_word' id='word_1_384' title='bbox 96 4346 125 4412; x_wconf 82' lang='grc'><strong>2)</strong></span> <span class='ocrx_word' id='word_1_385' title='bbox 143 4347 253 4417; x_wconf 80' lang='lat' dir='ltr'><strong>August.</strong></span> <span class='ocrx_word' id='word_1_386' title='bbox 271 4349 300 4398; x_wconf 82' lang='lat' dir='ltr'><strong>da</strong></span> <span class='ocrx_word' id='word_1_387' title='bbox 317 4350 365 4397; x_wconf 78' lang='lat' dir='ltr'><strong>cia.</strong></span> <span class='ocrx_word' id='word_1_388' title='bbox 378 4347 427 4398; x_wconf 83' lang='lat' dir='ltr'><strong>Dei</strong></span> <span class='ocrx_word' id='word_1_389' title='bbox 440 4346 470 4398; x_wconf 85' lang='lat' dir='ltr'><strong>ll·</strong></span> <span class='ocrx_word' id='word_1_390' title='bbox 485 4345 528 4397; x_wconf 82' lang='grc'><strong>21.</strong></span> 
     </span>
    </p>

    <p class='ocr_par' dir='ltr' id='par_1_7' title="bbox 97 4430 351 4500">
     <span class='ocr_line' id='line_1_42' title="bbox 97 4430 351 4500; baseline -0.016 -16"><span class='ocrx_word' id='word_1_391' title='bbox 97 4430 290 4500; x_wconf 73' lang='lat' dir='ltr'><strong>3)Deitep.1.</strong></span> <span class='ocrx_word' id='word_1_392' title='bbox 310 4430 351 4482; x_wconf 85' lang='lat'><strong>25.</strong></span> 
     </span>
    </p>
   </div>
   <div class='ocr_carea' id='block_1_4' title="bbox 0 0 1403 5048">
    <p class='ocr_par' dir='ltr' id='par_1_8' title="bbox 0 0 1403 5048">
     <span class='ocr_line' id='line_1_43' title="bbox 0 0 1403 5048; baseline 0 0"><span class='ocrx_word' id='word_1_393' title='bbox 0 0 1403 5048; x_wconf 95' lang='lat' dir='ltr'><strong> </strong></span> 
     </span>
    </p>
   </div>
  </div>
 </body>
</html>
