2774 5048
656 280 716 338 260

76 457 143 503 sunt
153 489 162 517 ,
182 442 358 524 appellaturi
378 442 484 515 simus,
507 441 585 499 nihil
601 443 699 520 utique
716 442 802 501 refert
821 443 890 499 artis
910 440 1100 513 dialecticae,
1121 440 1204 520 quale
1220 440 1273 501 illua

76 541 297 622 pronunciatum
317 539 466 599 honestius
495 539 647 599 videatur:
670 538 826 599 dummodo
855 558 959 597 nomen
987 538 1111 614 habeat,
1130 540 1225 619 quod,
1240 558 1273 599 ex·

75 639 163 697 clusis
181 639 271 696 animi
294 636 535 718 purgationibus,
565 636 632 696 illas
650 636 782 696 includat
804 637 969 716 vinciatque
990 657 1107 713 omnes,
1127 660 1201 718 quae
1217 637 1273 697 alitr

74 736 146 816 quid
164 749 297 816 purgant.
329 735 447 793 »Mentis
466 736 544 794 enim
564 737 762 815 purgationem
781 756 799 794 a
819 736 938 794 caeteris
959 755 1087 814 aggressa
1121 750 1164 797 est
1192 736 1273 797 discet

76 855 161 908 nere,
181 836 226 909 si,
246 855 302 912 quo
320 833 439 906 tendat,
462 832 673 893 didicimus-
687 834 747 912 Ego
773 853 840 892 vero
859 847 888 892 et
906 831 999 892 didici
1016 847 1045 892 et
1064 833 1208 910 concedo,
1226 833 1273 893 dut

74 954 133 992 esse
153 932 331 1013 purgationis
351 932 479 1012 species,
501 931 678 1011 alteramque
700 932 798 1005 illam,
813 950 891 1010 quae
911 944 1035 991 mentem
1058 946 1184 1012 spectat,
1207 952 1273 993 acu

75 1031 151 1112 poris
169 1030 337 1112 purgatione
356 1043 493 1091 secretam
512 1042 581 1092 esse.
602 1061 637 1069 -
656 1031 770 1111 Optime
791 1030 938 1089 omnium:
969 1031 1001 1089 in
1026 1029 1081 1089 hoc
1102 1043 1199 1089 autem
1218 1030 1273 1089 intr

74 1145 124 1211 per
152 1127 224 1186 mihi
248 1127 421 1207 obsequere,
453 1127 587 1209 quodque
615 1129 746 1188 dicturus
776 1148 856 1202 sum,
877 1149 974 1187 rursus
1003 1127 1145 1209 bipartito
1169 1126 1273 1188 diridet

73 1241 161 1287 tenta.
182 1227 417 1305 -Quocunque
438 1227 558 1286 duxeris
569 1274 578 1301 ,
599 1242 692 1287 tecum
714 1227 817 1308 partiri
837 1226 999 1286 conabor.»
1027 1225 1057 1307 1)

113 1326 169 1384 ute
195 1323 342 1383 cernendo
364 1324 571 1404 jungendoque
600 1326 760 1407 procedens
781 1325 912 1399 Eleates,
943 1311 1038 1399 casu,
1056 1338 1088 1383 ut
1114 1324 1246 1399 videtur,
1259 1324 1273 1385 ir

73 1419 222 1504 κάθαρσιν
234 1416 270 1482 ¹et
289 1415 459 1502 μαιευτικήν
482 1424 606 1498 incidit,
627 1444 735 1505 proque
755 1423 881 1504 sophista
901 1425 934 1483 in
953 1424 1007 1482 hac
1028 1423 1185 1483 venatione
1202 1421 1273 1504 ptib

75 1527 197 1607 sophum
216 1525 303 1604 capit.
325 1524 411 1599 Quod
431 1523 573 1603 quomodo
593 1521 797 1603 accipiendum
817 1522 874 1596 sit,
894 1535 956 1580 tum
966 1520 1198 1595 declarabimus,
1212 1518 1273 1599 qud

75 1624 111 1684 de
132 1630 321 1696 inventione,
343 1622 507 1682 Platonicae
533 1621 570 1706 'in
598 1621 699 1701 primis
719 1618 888 1679 dialecticae
915 1619 1167 1701 p1·oprih,acturi
1194 1638 1273 1679 sumat

76 1724 158 1781 Nunc
176 1720 456 1794 animadvertamus,
478 1719 682 1779 vilissimarum
710 1738 804 1776 rerum
825 1717 1073 1791 consideratione,
1094 1732 1127 1778 ut
1147 1731 1213 1779 suut
1229 1736 1273 1800 ptr·

75 1823 151 1881 fecto
170 1819 285 1879 servilia
308 1815 360 1878 ista
391 1817 545 1899 pertendi,
567 1816 769 1889 carminandi,
789 1815 895 1875 similia
915 1816 1049 1896 negotia,
1069 1815 1107 1875 ad
1137 1806 1186 1876 res'
1206 1812 1273 1876 subli·

76 1940 133 1978 mes
152 1939 203 1977 nos
224 1915 344 1975 educere
364 1915 556 1977 dialecticam.
594 1916 666 1974 Nam
686 1913 723 1973 ad
746 1915 876 1973 animum
895 1913 1034 1994 deinceps
1051 1916 1189 1975 transfert
1205 1928 1273 1975 rem

75 2035 272 2098 corporearum
295 2015 442 2095 ipsiusque
461 2015 588 2096 corporis
607 2013 726 2071 humani
746 2013 963 2093 purgationem,
982 2012 1132 2092 animique
1150 2006 1273 2073 etmulti

75 2130 103 2175 et
123 2112 307 2195 turpitudine
327 2112 516 2191 sordibusque
531 2111 721 2191 disceptando
741 2111 896 2192 expositis,
911 2110 949 2171 ad
968 2111 1050 2170 illam
1069 2111 1199 2172 escendit
1215 2110 1273 2273 l!

76 2214 256 2274 utilissimam
283 2211 610 2290 praestantissimamque
636 2209 762 2269 hominis
792 2207 986 2283 medicinam,
1011 2232 1097 2290 quarn
1118 2239 1170 2277 nos
1189 2236 1222 2275 ex

76 2314 137 2391 ipso
165 2307 376 2367 declaravimus
405 2307 487 2381 loco,
518 2328 606 2386 quum
630 2306 667 2366 de
693 2306 836 2368 Socratica
855 2308 1009 2394 μαιεπικῇ
1029 2315 1191 2395 agebamus.
1228 2310 1273 2371 «111

75 2404 262 2487 corporibus,
291 2405 332 2462 ait
354 2405 473 2486 hospes,
495 2405 600 2464 medici
618 2404 770 2483 judicant,
792 2429 852 2467 non
878 2431 958 2489 posse
986 2432 1090 2492 corpus
1113 2414 1201 2473 allato
1227 2406 1272 2469 cito

76 2504 201 2577 nutriri,
223 2515 392 2587 anteaquam
420 2503 623 2584 impedimenta
645 2506 709 2584 quis
731 2507 899 2566 nutritionis
920 2510 1051 2585 ejecerit:
1083 2513 1148 2592 pari
1172 2512 1270 2575 ratione,

75 2606 124 2685 qui
144 2602 272 2661 animum
293 2599 411 2661 student
430 2623 570 2682 purgare,
601 2603 637 2662 de
667 2605 764 2663 animo
796 2605 953 2682 judicant,
982 2629 1042 2667 non
1062 2611 1145 2690 prius
1163 2610 1269 2669 huntss

75 2703 171 2763 allatis
191 2699 358 2780 disciplinis
376 2701 503 2770 fructum
525 2722 583 2760 esse
609 2715 778 2782 capturum,
809 2725 893 2782 quam
921 2704 1095 2786 redarguens
1123 2710 1188 2787 quis
1212 2722 1268 2772 eu,

74 2802 123 2882 qui
144 2796 344 2876 redarguitur,
366 2811 515 2878 postquam
533 2799 572 2857 ad
591 2799 730 2879 pudorem
750 2800 865 2880 adegit,
886 2802 1009 2863 sublatis
1037 2806 1221 2886 opinionibus
1233 2818 1267 2863 tt·

76 2887 139 2975 nis,
159 2895 381 2975 disciplinarum
401 2897 634 2977 impedimentis,
656 2919 760 2978 purum
781 2901 923 2975 effecerit,
945 2901 1013 2961 haec
1039 2925 1068 2962 se
1096 2907 1168 2964 seire
1191 2914 1267 2984 prtu-

75 3011 128 3056 tem
151 2997 209 3056 sola
219 3040 229 3067 ,
257 3016 330 3074 quae
350 2995 450 3067 norit,
480 2993 566 3073 plura
586 3014 653 3055 vero
672 3016 702 3055 se
723 3018 781 3056 non
800 2999 881 3058 scire.
893 3023 908 3055 n
932 2999 964 3079 2)

1248 3100 1258 3133 Ι

191 3191 247 3250 De
278 3191 505 3267 analytica
539 3192 650 3267 opud
676 3191 896 3252 Platonem
925 3197 1174 3271 definiendi

557 3330 561 3337 .
588 3298 770 3357 ratione.

115 3486 190 3561 Sed,
211 3499 242 3544 ut
259 3485 418 3545 Socraticae
438 3480 595 3564 ἐπαγωγῆς
614 3472 674 3544 vim
693 3508 805 3546 omnem
815 3534 824 3561 ,
846 3509 903 3546 una
922 3510 988 3548 oum
1015 3491 1144 3567 ejusdem
1162 3491 1237 3574 gratia
1249 3472 1273 3543 11

73 3587 248 3659 festivitate,
269 3583 338 3642 hacc
360 3584 511 3644 methodus
531 3585 659 3645 Platonis
678 3587 822 3660 continet,
844 3587 884 3645 ita
904 3586 1067 3648 definiendi
1088 3592 1220 3651 rationem
1235 3582 1269 3643 St·

73 3686 226 3758 creticam,
247 3702 332 3762 quam
359 3703 445 3762 supra
473 3684 636 3763 attigimus,
663 3683 762 3742 eadem
797 3685 927 3744 continet
957 3699 984 3744 et
1011 3687 1134 3747 mirifice
1162 3688 1269 3748 illustrat

73 3780 189 3862 Spectat
208 3801 247 3862 eo
261 3780 331 3838 haec
342 3781 443 3856 .1·atio,
465 3797 497 3841 ut
515 3784 548 3841 in
567 3782 756 3861 disquirendo
773 3805 833 3842 non
857 3797 969 3843 tantum
989 3783 1025 3843 de
1045 3788 1164 3846 nomine
1183 3800 1270 3849 remur

73 3879 228 3957 sedetiam
255 3879 292 3937 de
319 3899 415 3936 earum
440 3895 542 3940 natura
561 3895 589 3940 et
608 3880 776 3940 conditione
794 3882 871 3962 apud
890 3904 942 3941 nos
959 3881 1078 3944 co'nstetss
1121 3887 1202 3946 Nunc
1221 3876 1271 3959 111·

73 3978 139 4038 dem
161 3978 197 4038 de
216 3976 360 4058 sophista,
381 3976 458 4037 dixit
477 3979 608 4053 Eleates,
630 4001 734 4036 nomen
759 3993 786 4038 et
809 3994 841 4038 tu
861 3994 888 4039 et
906 4001 957 4059 ego
973 4002 1123 4042 commune
1143 3982 1270 4042 habrum

73 4089 197 4156 praestat
217 4091 311 4136 autem
328 4076 361 4134 in
381 4077 503 4156 singulis
523 4077 559 4136 de
577 4079 692 4159 reipsa
717 4099 782 4136 cum
810 4078 989 4154 rationibus,
1009 4101 1096 4159 quam
1120 4082 1158 4142 de
1180 4075 1267 4141 nouiss

74 4174 135 4234 solo
155 4176 216 4234 sinc
235 4174 396 4233 rationibus
415 4177 585 4235 consentire.
627 4177 793 4235 Monuimus
820 4179 875 4253 iam
887 4224 896 4251 ,
917 4182 1091 4239 recentiores
1116 4182 1174 4240 fere
1196 4171 1267 4259 philt‘

111 4382 135 4447 11
155 4383 303 4452 111226.
322 4383 402 4435 11.-
421 4383 479 4435 227.
500 4386 531 4437 D.

108 4468 135 4533 21
152 4470 224 4538 Sepla.
249 4468 307 4520 230.
335 4468 363 4521 C.
383 4471 413 4521 D.
437 4470 484 4523 Cll‘.
504 4471 578 4522 latria
596 4489 621 4538 p.
641 4472 707 4534 117,
734 4472 790 4523 118.
