2774 5048
675 232 736 293 320

94 400 128 458 in
153 395 273 458 adversa
301 394 457 474 speluncae
486 407 567 474 parte
595 409 745 475 apparent.
787 398 852 470 Quo
880 395 1030 456 hominum
1053 398 1254 478 significatur,
1269 402 1308 480 qai

93 500 148 559 toti
176 499 209 555 in
236 493 346 552 mundo
374 491 525 571 spectabili
543 493 668 566 vivunt,
688 493 800 570 abjecta
820 495 971 569 conditio,
992 509 1025 555 ut
1039 517 1094 554 nec
1114 518 1159 557 res
1177 500 1254 580 ipsas
1267 520 1308 559 ner

94 596 247 657 simulacra
277 589 395 669 quidem
413 609 510 647 rerum
520 634 529 661 ,
549 589 601 649 sed
619 589 722 649 horum
741 593 833 651 solum
852 593 1072 652 simulacrorum
1091 595 1210 655 umbras
1225 597 1309 678 adspi-

94 699 182 755 ciant.
204 689 318 750 Debent
337 686 464 745 basillis
484 683 705 766 φαντασμάτων
725 689 910 765 auctoribus,
929 694 992 764 τοῖς
1013 685 1149 752 εἰδώλων
1166 698 1307 771 μψηταῑς,

93 793 192 873 quales
220 793 319 871 poetae
345 799 413 843 sunt
439 790 594 869 praecipue
612 802 640 848 et
659 805 793 850 oratores
836 790 923 851 Unde
942 792 1139 873 intelligitur,
1159 808 1265 873 quanta
1278 797 1307 853 sit

94 891 177 969 vulgi
204 878 393 958 drimd'evor'o,
421 885 563 962 siquidem
582 886 621 945 ab
638 886 742 946 horum
759 909 808 947 ore
827 889 972 969 pendeat,
994 911 1048 950 nee
1064 890 1246 970 quidquam,
1261 894 1306 951 nisi

92 992 169 1074 quod
187 989 219 1047 hi
239 985 413 1056 ostendunt,
434 1003 535 1042 verum
555 997 721 1062 certumque
736 984 850 1046 lrabeat.
891 987 927 1047 ld
943 987 1120 1067 significasse
1138 989 1224 1049 Plato
1238 990 1306 1049 initio

90 1090 206 1151 fabulae
225 1084 352 1145 videtur.

129 1184 240 1260 Quodsi
252 1185 312 1259 jam
332 1173 467 1239 παιδείαν
485 1180 663 1257 quaerimus,
678 1202 736 1259 qua
750 1180 897 1242 erroribus
910 1180 990 1242 hisee
1004 1182 1137 1243 homines
1152 1198 1184 1243 et
1198 1196 1305 1243 extrem

88 1285 214 1346 stultitia
244 1281 407 1341 liberentur
429 1320 465 1330 -
486 1278 543 1337 huo
572 1279 651 1337 enim
679 1293 788 1357 spectat
816 1280 916 1339 fabula
944 1282 1068 1339 maxime
1093 1326 1126 1335 -.
1152 1280 1188 1340 id
1211 1280 1305 1341 efficere
1336 1314 1338 1343 ε

88 1381 211 1444 difficile
230 1378 349 1438 omnino
370 1378 517 1457 negotium
534 1390 585 1436 est.
606 1376 678 1435 Nam
698 1397 743 1435 res
760 1376 808 1436 illi
824 1379 902 1458 ipsas
919 1399 949 1436 se
963 1378 1157 1458 contemplari
1173 1394 1203 1438 et
1218 1392 1305 1460 putant
1336 1372 1338 1385 '

88 1493 118 1538 et
138 1488 320 1548 asseverant,
341 1475 450 1554 quippe
471 1494 544 1548 esse,
565 1488 679 1554 praeter
698 1474 831 1548 umbras,
852 1476 910 1535 alia
928 1475 1070 1554 quaedam
1089 1498 1127 1536 ne
1144 1480 1304 1560 suspicantes

87 1576 225 1654 quidem:
257 1587 285 1632 et
312 1593 381 1632 vero
411 1571 594 1631 delectantur
621 1572 710 1631 iidem
740 1572 786 1632 his
815 1573 927 1633 umbris
955 1573 1088 1635 mirifice.
1139 1576 1303 1656 Principium

87 1674 206 1754 quidem
220 1674 315 1749 justae
334 1666 468 1743 παιδείας
487 1671 542 1731 hoe
559 1684 619 1745 est,
642 1685 674 1730 ut
683 1716 692 1745 ,
713 1671 835 1747 rejectis'
843 1673 937 1751 poetis
953 1685 1039 1750 atque
1051 1654 1238 1749 ‘oratoribus,
1255 1674 1302 1754 ipsa

87 1770 293 1852 adspectabilis
319 1768 425 1830 mundi
454 1769 626 1844 simulacra,
656 1789 778 1847 quorum
798 1767 914 1827 umbras
932 1768 1073 1830 viderunt
1090 1770 1209 1846 adhuc,
1227 1770 1302 1851 respi-

86 1873 183 1930 ciant:
214 1883 276 1928 tum
302 1870 379 1950 ipsas
405 1889 449 1927 res
476 1881 559 1927 extra
587 1866 668 1925 hunc
692 1865 836 1925 mundum
863 1867 1150 1948 contemplabuntur.
1192 1866 1248 1928 Sed
1261 1868 1300 1927 ltot

86 1966 165 2027 illud
195 1981 254 2041 est,
284 1965 362 2045 quod
388 1965 526 2046 deinceps
556 1963 752 2044 explicaturus
771 1963 900 2023 Socrates
918 1977 992 2023 erat:
1015 1987 1095 2025 nunc
1113 1967 1206 2046 igitur
1220 1977 1300 2046 pergat

86 2087 212 2126 narrare.
257 2063 491 2125 «Animadverte
515 2064 595 2139 jam,
625 2061 741 2139 inquit,
771 2060 959 2121 vinculorum
983 2062 1159 2124 solutionem
1186 2064 1299 2143 ignorari·

84 2166 198 2241 tiaeque
226 2163 421 2235 curationem,
452 2159 548 2239 qualis
572 2159 668 2233 foret,
698 2159 723 2218 si
749 2157 788 2219 ad
813 2159 894 2219 hunc
923 2159 1040 2220 modum
1057 2161 1243 2241 procederet:
1261 2158 1299 2219 ulr'

83 2262 149 2339 quis
168 2260 280 2318 solutus
295 2258 424 2318 vinculis
443 2256 481 2316 de
499 2270 617 2337 repente
630 2269 778 2335 cogeretur
794 2269 822 2315 et
835 2256 945 2316 collum
957 2270 1128 2319 convertere
1139 2272 1171 2325 et
1184 2254 1298 2340 progredi

84 2372 113 2417 et
140 2355 179 2415 ad
210 2357 286 2435 ignis
311 2356 410 2414 lumen
439 2354 536 2414 oculos
563 2354 712 2413 attollere:
742 2355 813 2419 haee
833 2369 929 2414 autem
946 2359 1043 2416 omnia
1060 2377 1167 2436 agens,
1187 2356 1297 2426 doleret,

85 2474 138 2513 nec
168 2453 316 2533 adspicere
345 2473 412 2533 prae
434 2450 588 2532 splendore
607 2451 661 2510 illa
678 2465 791 2531 posset,
811 2473 934 2531 quorum
952 2467 1037 2513 antea
1057 2454 1177 2514 umbras
1195 2442 1296 2515 viderat

83 2551 164 2626 Quid
190 2571 260 2612 vero
287 2570 353 2609 eum
382 2570 585 2629 responsurum
607 2562 756 2623 autumas,
777 2550 801 2607 si
820 2549 929 2609 diceret
947 2552 1004 2631 ipsi
1022 2551 1151 2630 aliquis,
1171 2566 1235 2611 turn
1248 2568 1297 2609 ean

82 2671 172 2729 nugas
191 2648 314 2721 vidisse,
336 2668 416 2706 nuno
437 2668 505 2707 vero
522 2648 642 2727 propius
660 2646 697 2705 ad
718 2668 819 2708 verum
836 2647 930 2727 adque
950 2670 997 2723 ea,
1017 2669 1090 2726 quae
1105 2651 1205 2710 minus
1218 2651 1297 2707 rides·

81 2758 136 2805 tur
156 2768 215 2806 esse
235 2746 381 2825 magisque
402 2755 488 2818 cunt,
510 2765 699 2818 conversum,
721 2745 827 2804 rectius
844 2749 991 2825 spectare?
1013 2746 1150 2826 idemque
1169 2749 1197 2807 ei
1209 2766 1297 2807 unun-

81 2866 222 2925 quemque
250 2844 496 2923 praetereuntium
522 2855 704 2915 monstrans,
731 2843 937 2922 interrogando
956 2865 1021 2903 eum
1040 2844 1218 2924 respondere
1235 2862 1296 2923 coge

80 2956 144 3016 ret,
173 2941 245 3019 quid
270 2942 367 2999 esset?
399 2961 498 2999 nonne
527 2939 681 2998 haesurum
704 2953 806 3020 putas,
827 2956 1045 3020 quaequetunc
1064 2941 1163 3017 vidit,
1183 2943 1296 3013 veriora,

80 3060 165 3118 quam
194 3059 267 3116 quae
297 3058 377 3096 nunc
403 3051 651 3112 monstrarentur,
677 3036 851 3097 dicturum?
870 3078 906 3088 —
944 3039 981 3098 Et
1003 3037 1094 3098 multo
1118 3039 1239 3119 quidem
1258 3059 1297 3101 tt·

79 3140 165 3197 riora.
183 3177 219 3186 -
256 3135 366 3209 Quodsi
396 3156 460 3194 eum
493 3134 642 3215 adspicere
669 3134 765 3214 ipsum
792 3136 888 3214 ignem
916 3151 1045 3216 cogeret,
1075 3158 1177 3196 nonne
1201 3147 1297 3198 tumet

80 3236 192 3295 doleret
220 3233 312 3292 oculis
330 3234 454 3292 maxime
475 3247 503 3291 et
520 3234 632 3311 fugeret
648 3246 677 3290 et
696 3245 837 3292 averteret
856 3238 885 3292 de
906 3234 976 3293 inde
994 3233 1032 3293 ad
1050 3232 1104 3292 illa
1125 3256 1200 3313 quae
1223 3243 1297 3317 posset
1335 3218 1338 3325 l

78 3333 245 3413 conspicere
273 3344 301 3388 et
328 3329 398 3390 haec
430 3351 528 3410 reapse
555 3329 731 3388 existimaret
756 3329 834 3404 illis,
855 3352 928 3410 quae
946 3344 1102 3390 monstrata
1121 3346 1237 3408 essent,
1253 3330 1296 3391 cla·
1334 3334 1338 3373 ⁴

78 3433 227 3490 rioral—
256 3427 303 3486 Sic
324 3428 479 3487 omnino.»
501 3424 530 3506 1)

119 3527 250 3586 Summae
270 3526 359 3603 igitur
374 3523 555 3584 difficultatis
571 3526 665 3600 justae
683 3521 817 3599 παιδείας
835 3527 1014 3612 principium
1037 3540 1088 3587 est.
1143 3527 1204 3587 Sed
1216 3544 1294 3606 quur

78 3627 183 3684 visita
204 3616 338 3704 φιλήκοοι
360 3625 407 3684 isti
434 3637 462 3683 et
483 3616 713 3702 φιλοθεάμονες,
734 3628 841 3707 quique
868 3624 945 3686 nihil
965 3625 1076 3684 habent
1107 3646 1228 3699 verum,
1251 3620 1293 3681 nisi

77 3724 155 3800 quod
174 3726 306 3784 sensibus
323 3737 533 3805 perceperunt,
551 3729 673 3786 umbros
686 3739 843 3807 coeperunt
858 3725 1093 3782 simulacrorum
1109 3738 1294 3791 contemnere,

75 3822 182 3899 quibus
201 3822 331 3881 luserant
351 3821 428 3900 ipsos
448 3827 548 3901 po'e'tae
567 3837 595 3881 et
614 3838 755 3883 oratores:
777 3835 897 3882 manent
911 3833 1006 3878 tamen
1025 3822 1058 3879 in
1078 3819 1193 3879 mundo
1211 3818 1293 3897 adspr

75 3919 196 3995 ctabili,
219 3920 288 3993 ubi,
310 3933 422 3999 praeter
442 3921 628 3994 simulacra,
650 3921 728 3979 nihil
747 3921 817 4000 ipsis
836 3919 1002 3998 conspicere
1028 3917 1107 3976 licet.
1151 3918 1224 3976 Nam
1240 3936 1293 3974 sen·
1336 3978 1338 3983 ,

74 4016 154 4075 sibus
173 4018 341 4097 percipiunt
370 4017 483 4095 negotia
512 4017 634 4097 pulcra,
655 4017 750 4093 bona,
768 4019 865 4094 justa,
886 4036 959 4094 quae
986 4014 1106 4094 quidem
1127 4015 1220 4095 ipsius
1236 4010 1292 4093 pul·
1336 4016 1338 4053 ἲ

25 4143 35 4158 ·
74 4114 116 4195 cri
126 4158 136 4189 ,
157 4114 249 4193 ipsius
278 4113 350 4173 boni
373 4115 502 4192 justique
530 4115 703 4191 simulacra,
734 4115 784 4174 sed
813 4113 933 4173 obscura
953 4112 1013 4171 fere
1024 4157 1033 4186 ,
1063 4109 1193 4170 subinde
1221 4110 1290 4169 etia·

74 4209 191 4269 fallacia
219 4210 372 4271 simulacra
401 4225 487 4289 sunt,-
510 4210 543 4270 id
561 4227 674 4288 autem,
695 4213 774 4293 quod
800 4213 896 4293 ipsum
916 4232 972 4293 per
998 4230 1028 4270 se
1053 4221 1081 4271 et
1107 4210 1291 4288 putere-ret

107 4414 132 4480 ι)
151 4419 189 4469 ne
205 4421 266 4486 rap.
289 4419 343 4470 vu.
365 4420 423 4472 515.
446 4419 474 4472 c.
492 4419 523 4470 n.
542 4421 573 4470 s.
