2796 5048
675 207 714 265 82

79 372 151 429 ci'em
170 385 333 443 sectantur,
356 392 399 428 res
421 390 489 430 vero
508 368 668 448 negligunt.
711 361 824 428 Οὐκοῦν
851 365 997 444 τιθῶμεν,
1023 361 1083 427 cinci
1103 363 1236 449 Όμηρον
1254 363 1301 453 o’p-

78 462 234 546 }otte‘vouq,
256 461 366 541 πάντας
386 462 455 540 τούς
475 460 639 547 ποιητικούς
659 464 792 550 μιμητάς
812 462 942 528 oidoilorv
963 464 1069 551 ἀρετῆς
1090 463 1177 544 εἶναι,
1192 470 1301 533 καὶτῶν

79 563 174 630 ἄλλων
195 569 261 650 napi
283 560 474 643 (denotatior,
496 568 551 650 τῆς
572 565 607 628 δὲ
629 562 772 650 ἀληθείας
793 565 850 650 οὐχ
871 562 1027 632 ἅπτεσθαι.
1050 566 1079 653 1)

283 769 344 849 Quo
363 782 499 849 spectant
511 779 703 846 potissimum
720 773 801 847 apud
820 770 979 828 Platonem
1000 768 1107 827 ortes?

119 966 244 1026 Videtur
272 968 360 1047 igitur
388 967 468 1026 Plato
493 967 533 1024 sic
557 966 594 1025 de
623 967 733 1025 artibus
761 967 908 1040 statuisse,
931 980 962 1024 ut
989 963 1208 1046 philosophiae,
1228 985 1298 1043 quan

79 1065 282 1146 profitebatur,
304 1065 486 1123 satisfaceret.
509 1063 565 1123 Sed
583 1063 661 1122 dicat
671 1064 719 1122 hlc
735 1065 857 1143 aliquis:
880 1065 961 1137 Esto,
976 1065 1008 1121 in
1022 1061 1237 1143 philosophiam
1250 1084 1298 1121 non
1326 1124 1328 1131 ,

78 1164 240 1243 peccaverit
258 1163 355 1236 Plat03
376 1162 427 1220 sed
447 1163 577 1241 peccavit
592 1164 623 1220 in
642 1176 724 1221 artes.
766 1163 825 1220 Has
844 1154 921 1220 enim
937 1181 1021 1219 nemo
1042 1181 1101 1218 non
1121 1159 1231 1233 coluit,
1252 1161 1296 1218 nisi

78 1263 127 1338 qui
146 1261 183 1319 ab
203 1263 263 1341 ipsa
277 1274 353 1319 ‚esset
370 1258 547 1351 humapitate
567 1260 689 1319 alienus.
731 1262 838 1338 Atqui,
860 1282 876 1318 o
899 1260 992 1332 bone,
1017 1278 1069 1318 nec
1095 1256 1178 1315 Plato
1196 1255 1296 1316 fuitab

79 1360 157 1418 omni
176 1358 354 1417 humanitate
373 1358 486 1433 alienus
496 1405 504 1432 ,
526 1373 553 1417 et
571 1359 661 1417 coluit
679 1373 769 1417 artes:
792 1358 917 1417 sednon
934 1357 1014 1431 illas,
1035 1376 1107 1434 quae
1123 1353 1212 1434 vulgo
1226 1354 1295 1413 habe

78 1457 204 1530 bantur,
226 1470 253 1514 et
272 1455 309 1515 ad
328 1455 513 1516 oblectandos
532 1458 683 1516 hominum
702 1458 811 1516 animos
835 1477 1030 1537 summopere,
1052 1453 1090 1511 ad
1116 1451 1295 1512 emendando

80 1575 148 1614 vero
166 1574 267 1634 parum
295 1567 344 1612 aut
373 1553 451 1612 nihil
477 1568 557 1635 aptas
585 1569 613 1613 et
637 1552 777 1613 efficaces?
817 1555 873 1614 Eas
900 1553 991 1614 coluit
1017 1566 1046 1612 et
1074 1553 1183 1632 optimo
1208 1552 1293 1629 cuique

81 1652 203 1710 maxime
227 1651 361 1711 colendas
383 1654 514 1727 censuit,
534 1673 607 1732 quae
625 1655 704 1731 quasi
724 1645 815 1712 τύπον
835 1653 975 1711 haberent
1003 1649 1152 1723 veritatis,
1173 1651 1291 1708 animun·

79 1752 134 1828 que
154 1748 332 1808 adducerent
350 1749 388 1837 ad
407 1751 500 1831 ipsum
520 1751 671 1833 pulcrum,
693 1753 785 1833 ipsum
803 1753 931 1825 bonum,
950 1751 1025 1830 ipsas
1044 1747 1124 1808 ideas
1146 1746 1290 1807 intuendo

80 1848 158 1919 Quae
178 1869 245 1908 vero
265 1847 475 1911 hinumentem
493 1862 668 1922 averterent,
692 1863 949 1927 converterentque
967 1846 1004 1906 ad
1023 1847 1123 1905 inania
1143 1846 1288 1915 simulacre,

79 1946 116 2006 ad
136 1948 237 2005 inanes
254 1946 369 2005 umbras
379 1972 393 2021 ,¹
405 1947 457 2006 has
475 1946 659 2029 repudiavit,
678 1963 709 2007 ut
727 1948 898 2031 philosopho
919 1945 1062 2025 indignas.
1104 1946 1197 2019 Quam
1214 1943 1307 2003 Plato.

79 2047 124 2104 nis
144 2046 315 2104 sententiam
337 2059 367 2104 ut
386 2058 451 2126 apte
471 2045 666 2126 explicemus,
685 2047 721 2106 de
740 2068 849 2106 summo
863 2049 923 2124 jam
943 2065 1075 2123 agamus,
1104 2042 1184 2122 quod
1202 2040 1287 2103 artibus

78 2145 279 2225 praescripsit,
300 2145 444 2225 proposito
473 2157 501 2202 et
527 2134 596 2203 hnc.
639 2143 695 2203 Sed
714 2146 839 2225 primum
858 2141 1077 2222 disquirendum
1101 2155 1143 2200 est
1170 2139 1207 2198 dc
1224 2136 1287 2197 musi·

78 2262 127 2301 cae
152 2243 272 2320 origine.

270 2484 315 2565 ἢ
498 2435 545 2494 Do
573 2445 689 2518 origine
719 2445 853 2496 muriceo.

118 2616 210 2674 Duxit
228 2635 287 2673 cam
302 2595 415 2672 Plato'e
435 2614 615 2675 naturalibus
630 2617 760 2675 sensibus
778 2617 937 2695 studiisque
955 2613 1043 2671 animi
1057 2612 1188 2671 humani.
1208 2613 1296 2672 Censet

79 2715 175 2788 enim,
197 2713 298 2772 natura
317 2712 401 2771 nobis
428 2715 577 2793 proprium
602 2735 659 2773 esse
689 2736 803 2774 sensum
832 2714 977 2795 quendam
996 2709 1125 2790 rhythmi
1147 2724 1175 2768 et
1194 2709 1299 2769 harno-

79 2814 144 2871 niae
154 2857 162 2886 ‚
183 2832 240 2890 quo
258 2811 376 2877 caeteris
389 2824 563 2890 praestemus
577 2813 790 2871 animantibus:
811 2811 866 2870 hoc
887 2825 980 2869 autem
1002 2822 1109 2867 motum
1135 2808 1299 2884 ductumque

79 2930 168 2989 genus
185 2908 362 2981 humanum,
383 2922 483 2988 sponte
501 2929 551 2967 sua
566 2890 597 2970 'et
615 2910 715 2970 choros
735 2932 815 2990 agere
834 2911 991 2969 instituisse
1010 2921 1037 2965 et
1056 2908 1202 2966 invenisse
1219 2900 1300 2966 musi*

78 3029 148 3067 cam.
190 3008 226 3065 In
245 3028 328 3088 opere
349 3005 385 3065 de
403 3004 543 3086 Legibus,
565 3007 642 3086 quod
660 3030 748 3068 senex
767 3008 899 3088 scripsit,
920 3027 1000 3066 senes
1020 3005 1136 3064 inducit
1153 3005 1208 3063 hac
1225 3004 1255 3064 de
1266 3012 1300 3055 1⁸

78 3106 272 3184 colloquentes
301 3105 445 3179 Cliniam,
465 3104 616 3185 Megillum
644 3119 672 3164 et
700 3106 840 3187 hospitem
863 3083 1083 3175 Atheniensem,
1112 3122 1233 3185 quorum
1254 3094 1296 3157 hic

80 3204 119 3262 ita
146 3203 254 3284 profert
282 3203 452 3262 sententiam
471 3224 559 3263 suam.
604 3203 816 3278 «Videndum,
846 3224 915 3262 num
943 3223 1029 3277 verus
1048 3200 1084 3260 sit
1103 3212 1131 3258 et
1150 3196 1301 3259 secundnm

79 3315 229 3374 naturam,
249 3301 299 3379 qui
320 3300 404 3361 nobis
423 3301 602 3375 celebratur,
624 3322 725 3361 sermo:
747 3301 870 3361 dicimus
888 3315 1000 3372 autem,
1020 3299 1180 3357 animantia
1197 3302 1300 3358 tantu!

79 3420 139 3458 non
158 3398 271 3472 omnia,
298 3397 367 3457 dum
391 3399 519 3477 juvenili
547 3413 615 3458 sunt
638 3414 744 3472 aetate,
770 3421 823 3459 nec
853 3420 969 3480 corpore
989 3418 1068 3477 posse
1088 3397 1235 3473 quiescere
1252 3398 1302 3453 nec

79 3497 179 3578 lingua
192 3496 293 3570 silere,
315 3499 422 3558 moveri
447 3518 515 3557 vero
533 3517 642 3578 semper
660 3511 688 3556 et
707 3497 845 3557 clamare:
867 3497 1008 3557 exsultare
1026 3497 1084 3555 fere
1102 3521 1135 3559 ac
1161 3497 1303 3585 tripodi?

79 3617 110 3654 re
120 3641 138 3669 ,‚
149 3617 216 3677 prae
233 3595 336 3676 gaudio
356 3593 489 3654 saltantia
508 3616 540 3653 ac
557 3594 708 3670 ludentia,
729 3617 776 3655 ore
792 3617 860 3655 vero
875 3595 974 3654 nullos
992 3616 1051 3653 non
1065 3617 1149 3657 sonos
1163 3601 1308 3660 emitterss'r

79 3694 112 3751 in
130 3692 176 3750 his
194 3707 285 3752 autem
309 3707 418 3753 caetera
448 3681 584 3752 animalia
610 3693 724 3752 nullum
752 3693 857 3752 habere
885 3692 996 3752 ordinis
1023 3714 1155 3770 sensum,
1176 3697 1229 3758 sed
1247 3696 1312 3758 sin⁸

80 3790 214 3870 rhythmo
227 3794 348 3865 moveri,
363 3793 426 3850 sine
440 3791 590 3851 harmonia
604 3793 755 3851 vociferari
763 3815 770 3866 3
789 3790 956 3850 hominibus
971 3811 1038 3849 vero
1053 3791 1126 3851 Deos
1140 3808 1169 3853 et
1180 3771 1318 3876 rhythmi

78 3889 211 3948 tribuisse
230 3902 257 3947 et
275 3888 438 3950 harmoniae
458 3890 590 3964 sensum,
606 3911 663 3969 quo
678 3903 742 3970 apte
756 3910 933 3948 moveremur
950 3888 1082 3948 saltando
1096 3904 1123 3951 et
1143 3887 1323 3952 canerent¹¹⁵

78 3988 247 4059 concinne,
260 3986 359 4047 choros
389 3989 570 4046 instituentes
599 4009 664 4046 cum
691 3987 854 4062 hilaritate,
884 3987 933 4064 qui
954 3981 1035 4066 napo*
1049 3976 1116 4068 τῆξ
1124 3990 1241 4069 χαρᾶς,
1273 3966 1328 4070 al

78 4087 139 4166 ipsa
161 4083 307 4144 hilaritate
334 4106 438 4144 nomen
467 4084 584 4146 habent.
597 4112 611 4143 o
637 4083 668 4164 2)
688 4085 767 4159 Quae
795 4076 999 4147 sententia‘ita
1023 4089 1116 4170 placet
1135 4082 1328 4152 Athenicfl5

77 4331 81 4337 '
116 4326 137 4391 Ι)
156 4330 193 4380 De
210 4331 268 4396 nep.
287 4329 316 4379 Χ.
335 4326 393 4379 600.
408 4326 438 4377 Ε.

112 4411 139 4476 2)
157 4415 194 4465 De
215 4414 285 4481 Leqq.
310 4413 339 4464 ll.
358 4412 416 4465 654.
435 4412 466 4463 A.
