<?xml version="1.0" encoding="UTF-8"?>
<!DOCTYPE html PUBLIC "-//W3C//DTD XHTML 1.0 Transitional//EN"
    "http://www.w3.org/TR/xhtml1/DTD/xhtml1-transitional.dtd">
<html xmlns="http://www.w3.org/1999/xhtml" xml:lang="en" lang="en">
 <head>
  <title>
</title>
<meta http-equiv="Content-Type" content="text/html;charset=utf-8" />
  <meta name='ocr-system' content='tesseract 3.04.00' />
  <meta name='ocr-capabilities' content='ocr_page ocr_carea ocr_par ocr_line ocrx_word'/>
</head>
<body>
  <div class='ocr_page' id='page_1' title='image "./initiaphilosoph00heusgoog_0049.png"; bbox 0 0 2796 5048; ppageno 0'>
   <div class='ocr_carea' id='block_1_1' title="bbox 79 223 1305 2876">
    <p class='ocr_par' dir='ltr' id='par_1_1' title="bbox 79 223 1303 936">
     <span class='ocr_line' id='line_1_1' title="bbox 688 223 706 282; baseline 0 0"><span class='ocrx_word' id='word_1_1' title='bbox 688 223 706 282; x_wconf 74' lang='lat' dir='ltr'><strong>lt</strong></span> 
     </span>
     <span class='ocr_line' id='line_1_2' title="bbox 80 380 1301 466; baseline 0.002 -23"><span class='ocrx_word' id='word_1_2' title='bbox 80 385 116 444; x_wconf 86' lang='lat' dir='ltr'><strong>dc</strong></span> <span class='ocrx_word' id='word_1_3' title='bbox 143 384 252 464; x_wconf 83' lang='lat' dir='ltr'><strong>profuit</strong></span> <span class='ocrx_word' id='word_1_4' title='bbox 276 383 366 458; x_wconf 85' lang='lat' dir='ltr'><strong>mihi,</strong></span> <span class='ocrx_word' id='word_1_5' title='bbox 387 383 444 441; x_wconf 89' lang='lat' dir='ltr'><strong>imo</strong></span> <span class='ocrx_word' id='word_1_6' title='bbox 463 402 531 442; x_wconf 80' lang='lat' dir='ltr'><strong>reru</strong></span> <span class='ocrx_word' id='word_1_7' title='bbox 546 383 665 443; x_wconf 85' lang='lat' dir='ltr'><strong>salutem</strong></span> <span class='ocrx_word' id='word_1_8' title='bbox 682 381 788 442; x_wconf 88' lang='lat' dir='ltr'><strong>attulit.</strong></span> <span class='ocrx_word' id='word_1_9' title='bbox 819 380 865 441; x_wconf 76' lang='lat' dir='ltr'><strong>Ab</strong></span> <span class='ocrx_word' id='word_1_10' title='bbox 877 380 929 441; x_wconf 90' lang='lat' dir='ltr'><strong>illo</strong></span> <span class='ocrx_word' id='word_1_11' title='bbox 943 381 1013 442; x_wconf 89' lang='lat' dir='ltr'><strong>inde</strong></span> <span class='ocrx_word' id='word_1_12' title='bbox 1032 382 1080 443; x_wconf 90' lang='lat' dir='ltr'><strong>die</strong></span> <span class='ocrx_word' id='word_1_13' title='bbox 1096 386 1177 466; x_wconf 88' lang='lat' dir='ltr'><strong>coepi</strong></span> <span class='ocrx_word' id='word_1_14' title='bbox 1191 403 1237 444; x_wconf 86' lang='lat' dir='ltr'><strong>mc</strong></span> <span class='ocrx_word' id='word_1_15' title='bbox 1250 405 1301 446; x_wconf 82' lang='lat' dir='ltr'><strong>co-</strong></span> 
     </span>
     <span class='ocr_line' id='line_1_3' title="bbox 80 495 1302 585; baseline 0.004 -28"><span class='ocrx_word' id='word_1_16' title='bbox 80 519 231 579; x_wconf 89' lang='lat' dir='ltr'><strong>gnoscere,</strong></span> <span class='ocrx_word' id='word_1_17' title='bbox 251 497 411 585; x_wconf 78' lang='lat' dir='ltr'><strong>intelligere</strong></span> <span class='ocrx_word' id='word_1_18' title='bbox 427 495 499 576; x_wconf 90' lang='lat' dir='ltr'><strong>quid</strong></span> <span class='ocrx_word' id='word_1_19' title='bbox 515 497 586 556; x_wconf 93' lang='lat' dir='ltr'><strong>mihi</strong></span> <span class='ocrx_word' id='word_1_20' title='bbox 605 496 731 572; x_wconf 75' lang='lat' dir='ltr'><strong>deesset,</strong></span> <span class='ocrx_word' id='word_1_21' title='bbox 755 496 899 576; x_wconf 83' lang='lat' dir='ltr'>inquirere</span> <span class='ocrx_word' id='word_1_22' title='bbox 921 518 977 575; x_wconf 90' lang='lat' dir='ltr'><strong>quo</strong></span> <span class='ocrx_word' id='word_1_23' title='bbox 994 497 1072 558; x_wconf 88' lang='lat' dir='ltr'><strong>illud</strong></span> <span class='ocrx_word' id='word_1_24' title='bbox 1089 514 1173 580; x_wconf 86' lang='lat' dir='ltr'><strong>pacto</strong></span> <span class='ocrx_word' id='word_1_25' title='bbox 1191 521 1302 582; x_wconf 80' lang='lat' dir='ltr'><strong>possem</strong></span> 
     </span>
     <span class='ocr_line' id='line_1_4' title="bbox 79 592 1302 694; baseline 0.005 -22"><span class='ocrx_word' id='word_1_26' title='bbox 79 595 198 692; x_wconf 80' lang='lat' dir='ltr'><strong>assequi.</strong></span> <span class='ocrx_word' id='word_1_27' title='bbox 224 611 304 688; x_wconf 86' lang='lat' dir='ltr'><strong>Quid</strong></span> <span class='ocrx_word' id='word_1_28' title='bbox 322 592 456 691; x_wconf 68' lang='lat' dir='ltr'><strong>qtiderisl</strong></span> <span class='ocrx_word' id='word_1_29' title='bbox 487 611 592 673; x_wconf 81' lang='lat' dir='ltr'><strong>Vivere</strong></span> <span class='ocrx_word' id='word_1_30' title='bbox 608 611 644 671; x_wconf 90' lang='lat' dir='ltr'><strong>ab</strong></span> <span class='ocrx_word' id='word_1_31' title='bbox 663 610 716 671; x_wconf 91' lang='lat' dir='ltr'><strong>hoc</strong></span> <span class='ocrx_word' id='word_1_32' title='bbox 736 611 806 671; x_wconf 87' lang='lat' dir='ltr'><strong>inde</strong></span> <span class='ocrx_word' id='word_1_33' title='bbox 823 624 947 691; x_wconf 87' lang='lat' dir='ltr'><strong>tempore</strong></span> <span class='ocrx_word' id='word_1_34' title='bbox 966 614 1064 694; x_wconf 86' lang='lat' dir='ltr'><strong>coepi,</strong></span> <span class='ocrx_word' id='word_1_35' title='bbox 1092 614 1236 694; x_wconf 88' lang='lat' dir='ltr'><strong>siquidem</strong></span> <span class='ocrx_word' id='word_1_36' title='bbox 1254 617 1302 678; x_wconf 79' lang='lat' dir='ltr'><strong>vi-</strong></span> 
     </span>
     <span class='ocr_line' id='line_1_5' title="bbox 80 725 1303 812; baseline 0.002 -24"><span class='ocrx_word' id='word_1_37' title='bbox 80 749 146 788; x_wconf 87' lang='lat' dir='ltr'><strong>vere</strong></span> <span class='ocrx_word' id='word_1_38' title='bbox 173 750 233 788; x_wconf 91' lang='lat' dir='ltr'><strong>non</strong></span> <span class='ocrx_word' id='word_1_39' title='bbox 262 740 304 786; x_wconf 93' lang='lat' dir='ltr'><strong>est</strong></span> <span class='ocrx_word' id='word_1_40' title='bbox 331 727 462 807; x_wconf 90' lang='lat' dir='ltr'><strong>spiritum</strong></span> <span class='ocrx_word' id='word_1_41' title='bbox 491 725 614 801; x_wconf 88' lang='lat' dir='ltr'><strong>ducere,</strong></span> <span class='ocrx_word' id='word_1_42' title='bbox 644 725 695 786; x_wconf 92' lang='lat' dir='ltr'><strong>sed</strong></span> <span class='ocrx_word' id='word_1_43' title='bbox 722 727 849 784; x_wconf 89' lang='lat' dir='ltr'><strong>animum</strong></span> <span class='ocrx_word' id='word_1_44' title='bbox 875 726 1020 807; x_wconf 85' lang='lat' dir='ltr'><strong>explicare</strong></span> <span class='ocrx_word' id='word_1_45' title='bbox 1046 727 1084 788; x_wconf 93' lang='lat' dir='ltr'><strong>ad</strong></span> <span class='ocrx_word' id='word_1_46' title='bbox 1113 730 1303 812; x_wconf 83' lang='lat' dir='ltr'><strong>percipienda</strong></span> 
     </span>
     <span class='ocr_line' id='line_1_6' title="bbox 80 840 871 936; baseline 0 -36"><span class='ocrx_word' id='word_1_47' title='bbox 80 843 226 936; x_wconf 85' lang='lat' dir='ltr'><strong>praeclara</strong></span> <span class='ocrx_word' id='word_1_48' title='bbox 246 842 360 915; x_wconf 89' lang='lat' dir='ltr'><strong>omnia,</strong></span> <span class='ocrx_word' id='word_1_49' title='bbox 381 841 414 900; x_wconf 90' lang='lat' dir='ltr'><strong>in</strong></span> <span class='ocrx_word' id='word_1_50' title='bbox 433 841 523 920; x_wconf 91' lang='lat' dir='ltr'><strong>iisque</strong></span> <span class='ocrx_word' id='word_1_51' title='bbox 542 840 707 901; x_wconf 69' lang='lat' dir='ltr'><strong>felicitatem</strong></span> <span class='ocrx_word' id='word_1_52' title='bbox 728 862 871 920; x_wconf 81' lang='lat' dir='ltr'><strong>quaerere.</strong></span> 
     </span>
    </p>

    <p class='ocr_par' dir='ltr' id='par_1_2' title="bbox 79 955 1305 2876">
     <span class='ocr_line' id='line_1_7' title="bbox 118 955 1299 1037; baseline 0.003 -22"><span class='ocrx_word' id='word_1_53' title='bbox 118 959 179 1016; x_wconf 90' lang='lat' dir='ltr'><strong>Hac</strong></span> <span class='ocrx_word' id='word_1_54' title='bbox 198 971 257 1024; x_wconf 85' lang='lat' dir='ltr'><strong>arte</strong></span> <span class='ocrx_word' id='word_1_55' title='bbox 276 956 436 1030; x_wconf 85' lang='lat' dir='ltr'><strong>Socratica,</strong></span> <span class='ocrx_word' id='word_1_56' title='bbox 456 970 489 1015; x_wconf 87' lang='lat' dir='ltr'><strong>ut</strong></span> <span class='ocrx_word' id='word_1_57' title='bbox 507 957 567 1036; x_wconf 83' lang='lat' dir='ltr'><strong>ipse</strong></span> <span class='ocrx_word' id='word_1_58' title='bbox 585 977 648 1015; x_wconf 91' lang='lat' dir='ltr'><strong>sum</strong></span> <span class='ocrx_word' id='word_1_59' title='bbox 665 977 717 1015; x_wconf 90' lang='lat' dir='ltr'><strong>usu</strong></span> <span class='ocrx_word' id='word_1_60' title='bbox 735 969 886 1037; x_wconf 85' lang='lat' dir='ltr'><strong>expertus,</strong></span> <span class='ocrx_word' id='word_1_61' title='bbox 897 955 1036 1015; x_wconf 83' lang='lat' dir='ltr'><strong>excelluit</strong></span> <span class='ocrx_word' id='word_1_62' title='bbox 1045 956 1299 1037; x_wconf 78' lang='lat' dir='ltr'><strong>wyttenbachius.</strong></span> 
     </span>
     <span class='ocr_line' id='line_1_8' title="bbox 79 1043 1302 1152; baseline 0.003 -22"><span class='ocrx_word' id='word_1_63' title='bbox 79 1074 137 1139; x_wconf 81' lang='lat' dir='ltr'><strong>Nec</strong></span> <span class='ocrx_word' id='word_1_64' title='bbox 154 1073 258 1130; x_wconf 90' lang='lat' dir='ltr'><strong>mirum</strong></span> <span class='ocrx_word' id='word_1_65' title='bbox 276 1071 398 1144; x_wconf 87' lang='lat' dir='ltr'><strong>iccirco,</strong></span> <span class='ocrx_word' id='word_1_66' title='bbox 418 1085 530 1130; x_wconf 88' lang='lat' dir='ltr'><strong>tantum</strong></span> <span class='ocrx_word' id='word_1_67' title='bbox 547 1043 687 1150; x_wconf 80' lang='lat' dir='ltr'><strong>prefuisse</strong></span> <span class='ocrx_word' id='word_1_68' title='bbox 704 1071 764 1148; x_wconf 79' lang='lat' dir='ltr'><strong>ejus</strong></span> <span class='ocrx_word' id='word_1_69' title='bbox 783 1068 968 1150; x_wconf 81' lang='lat' dir='ltr'><strong>disciplinam</strong></span> <span class='ocrx_word' id='word_1_70' title='bbox 980 1071 1148 1148; x_wconf 81' lang='lat' dir='ltr'><strong>juventuti,</strong></span> <span class='ocrx_word' id='word_1_71' title='bbox 1161 1088 1302 1152; x_wconf 89' lang='lat' dir='ltr'><strong>quantum</strong></span> 
     </span>
     <span class='ocr_line' id='line_1_9' title="bbox 79 1162 1303 1270; baseline 0.002 -25"><span class='ocrx_word' id='word_1_72' title='bbox 79 1162 321 1269; x_wconf 51' lang='lat' dir='ltr'><strong>pfflcissimorum.</strong></span> <span class='ocrx_word' id='word_1_73' title='bbox 362 1184 460 1244; x_wconf 88' lang='lat' dir='ltr'><strong>Media</strong></span> <span class='ocrx_word' id='word_1_74' title='bbox 479 1184 548 1244; x_wconf 87' lang='lat' dir='ltr'><strong>haec</strong></span> <span class='ocrx_word' id='word_1_75' title='bbox 567 1199 626 1244; x_wconf 88' lang='lat' dir='ltr'><strong>erat</strong></span> <span class='ocrx_word' id='word_1_76' title='bbox 645 1185 721 1244; x_wconf 92' lang='lat' dir='ltr'><strong>inter</strong></span> <span class='ocrx_word' id='word_1_77' title='bbox 740 1183 812 1244; x_wconf 89' lang='lat' dir='ltr'><strong>duas</strong></span> <span class='ocrx_word' id='word_1_78' title='bbox 829 1185 953 1244; x_wconf 88' lang='lat' dir='ltr'><strong>rationes</strong></span> <span class='ocrx_word' id='word_1_79' title='bbox 967 1199 1207 1267; x_wconf 83' lang='lat' dir='ltr'><strong>extremas,quac</strong></span> <span class='ocrx_word' id='word_1_80' title='bbox 1219 1208 1303 1270; x_wconf 82' lang='lat' dir='ltr'><strong>aegre</strong></span> 
     </span>
     <span class='ocr_line' id='line_1_10' title="bbox 79 1297 1302 1382; baseline 0.001 -22"><span class='ocrx_word' id='word_1_81' title='bbox 79 1303 233 1362; x_wconf 83' lang='lat' dir='ltr'><strong>evitantur.</strong></span> <span class='ocrx_word' id='word_1_82' title='bbox 264 1299 350 1359; x_wconf 87' lang='lat' dir='ltr'>Haud</span> <span class='ocrx_word' id='word_1_83' title='bbox 369 1313 429 1357; x_wconf 90' lang='lat' dir='ltr'><strong>erat</strong></span> <span class='ocrx_word' id='word_1_84' title='bbox 443 1297 593 1375; x_wconf 88' lang='lat' dir='ltr'><strong>difficilis,</strong></span> <span class='ocrx_word' id='word_1_85' title='bbox 608 1298 694 1373; x_wconf 88' lang='lat' dir='ltr'><strong>dura,</strong></span> <span class='ocrx_word' id='word_1_86' title='bbox 710 1318 822 1379; x_wconf 88' lang='lat' dir='ltr'><strong>aspera,</strong></span> <span class='ocrx_word' id='word_1_87' title='bbox 836 1300 1048 1380; x_wconf 82' lang='lat' dir='ltr'><strong>restinguendis</strong></span> <span class='ocrx_word' id='word_1_88' title='bbox 1061 1301 1205 1381; x_wconf 86' lang='lat' dir='ltr'><strong>ingeniis,</strong></span> <span class='ocrx_word' id='word_1_89' title='bbox 1215 1324 1302 1382; x_wconf 75' lang='lat' dir='ltr'><strong>quam</strong></span> 
     </span>
     <span class='ocr_line' id='line_1_11' title="bbox 79 1412 1302 1498; baseline 0.003 -23"><span class='ocrx_word' id='word_1_90' title='bbox 79 1415 259 1489; x_wconf 79' lang='lat' dir='ltr'><strong>excitandis,</strong></span> <span class='ocrx_word' id='word_1_91' title='bbox 280 1415 389 1495; x_wconf 88' lang='lat' dir='ltr'><strong>aptior:</strong></span> <span class='ocrx_word' id='word_1_92' title='bbox 412 1428 545 1472; x_wconf 88' lang='lat' dir='ltr'><strong>necerat</strong></span> <span class='ocrx_word' id='word_1_93' title='bbox 573 1428 668 1474; x_wconf 89' lang='lat' dir='ltr'><strong>tamen</strong></span> <span class='ocrx_word' id='word_1_94' title='bbox 692 1428 749 1473; x_wconf 91' lang='lat' dir='ltr'><strong>tota</strong></span> <span class='ocrx_word' id='word_1_95' title='bbox 774 1412 812 1473; x_wconf 89' lang='lat' dir='ltr'><strong>ad</strong></span> <span class='ocrx_word' id='word_1_96' title='bbox 831 1413 1035 1475; x_wconf 87' lang='lat' dir='ltr'><strong>delectandum</strong></span> <span class='ocrx_word' id='word_1_97' title='bbox 1054 1417 1217 1498; x_wconf 70' lang='lat' dir='ltr'><strong>composita:</strong></span> <span class='ocrx_word' id='word_1_98' title='bbox 1256 1419 1302 1478; x_wconf 78' lang='lat' dir='ltr'><strong>Ex</strong></span> 
     </span>
     <span class='ocr_line' id='line_1_12' title="bbox 79 1527 1303 1609; baseline 0.003 -20"><span class='ocrx_word' id='word_1_99' title='bbox 79 1533 132 1590; x_wconf 89' lang='lat' dir='ltr'><strong>hac</strong></span> <span class='ocrx_word' id='word_1_100' title='bbox 153 1531 247 1605; x_wconf 84' lang='lat' dir='ltr'><strong>leves,</strong></span> <span class='ocrx_word' id='word_1_101' title='bbox 268 1529 355 1603; x_wconf 81' lang='lat' dir='ltr'><strong>vani,</strong></span> <span class='ocrx_word' id='word_1_102' title='bbox 375 1527 473 1593; x_wconf 85' lang='lat' dir='ltr'><strong>futiles</strong></span> <span class='ocrx_word' id='word_1_103' title='bbox 496 1527 588 1588; x_wconf 86' lang='lat' dir='ltr'><strong>solent</strong></span> <span class='ocrx_word' id='word_1_104' title='bbox 612 1528 781 1609; x_wconf 86' lang='lat' dir='ltr'><strong>procedere,</strong></span> <span class='ocrx_word' id='word_1_105' title='bbox 802 1548 838 1586; x_wconf 82' lang='lat' dir='ltr'><strong>ex</strong></span> <span class='ocrx_word' id='word_1_106' title='bbox 857 1528 910 1588; x_wconf 89' lang='lat' dir='ltr'><strong>illa</strong></span> <span class='ocrx_word' id='word_1_107' title='bbox 927 1530 1021 1590; x_wconf 81' lang='lat' dir='ltr'><strong>tristes</strong></span> <span class='ocrx_word' id='word_1_108' title='bbox 1039 1544 1067 1594; x_wconf 84' lang='lat' dir='ltr'><strong>et</strong></span> <span class='ocrx_word' id='word_1_109' title='bbox 1086 1533 1188 1591; x_wconf 90' lang='lat' dir='ltr'><strong>morosi</strong></span> <span class='ocrx_word' id='word_1_110' title='bbox 1206 1532 1303 1593; x_wconf 87' lang='lat' dir='ltr'><strong>homi-</strong></span> 
     </span>
     <span class='ocr_line' id='line_1_13' title="bbox 80 1642 1303 1728; baseline 0.003 -23"><span class='ocrx_word' id='word_1_111' title='bbox 80 1667 138 1706; x_wconf 89' lang='lat' dir='ltr'><strong>nes.</strong></span> <span class='ocrx_word' id='word_1_112' title='bbox 169 1644 301 1705; x_wconf 82' lang='lat' dir='ltr'><strong>Habebat</strong></span> <span class='ocrx_word' id='word_1_113' title='bbox 318 1642 372 1701; x_wconf 94' lang='lat' dir='ltr'><strong>hoc</strong></span> <span class='ocrx_word' id='word_1_114' title='bbox 390 1643 536 1723; x_wconf 89' lang='lat' dir='ltr'><strong>proprium</strong></span> <span class='ocrx_word' id='word_1_115' title='bbox 555 1656 583 1702; x_wconf 89' lang='lat' dir='ltr'><strong>et</strong></span> <span class='ocrx_word' id='word_1_116' title='bbox 601 1642 763 1722; x_wconf 90' lang='lat' dir='ltr'><strong>singulare,</strong></span> <span class='ocrx_word' id='word_1_117' title='bbox 784 1656 816 1702; x_wconf 91' lang='lat' dir='ltr'><strong>ut</strong></span> <span class='ocrx_word' id='word_1_118' title='bbox 834 1642 872 1703; x_wconf 91' lang='lat' dir='ltr'><strong>ad</strong></span> <span class='ocrx_word' id='word_1_119' title='bbox 889 1664 948 1702; x_wconf 90' lang='lat' dir='ltr'><strong>rem</strong></span> <span class='ocrx_word' id='word_1_120' title='bbox 964 1644 1096 1706; x_wconf 87' lang='lat' dir='ltr'><strong>tenderet</strong></span> <span class='ocrx_word' id='word_1_121' title='bbox 1112 1647 1223 1728; x_wconf 87' lang='lat' dir='ltr'><strong>ipsam,</strong></span> <span class='ocrx_word' id='word_1_122' title='bbox 1243 1671 1303 1710; x_wconf 89' lang='lat' dir='ltr'><strong>non</strong></span> 
     </span>
     <span class='ocr_line' id='line_1_14' title="bbox 80 1757 1301 1844; baseline 0.002 -24"><span class='ocrx_word' id='word_1_123' title='bbox 80 1761 242 1820; x_wconf 83' lang='lat' dir='ltr'><strong>deflecteret</strong></span> <span class='ocrx_word' id='word_1_124' title='bbox 259 1761 292 1818; x_wconf 92' lang='lat' dir='ltr'><strong>in</strong></span> <span class='ocrx_word' id='word_1_125' title='bbox 306 1758 455 1839; x_wconf 85' lang='lat' dir='ltr'><strong>ambages,</strong></span> <span class='ocrx_word' id='word_1_126' title='bbox 475 1757 631 1838; x_wconf 90' lang='lat' dir='ltr'><strong>inquibus</strong></span> <span class='ocrx_word' id='word_1_127' title='bbox 654 1757 757 1816; x_wconf 85' lang='lat' dir='ltr'><strong>frustra</strong></span> <span class='ocrx_word' id='word_1_128' title='bbox 781 1757 841 1817; x_wconf 84' lang='lat' dir='ltr'><strong>fere</strong></span> <span class='ocrx_word' id='word_1_129' title='bbox 869 1759 962 1818; x_wconf 89' lang='lat' dir='ltr'><strong>omnis</strong></span> <span class='ocrx_word' id='word_1_130' title='bbox 981 1761 1158 1820; x_wconf 81' lang='lat' dir='ltr'><strong>consumitur</strong></span> <span class='ocrx_word' id='word_1_131' title='bbox 1177 1761 1301 1844; x_wconf 88' lang='lat' dir='ltr'><strong>diligen·</strong></span> 
     </span>
     <span class='ocr_line' id='line_1_15' title="bbox 81 1873 1304 1962; baseline 0.002 -28"><span class='ocrx_word' id='word_1_132' title='bbox 81 1877 130 1936; x_wconf 87' lang='lat' dir='ltr'><strong>tia.</strong></span> <span class='ocrx_word' id='word_1_133' title='bbox 160 1875 379 1962; x_wconf 71' lang='lat' dir='ltr'><strong>Grammaticam</strong></span> <span class='ocrx_word' id='word_1_134' title='bbox 398 1895 426 1935; x_wconf 85' lang='lat' dir='ltr'><strong>v.</strong></span> <span class='ocrx_word' id='word_1_135' title='bbox 455 1893 480 1932; x_wconf 88' lang='lat' dir='ltr'><strong>c.</strong></span> <span class='ocrx_word' id='word_1_136' title='bbox 502 1874 671 1954; x_wconf 87' lang='lat' dir='ltr'><strong>scriptorum</strong></span> <span class='ocrx_word' id='word_1_137' title='bbox 697 1873 959 1953; x_wconf 86' lang='lat' dir='ltr'><strong>interpretationem</strong></span> <span class='ocrx_word' id='word_1_138' title='bbox 988 1894 1071 1933; x_wconf 90' lang='lat' dir='ltr'><strong>nemo</strong></span> <span class='ocrx_word' id='word_1_139' title='bbox 1096 1873 1149 1943; x_wconf 93' lang='lat' dir='ltr'><strong>illo</strong></span> <span class='ocrx_word' id='word_1_140' title='bbox 1177 1897 1304 1957; x_wconf 84' lang='lat' dir='ltr'><strong>unquam</strong></span> 
     </span>
     <span class='ocr_line' id='line_1_16' title="bbox 82 1986 1303 2069; baseline 0.002 -19"><span class='ocrx_word' id='word_1_141' title='bbox 82 1991 128 2051; x_wconf 81' lang='lat' dir='ltr'><strong>rel</strong></span> <span class='ocrx_word' id='word_1_142' title='bbox 141 1988 358 2050; x_wconf 75' lang='lat' dir='ltr'><strong>commendavit</strong></span> <span class='ocrx_word' id='word_1_143' title='bbox 376 1987 464 2067; x_wconf 87' lang='lat' dir='ltr'><strong>magis</strong></span> <span class='ocrx_word' id='word_1_144' title='bbox 490 1986 538 2050; x_wconf 83' lang='lat' dir='ltr'><strong>vel</strong></span> <span class='ocrx_word' id='word_1_145' title='bbox 555 1988 761 2069; x_wconf 85' lang='lat' dir='ltr'><strong>propugnavit:</strong></span> <span class='ocrx_word' id='word_1_146' title='bbox 790 2008 842 2045; x_wconf 87' lang='lat' dir='ltr'><strong>nec</strong></span> <span class='ocrx_word' id='word_1_147' title='bbox 862 2000 958 2046; x_wconf 89' lang='lat' dir='ltr'><strong>tamen</strong></span> <span class='ocrx_word' id='word_1_148' title='bbox 981 2002 1041 2048; x_wconf 89' lang='lat' dir='ltr'><strong>erat</strong></span> <span class='ocrx_word' id='word_1_149' title='bbox 1058 1988 1303 2068; x_wconf 74' lang='lat' dir='ltr'><strong>Grammaticus,</strong></span> 
     </span>
     <span class='ocr_line' id='line_1_17' title="bbox 80 2071 1304 2188; baseline 0.002 -24"><span class='ocrx_word' id='word_1_150' title='bbox 80 2106 131 2185; x_wconf 89' lang='lat' dir='ltr'><strong>qui</strong></span> <span class='ocrx_word' id='word_1_151' title='bbox 149 2106 236 2186; x_wconf 82' lang='lat' dir='ltr'><strong>vulgo</strong></span> <span class='ocrx_word' id='word_1_152' title='bbox 254 2071 421 2178; x_wconf 38' lang='lat' dir='ltr'><strong>dicitur·,·i.</strong></span> <span class='ocrx_word' id='word_1_153' title='bbox 443 2123 467 2162; x_wconf 87' lang='lat' dir='ltr'><strong>e.</strong></span> <span class='ocrx_word' id='word_1_154' title='bbox 489 2101 572 2161; x_wconf 91' lang='lat' dir='ltr'><strong>homo</strong></span> <span class='ocrx_word' id='word_1_155' title='bbox 581 2147 589 2176; x_wconf 92' lang='lat'><strong>,</strong></span> <span class='ocrx_word' id='word_1_156' title='bbox 608 2103 677 2180; x_wconf 92' lang='lat' dir='ltr'><strong>qui,</strong></span> <span class='ocrx_word' id='word_1_157' title='bbox 698 2104 730 2162; x_wconf 91' lang='lat' dir='ltr'><strong>in</strong></span> <span class='ocrx_word' id='word_1_158' title='bbox 758 2101 869 2163; x_wconf 77' lang='lat' dir='ltr'><strong>voculis</strong></span> <span class='ocrx_word' id='word_1_159' title='bbox 886 2115 914 2160; x_wconf 91' lang='lat' dir='ltr'><strong>et</strong></span> <span class='ocrx_word' id='word_1_160' title='bbox 932 2102 1053 2183; x_wconf 81' lang='lat' dir='ltr'><strong>syllabis</strong></span> <span class='ocrx_word' id='word_1_161' title='bbox 1070 2104 1207 2180; x_wconf 89' lang='lat' dir='ltr'><strong>haerens,</strong></span> <span class='ocrx_word' id='word_1_162' title='bbox 1229 2106 1304 2188; x_wconf 82' lang='lat' dir='ltr'><strong>leges</strong></span> 
     </span>
     <span class='ocr_line' id='line_1_18' title="bbox 80 2216 1303 2301; baseline 0.004 -23"><span class='ocrx_word' id='word_1_163' title='bbox 80 2241 189 2301; x_wconf 87' lang='lat' dir='ltr'><strong>semper</strong></span> <span class='ocrx_word' id='word_1_164' title='bbox 213 2221 374 2298; x_wconf 82' lang='lat' dir='ltr'><strong>loqueretur</strong></span> <span class='ocrx_word' id='word_1_165' title='bbox 398 2218 459 2277; x_wconf 90' lang='lat' dir='ltr'><strong>sive</strong></span> <span class='ocrx_word' id='word_1_166' title='bbox 477 2218 602 2296; x_wconf 77' lang='lat' dir='ltr'><strong>regular</strong></span> <span class='ocrx_word' id='word_1_167' title='bbox 620 2217 689 2275; x_wconf 88' lang='lat' dir='ltr'><strong>artis</strong></span> <span class='ocrx_word' id='word_1_168' title='bbox 716 2236 867 2294; x_wconf 89' lang='lat' dir='ltr'><strong>earumque</strong></span> <span class='ocrx_word' id='word_1_169' title='bbox 890 2216 1039 2277; x_wconf 77' lang='lat' dir='ltr'><strong>varietates</strong></span> <span class='ocrx_word' id='word_1_170' title='bbox 1065 2232 1093 2277; x_wconf 90' lang='lat' dir='ltr'><strong>et</strong></span> <span class='ocrx_word' id='word_1_171' title='bbox 1112 2221 1303 2301; x_wconf 80' lang='lat' dir='ltr'><strong>exceptiones.</strong></span> 
     </span>
     <span class='ocr_line' id='line_1_19' title="bbox 82 2329 1304 2417; baseline 0.002 -23"><span class='ocrx_word' id='word_1_172' title='bbox 82 2334 246 2417; x_wconf 75' lang='lat' dir='ltr'><strong>Adhibebat</strong></span> <span class='ocrx_word' id='word_1_173' title='bbox 269 2332 320 2392; x_wconf 91' lang='lat' dir='ltr'><strong>illa</strong></span> <span class='ocrx_word' id='word_1_174' title='bbox 343 2332 438 2391; x_wconf 91' lang='lat' dir='ltr'><strong>omnia</strong></span> <span class='ocrx_word' id='word_1_175' title='bbox 455 2331 594 2390; x_wconf 86' lang='lat' dir='ltr'><strong>continuo</strong></span> <span class='ocrx_word' id='word_1_176' title='bbox 621 2329 659 2390; x_wconf 88' lang='lat' dir='ltr'><strong>ad</strong></span> <span class='ocrx_word' id='word_1_177' title='bbox 685 2331 747 2411; x_wconf 88' lang='lat' dir='ltr'><strong>ipsa</strong></span> <span class='ocrx_word' id='word_1_178' title='bbox 766 2331 870 2411; x_wconf 79' lang='lat' dir='ltr'><strong>scripta</strong></span> <span class='ocrx_word' id='word_1_179' title='bbox 890 2345 1017 2404; x_wconf 79' lang='lat' dir='ltr'><strong>veterum</strong></span> <span class='ocrx_word' id='word_1_180' title='bbox 1043 2336 1113 2390; x_wconf 67' lang='lat' dir='ltr'><strong>cum‘</strong></span> <span class='ocrx_word' id='word_1_181' title='bbox 1131 2335 1304 2415; x_wconf 84' lang='lat' dir='ltr'><strong>explicanda</strong></span> 
     </span>
     <span class='ocr_line' id='line_1_20' title="bbox 80 2443 1304 2527; baseline 0.003 -19"><span class='ocrx_word' id='word_1_182' title='bbox 80 2452 151 2524; x_wconf 89' lang='lat' dir='ltr'><strong>rite,</strong></span> <span class='ocrx_word' id='word_1_183' title='bbox 170 2463 249 2523; x_wconf 89' lang='lat' dir='ltr'><strong>tum,</strong></span> <span class='ocrx_word' id='word_1_184' title='bbox 276 2448 301 2506; x_wconf 91' lang='lat' dir='ltr'><strong>si</strong></span> <span class='ocrx_word' id='word_1_185' title='bbox 320 2467 390 2527; x_wconf 92' lang='lat' dir='ltr'><strong>opus</strong></span> <span class='ocrx_word' id='word_1_186' title='bbox 408 2458 493 2520; x_wconf 89' lang='lat' dir='ltr'><strong>esset,</strong></span> <span class='ocrx_word' id='word_1_187' title='bbox 522 2443 710 2505; x_wconf 89' lang='lat' dir='ltr'><strong>emendanda.</strong></span> <span class='ocrx_word' id='word_1_188' title='bbox 751 2444 797 2504; x_wconf 86' lang='lat' dir='ltr'><strong>Sic</strong></span> <span class='ocrx_word' id='word_1_189' title='bbox 812 2446 1017 2506; x_wconf 86' lang='lat' dir='ltr'><strong>minutissimae</strong></span> <span class='ocrx_word' id='word_1_190' title='bbox 1040 2448 1304 2512; x_wconf 85' lang='lat' dir='ltr'><strong>animadversiones</strong></span> 
     </span>
     <span class='ocr_line' id='line_1_21' title="bbox 82 2559 1305 2646; baseline 0.002 -23"><span class='ocrx_word' id='word_1_191' title='bbox 82 2565 277 2646; x_wconf 83' lang='lat' dir='ltr'><strong>grammaticae</strong></span> <span class='ocrx_word' id='word_1_192' title='bbox 288 2563 378 2621; x_wconf 89' lang='lat' dir='ltr'><strong>instar</strong></span> <span class='ocrx_word' id='word_1_193' title='bbox 392 2559 568 2622; x_wconf 82' lang='lat' dir='ltr'><strong>ridebantur·</strong></span> <span class='ocrx_word' id='word_1_194' title='bbox 582 2560 819 2639; x_wconf 85' lang='lat' dir='ltr'><strong>gravissimarum.</strong></span> <span class='ocrx_word' id='word_1_195' title='bbox 840 2560 913 2619; x_wconf 90' lang='lat' dir='ltr'><strong>Nam</strong></span> <span class='ocrx_word' id='word_1_196' title='bbox 922 2561 1106 2640; x_wconf 85' lang='lat' dir='ltr'><strong>pertinebant</strong></span> <span class='ocrx_word' id='word_1_197' title='bbox 1115 2585 1175 2623; x_wconf 90' lang='lat' dir='ltr'><strong>non</strong></span> <span class='ocrx_word' id='word_1_198' title='bbox 1184 2563 1223 2624; x_wconf 88' lang='lat' dir='ltr'><strong>ad</strong></span> <span class='ocrx_word' id='word_1_199' title='bbox 1237 2565 1305 2626; x_wconf 83' lang='lat' dir='ltr'><strong>lites</strong></span> 
     </span>
     <span class='ocr_line' id='line_1_22' title="bbox 81 2673 1304 2757; baseline 0.001 -16"><span class='ocrx_word' id='word_1_200' title='bbox 81 2694 109 2740; x_wconf 86' lang='lat' dir='ltr'><strong>ct</strong></span> <span class='ocrx_word' id='word_1_201' title='bbox 133 2679 339 2740; x_wconf 77' lang='lat' dir='ltr'><strong>controversias</strong></span> <span class='ocrx_word' id='word_1_202' title='bbox 354 2676 599 2757; x_wconf 86' lang='lat' dir='ltr'><strong>grammaticorum</strong></span> <span class='ocrx_word' id='word_1_203' title='bbox 619 2674 655 2735; x_wconf 90' lang='lat' dir='ltr'><strong>de</strong></span> <span class='ocrx_word' id='word_1_204' title='bbox 677 2673 830 2735; x_wconf 85' lang='lat' dir='ltr'><strong>levissimis</strong></span> <span class='ocrx_word' id='word_1_205' title='bbox 849 2673 934 2734; x_wconf 89' lang='lat' dir='ltr'><strong>rebus</strong></span> <span class='ocrx_word' id='word_1_206' title='bbox 951 2676 1128 2754; x_wconf 79' lang='lat' dir='ltr'><strong>gravissimas</strong></span> <span class='ocrx_word' id='word_1_207' title='bbox 1138 2722 1147 2752; x_wconf 91' lang='lat'><strong>,</strong></span> <span class='ocrx_word' id='word_1_208' title='bbox 1171 2693 1203 2738; x_wconf 89' lang='lat' dir='ltr'><strong>ut</strong></span> <span class='ocrx_word' id='word_1_209' title='bbox 1221 2681 1304 2742; x_wconf 83' lang='lat' dir='ltr'><strong>novi·</strong></span> 
     </span>
     <span class='ocr_line' id='line_1_23' title="bbox 80 2787 1304 2876; baseline 0 -22"><span class='ocrx_word' id='word_1_210' title='bbox 80 2817 156 2871; x_wconf 92' lang='lat' dir='ltr'><strong>mus,</strong></span> <span class='ocrx_word' id='word_1_211' title='bbox 170 2809 198 2854; x_wconf 93' lang='lat' dir='ltr'><strong>et</strong></span> <span class='ocrx_word' id='word_1_212' title='bbox 207 2793 463 2876; x_wconf 79' lang='lat' dir='ltr'><strong>pertinacissimas5</strong></span> <span class='ocrx_word' id='word_1_213' title='bbox 486 2789 536 2848; x_wconf 91' lang='lat' dir='ltr'><strong>sed</strong></span> <span class='ocrx_word' id='word_1_214' title='bbox 553 2788 690 2849; x_wconf 87' lang='lat' dir='ltr'><strong>valebant</strong></span> <span class='ocrx_word' id='word_1_215' title='bbox 704 2787 742 2848; x_wconf 88' lang='lat' dir='ltr'><strong>ad</strong></span> <span class='ocrx_word' id='word_1_216' title='bbox 761 2789 877 2849; x_wconf 90' lang='lat' dir='ltr'><strong>Homeri</strong></span> <span class='ocrx_word' id='word_1_217' title='bbox 886 2789 943 2864; x_wconf 89' lang='lat' dir='ltr'><strong>,ad</strong></span> <span class='ocrx_word' id='word_1_218' title='bbox 961 2790 1103 2865; x_wconf 90' lang='lat' dir='ltr'><strong>Platonis,</strong></span> <span class='ocrx_word' id='word_1_219' title='bbox 1113 2791 1151 2852; x_wconf 90' lang='lat' dir='ltr'><strong>ad</strong></span> <span class='ocrx_word' id='word_1_220' title='bbox 1161 2792 1304 2858; x_wconf 79' lang='lat' dir='ltr'><strong>immorta-</strong></span> 
     </span>
    </p>
   </div>
   <div class='ocr_carea' id='block_1_2' title="bbox 82 2904 1306 2988">
    <p class='ocr_par' dir='ltr' id='par_1_3' title="bbox 82 2904 1306 2988">
     <span class='ocr_line' id='line_1_24' title="bbox 82 2904 1306 2988; baseline 0.001 -19"><span class='ocrx_word' id='word_1_221' title='bbox 82 2910 119 2969; x_wconf 87' lang='lat' dir='ltr'><strong>lia</strong></span> <span class='ocrx_word' id='word_1_222' title='bbox 136 2908 438 2980; x_wconf 76' lang='lat' dir='ltr'><strong>excellentissimorum</strong></span> <span class='ocrx_word' id='word_1_223' title='bbox 454 2904 633 2982; x_wconf 82' lang='lat' dir='ltr'><strong>ingeniorum</strong></span> <span class='ocrx_word' id='word_1_224' title='bbox 647 2917 831 2962; x_wconf 85' lang='lat' dir='ltr'><strong>monumenta</strong></span> <span class='ocrx_word' id='word_1_225' title='bbox 850 2904 1024 2965; x_wconf 87' lang='lat' dir='ltr'><strong>illustranda</strong></span> <span class='ocrx_word' id='word_1_226' title='bbox 1043 2920 1126 2985; x_wconf 90' lang='lat' dir='ltr'><strong>atque</strong></span> <span class='ocrx_word' id='word_1_227' title='bbox 1145 2908 1306 2988; x_wconf 79' lang='lat' dir='ltr'><strong>integritati</strong></span> 
     </span>
    </p>
   </div>
   <div class='ocr_carea' id='block_1_3' title="bbox 81 3017 1305 3100">
    <p class='ocr_par' dir='ltr' id='par_1_4' title="bbox 81 3017 1305 3100">
     <span class='ocr_line' id='line_1_25' title="bbox 81 3017 1305 3100; baseline 0.001 -16"><span class='ocrx_word' id='word_1_228' title='bbox 81 3021 274 3096; x_wconf 88' lang='lat' dir='ltr'><strong>restituenda,</strong></span> <span class='ocrx_word' id='word_1_229' title='bbox 295 3023 327 3080; x_wconf 92' lang='lat' dir='ltr'><strong>in</strong></span> <span class='ocrx_word' id='word_1_230' title='bbox 347 3019 453 3100; x_wconf 91' lang='lat' dir='ltr'><strong>quibus</strong></span> <span class='ocrx_word' id='word_1_231' title='bbox 471 3017 518 3078; x_wconf 89' lang='lat' dir='ltr'><strong>vel</strong></span> <span class='ocrx_word' id='word_1_232' title='bbox 540 3019 735 3077; x_wconf 90' lang='lat' dir='ltr'><strong>tenuissimam</strong></span> <span class='ocrx_word' id='word_1_233' title='bbox 754 3017 848 3077; x_wconf 89' lang='lat' dir='ltr'><strong>labem</strong></span> <span class='ocrx_word' id='word_1_234' title='bbox 864 3040 950 3097; x_wconf 90' lang='lat' dir='ltr'><strong>quam</strong></span> <span class='ocrx_word' id='word_1_235' title='bbox 969 3021 1121 3099; x_wconf 85' lang='lat' dir='ltr'><strong>aegerrime</strong></span> <span class='ocrx_word' id='word_1_236' title='bbox 1141 3019 1305 3085; x_wconf 76' lang='lat' dir='ltr'><strong>toleramus</strong></span> 
     </span>
    </p>
   </div>
   <div class='ocr_carea' id='block_1_4' title="bbox 80 3245 1307 3333">
    <p class='ocr_par' dir='ltr' id='par_1_5' title="bbox 80 3245 1307 3333">
     <span class='ocr_line' id='line_1_26' title="bbox 80 3245 1307 3333; baseline -0.003 -19"><span class='ocrx_word' id='word_1_237' title='bbox 80 3253 175 3333; x_wconf 80' lang='lat' dir='ltr'><strong>identi</strong></span> <span class='ocrx_word' id='word_1_238' title='bbox 240 3249 389 3327; x_wconf 73' lang='lat' dir='ltr'><strong>3tolebam</strong></span> <span class='ocrx_word' id='word_1_239' title='bbox 416 3248 478 3307; x_wconf 88' lang='lat' dir='ltr'><strong>loca</strong></span> <span class='ocrx_word' id='word_1_240' title='bbox 503 3245 686 3321; x_wconf 88' lang='lat' dir='ltr'><strong>difficiliora,</strong></span> <span class='ocrx_word' id='word_1_241' title='bbox 707 3267 778 3326; x_wconf 87' lang='lat' dir='ltr'><strong>quae</strong></span> <span class='ocrx_word' id='word_1_242' title='bbox 801 3269 860 3306; x_wconf 91' lang='lat' dir='ltr'><strong>non</strong></span> <span class='ocrx_word' id='word_1_243' title='bbox 885 3246 1108 3308; x_wconf 83' lang='lat' dir='ltr'><strong>intellexissem:</strong></span> <span class='ocrx_word' id='word_1_244' title='bbox 1136 3248 1188 3309; x_wconf 87' lang='lat' dir='ltr'><strong>ille</strong></span> <span class='ocrx_word' id='word_1_245' title='bbox 1210 3264 1307 3311; x_wconf 80' lang='lat' dir='ltr'><strong>autem</strong></span> 
     </span>
    </p>
   </div>
   <div class='ocr_carea' id='block_1_5' title="bbox 80 3131 1305 3431">
    <p class='ocr_par' dir='ltr' id='par_1_6' title="bbox 80 3131 1305 3431">
     <span class='ocr_line' id='line_1_27' title="bbox 80 3131 1305 3431; baseline 0.002 -236"><span class='ocrx_word' id='word_1_246' title='bbox 80 3139 165 3216; x_wconf 90' lang='lat' dir='ltr'><strong>Quod</strong></span> <span class='ocrx_word' id='word_1_247' title='bbox 173 3138 299 3431; x_wconf 46' lang='lat' dir='ltr'><strong>&amp;ori</strong></span> <span class='ocrx_word' id='word_1_248' title='bbox 317 3133 424 3194; x_wconf 87' lang='lat' dir='ltr'><strong>deinde</strong></span> <span class='ocrx_word' id='word_1_249' title='bbox 434 3179 442 3207; x_wconf 94' lang='lat'><strong>,</strong></span> <span class='ocrx_word' id='word_1_250' title='bbox 463 3153 549 3212; x_wconf 85' lang='lat' dir='ltr'><strong>quum</strong></span> <span class='ocrx_word' id='word_1_251' title='bbox 568 3131 673 3212; x_wconf 88' lang='lat' dir='ltr'><strong>legeret</strong></span> <span class='ocrx_word' id='word_1_252' title='bbox 691 3131 742 3192; x_wconf 90' lang='lat' dir='ltr'><strong>ille</strong></span> <span class='ocrx_word' id='word_1_253' title='bbox 759 3153 869 3191; x_wconf 90' lang='lat' dir='ltr'><strong>mecum</strong></span> <span class='ocrx_word' id='word_1_254' title='bbox 884 3132 1039 3194; x_wconf 87' lang='lat' dir='ltr'><strong>Platonem.</strong></span> <span class='ocrx_word' id='word_1_255' title='bbox 1069 3136 1140 3194; x_wconf 83' lang='lat' dir='ltr'><strong>Nam</strong></span> <span class='ocrx_word' id='word_1_256' title='bbox 1159 3135 1259 3195; x_wconf 75' lang='lat' dir='ltr'><strong>afferre</strong></span> <span class='ocrx_word' id='word_1_257' title='bbox 1278 3138 1305 3198; x_wconf 85' lang='lat' dir='ltr'><strong>ei</strong></span> 
     </span>
    </p>
   </div>
   <div class='ocr_carea' id='block_1_6' title="bbox 77 3360 1308 4482">
    <p class='ocr_par' dir='ltr' id='par_1_7' title="bbox 77 3360 1308 4482">
     <span class='ocr_line' id='line_1_28' title="bbox 78 3360 1306 3450; baseline -0.002 -23"><span class='ocrx_word' id='word_1_258' title='bbox 78 3374 208 3450; x_wconf 59' lang='lat' dir='ltr'><strong>vespert*</strong></span> <span class='ocrx_word' id='word_1_259' title='bbox 266 3365 443 3446; x_wconf 91' lang='lat' dir='ltr'><strong>potissimum</strong></span> <span class='ocrx_word' id='word_1_260' title='bbox 460 3363 539 3421; x_wconf 91' lang='lat' dir='ltr'><strong>horis</strong></span> <span class='ocrx_word' id='word_1_261' title='bbox 557 3364 632 3423; x_wconf 84' lang='lat' dir='ltr'><strong>inter·</strong></span> <span class='ocrx_word' id='word_1_262' title='bbox 652 3360 813 3436; x_wconf 89' lang='lat' dir='ltr'><strong>Socratica,</strong></span> <span class='ocrx_word' id='word_1_263' title='bbox 834 3363 859 3421; x_wconf 90' lang='lat' dir='ltr'><strong>si</strong></span> <span class='ocrx_word' id='word_1_264' title='bbox 884 3383 944 3422; x_wconf 92' lang='lat' dir='ltr'><strong>non</strong></span> <span class='ocrx_word' id='word_1_265' title='bbox 962 3362 1082 3443; x_wconf 91' lang='lat' dir='ltr'><strong>pocula,</strong></span> <span class='ocrx_word' id='word_1_266' title='bbox 1102 3378 1177 3424; x_wconf 86' lang='lat' dir='ltr'><strong>cette</strong></span> <span class='ocrx_word' id='word_1_267' title='bbox 1193 3367 1306 3429; x_wconf 43' lang='lat' dir='ltr'><strong>&gt;monita</strong></span> 
     </span>
     <span class='ocr_line' id='line_1_29' title="bbox 79 3454 1305 3561; baseline -0.007 -17"><span class='ocrx_word' id='word_1_268' title='bbox 79 3497 108 3545; x_wconf 88' lang='lat' dir='ltr'><strong>ct</strong></span> <span class='ocrx_word' id='word_1_269' title='bbox 124 3482 287 3561; x_wconf 90' lang='lat' dir='ltr'><strong>colloquia,</strong></span> <span class='ocrx_word' id='word_1_270' title='bbox 307 3499 379 3558; x_wconf 88' lang='lat' dir='ltr'><strong>quae</strong></span> <span class='ocrx_word' id='word_1_271' title='bbox 402 3477 485 3557; x_wconf 88' lang='lat' dir='ltr'><strong>longe</strong></span> <span class='ocrx_word' id='word_1_272' title='bbox 514 3476 585 3535; x_wconf 89' lang='lat' dir='ltr'><strong>mihi</strong></span> <span class='ocrx_word' id='word_1_273' title='bbox 610 3454 780 3541; x_wconf 79' lang='lat' dir='ltr'><strong>accidebant</strong></span> <span class='ocrx_word' id='word_1_274' title='bbox 809 3475 961 3551; x_wconf 84' lang='lat' dir='ltr'><strong>dulciora,</strong></span> <span class='ocrx_word' id='word_1_275' title='bbox 982 3499 1038 3556; x_wconf 85' lang='lat' dir='ltr'><strong>una</strong></span> <span class='ocrx_word' id='word_1_276' title='bbox 1068 3499 1178 3539; x_wconf 86' lang='lat' dir='ltr'><strong>mecum</strong></span> <span class='ocrx_word' id='word_1_277' title='bbox 1195 3495 1256 3540; x_wconf 83' lang='lat' dir='ltr'><strong>erat</strong></span> <span class='ocrx_word' id='word_1_278' title='bbox 1272 3482 1305 3542; x_wconf 82' lang='lat' dir='ltr'><strong>in</strong></span> 
     </span>
     <span class='ocr_line' id='line_1_30' title="bbox 79 3574 1305 3685; baseline -0.002 -27"><span class='ocrx_word' id='word_1_279' title='bbox 79 3596 255 3660; x_wconf 87' lang='lat' dir='ltr'><strong>bibliotheca</strong></span> <span class='ocrx_word' id='word_1_280' title='bbox 273 3598 408 3655; x_wconf 82' lang='lat' dir='ltr'><strong>ettotam</strong></span> <span class='ocrx_word' id='word_1_281' title='bbox 463 3574 485 3685; x_wconf 36' lang='lat'><strong>³¹</strong></span> <span class='ocrx_word' id='word_1_282' title='bbox 503 3591 542 3650; x_wconf 84' lang='lat' dir='ltr'><strong>&#39;hi</strong></span> <span class='ocrx_word' id='word_1_283' title='bbox 561 3590 656 3650; x_wconf 88' lang='lat' dir='ltr'><strong>dabat.</strong></span> <span class='ocrx_word' id='word_1_284' title='bbox 686 3591 796 3670; x_wconf 85' lang='lat' dir='ltr'><strong>Legens</strong></span> <span class='ocrx_word' id='word_1_285' title='bbox 810 3591 899 3670; x_wconf 86' lang='lat' dir='ltr'><strong>igitur</strong></span> <span class='ocrx_word' id='word_1_286' title='bbox 909 3611 1019 3650; x_wconf 84' lang='lat' dir='ltr'><strong>mecum</strong></span> <span class='ocrx_word' id='word_1_287' title='bbox 1039 3593 1101 3653; x_wconf 90' lang='lat' dir='ltr'><strong>loca</strong></span> <span class='ocrx_word' id='word_1_288' title='bbox 1118 3594 1189 3670; x_wconf 90' lang='lat' dir='ltr'><strong>illa,</strong></span> <span class='ocrx_word' id='word_1_289' title='bbox 1209 3596 1305 3677; x_wconf 83' lang='lat' dir='ltr'><strong>singu·</strong></span> 
     </span>
     <span class='ocr_line' id='line_1_31' title="bbox 79 3692 1306 3792; baseline -0.003 -19"><span class='ocrx_word' id='word_1_290' title='bbox 79 3715 115 3773; x_wconf 94' lang='lat' dir='ltr'><strong>lis</strong></span> <span class='ocrx_word' id='word_1_291' title='bbox 144 3693 324 3792; x_wconf 82' lang='lat' dir='ltr'><strong>diligentiam</strong></span> <span class='ocrx_word' id='word_1_292' title='bbox 348 3705 454 3767; x_wconf 89' lang='lat' dir='ltr'><strong>adhibe</strong></span> <span class='ocrx_word' id='word_1_293' title='bbox 476 3692 505 3766; x_wconf 83' lang='lat' dir='ltr'><strong>at</strong></span> <span class='ocrx_word' id='word_1_294' title='bbox 522 3726 675 3779; x_wconf 86' lang='lat' dir='ltr'><strong>summam,</strong></span> <span class='ocrx_word' id='word_1_295' title='bbox 697 3718 729 3763; x_wconf 90' lang='lat' dir='ltr'><strong>ut</strong></span> <span class='ocrx_word' id='word_1_296' title='bbox 743 3705 906 3785; x_wconf 77' lang='lat' dir='ltr'><strong>exquireret</strong></span> <span class='ocrx_word' id='word_1_297' title='bbox 924 3707 1048 3786; x_wconf 85' lang='lat' dir='ltr'><strong>primum</strong></span> <span class='ocrx_word' id='word_1_298' title='bbox 1067 3708 1218 3768; x_wconf 85' lang='lat' dir='ltr'><strong>verborum</strong></span> <span class='ocrx_word' id='word_1_299' title='bbox 1233 3724 1306 3770; x_wconf 87' lang='lat' dir='ltr'><strong>stru·</strong></span> 
     </span>
     <span class='ocr_line' id='line_1_32' title="bbox 79 3818 1307 3904; baseline -0.002 -16"><span class='ocrx_word' id='word_1_300' title='bbox 79 3843 205 3901; x_wconf 90' lang='lat' dir='ltr'><strong>cturam,</strong></span> <span class='ocrx_word' id='word_1_301' title='bbox 226 3840 287 3884; x_wconf 92' lang='lat' dir='ltr'><strong>tum</strong></span> <span class='ocrx_word' id='word_1_302' title='bbox 303 3822 481 3904; x_wconf 88' lang='lat' dir='ltr'><strong>singularum</strong></span> <span class='ocrx_word' id='word_1_303' title='bbox 500 3841 601 3882; x_wconf 77' lang='lat' dir='ltr'><strong>vocum</strong></span> <span class='ocrx_word' id='word_1_304' title='bbox 616 3818 832 3899; x_wconf 87' lang='lat' dir='ltr'><strong>dictionumque</strong></span> <span class='ocrx_word' id='word_1_305' title='bbox 843 3840 928 3879; x_wconf 88' lang='lat' dir='ltr'><strong>usum</strong></span> <span class='ocrx_word' id='word_1_306' title='bbox 947 3836 975 3881; x_wconf 88' lang='lat' dir='ltr'><strong>et</strong></span> <span class='ocrx_word' id='word_1_307' title='bbox 993 3821 1249 3901; x_wconf 81' lang='lat' dir='ltr'><strong>significationem,</strong></span> <span class='ocrx_word' id='word_1_308' title='bbox 1269 3845 1307 3884; x_wconf 83' lang='lat' dir='ltr'><strong>ne</strong></span> 
     </span>
     <span class='ocr_line' id='line_1_33' title="bbox 79 3933 1307 4021; baseline -0.002 -18"><span class='ocrx_word' id='word_1_309' title='bbox 79 3943 205 4003; x_wconf 88' lang='lat' dir='ltr'><strong>minimis</strong></span> <span class='ocrx_word' id='word_1_310' title='bbox 222 3940 339 4021; x_wconf 89' lang='lat' dir='ltr'><strong>quidem</strong></span> <span class='ocrx_word' id='word_1_311' title='bbox 365 3937 475 3997; x_wconf 86' lang='lat' dir='ltr'><strong>omissis</strong></span> <span class='ocrx_word' id='word_1_312' title='bbox 500 3934 657 4016; x_wconf 86' lang='lat' dir='ltr'><strong>particulis.</strong></span> <span class='ocrx_word' id='word_1_313' title='bbox 696 3933 808 4008; x_wconf 89' lang='lat' dir='ltr'><strong>Quibus</strong></span> <span class='ocrx_word' id='word_1_314' title='bbox 834 3934 1004 4014; x_wconf 85' lang='lat' dir='ltr'><strong>singulatim</strong></span> <span class='ocrx_word' id='word_1_315' title='bbox 1031 3937 1198 4016; x_wconf 81' lang='lat' dir='ltr'><strong>patefactis,</strong></span> <span class='ocrx_word' id='word_1_316' title='bbox 1227 3934 1307 4003; x_wconf 78' lang='lat' dir='ltr'><strong>haud</strong></span> 
     </span>
     <span class='ocr_line' id='line_1_34' title="bbox 78 4048 1308 4134; baseline -0.004 -17"><span class='ocrx_word' id='word_1_317' title='bbox 78 4057 274 4126; x_wconf 81' lang='lat' dir='ltr'><strong>desiderabam</strong></span> <span class='ocrx_word' id='word_1_318' title='bbox 307 4052 440 4134; x_wconf 86' lang='lat' dir='ltr'><strong>equidem</strong></span> <span class='ocrx_word' id='word_1_319' title='bbox 471 4052 621 4112; x_wconf 82' lang='lat' dir='ltr'><strong>universae</strong></span> <span class='ocrx_word' id='word_1_320' title='bbox 647 4048 805 4108; x_wconf 88' lang='lat' dir='ltr'><strong>sententiae</strong></span> <span class='ocrx_word' id='word_1_321' title='bbox 831 4049 1107 4130; x_wconf 86' lang='lat' dir='ltr'><strong>interpretationem.</strong></span> <span class='ocrx_word' id='word_1_322' title='bbox 1155 4055 1246 4128; x_wconf 73' lang='lat' dir='ltr'><strong>llam,</strong></span> <span class='ocrx_word' id='word_1_323' title='bbox 1274 4075 1308 4115; x_wconf 86' lang='lat' dir='ltr'><strong>eo</strong></span> 
     </span>
     <span class='ocr_line' id='line_1_35' title="bbox 78 4155 1306 4253; baseline -0.014 -22"><span class='ocrx_word' id='word_1_324' title='bbox 78 4173 151 4231; x_wconf 91' lang='lat' dir='ltr'><strong>duce</strong></span> <span class='ocrx_word' id='word_1_325' title='bbox 163 4219 171 4248; x_wconf 93' lang='lat'><strong>,</strong></span> <span class='ocrx_word' id='word_1_326' title='bbox 191 4185 292 4253; x_wconf 88' lang='lat' dir='ltr'><strong>sponte</strong></span> <span class='ocrx_word' id='word_1_327' title='bbox 309 4170 381 4229; x_wconf 91' lang='lat' dir='ltr'><strong>mihi</strong></span> <span class='ocrx_word' id='word_1_328' title='bbox 409 4155 533 4230; x_wconf 70' lang='lat' dir='ltr'><strong>videbar</strong></span> <span class='ocrx_word' id='word_1_329' title='bbox 558 4185 619 4224; x_wconf 90' lang='lat' dir='ltr'><strong>eam</strong></span> <span class='ocrx_word' id='word_1_330' title='bbox 637 4176 726 4222; x_wconf 89' lang='lat' dir='ltr'><strong>totam</strong></span> <span class='ocrx_word' id='word_1_331' title='bbox 746 4183 803 4221; x_wconf 87' lang='lat' dir='ltr'><strong>esse</strong></span> <span class='ocrx_word' id='word_1_332' title='bbox 820 4177 974 4224; x_wconf 89' lang='lat' dir='ltr'><strong>assecutus.</strong></span> <span class='ocrx_word' id='word_1_333' title='bbox 1014 4166 1088 4224; x_wconf 91' lang='lat' dir='ltr'><strong>Tum</strong></span> <span class='ocrx_word' id='word_1_334' title='bbox 1108 4187 1193 4243; x_wconf 83' lang='lat' dir='ltr'><strong>vero,</strong></span> <span class='ocrx_word' id='word_1_335' title='bbox 1213 4169 1306 4250; x_wconf 68' lang='lat' dir='ltr'><strong>expli.</strong></span> 
     </span>
     <span class='ocr_line' id='line_1_36' title="bbox 78 4276 1307 4367; baseline -0.004 -20"><span class='ocrx_word' id='word_1_336' title='bbox 78 4289 135 4347; x_wconf 89' lang='lat' dir='ltr'><strong>cito</strong></span> <span class='ocrx_word' id='word_1_337' title='bbox 154 4287 235 4361; x_wconf 90' lang='lat' dir='ltr'><strong>loco,</strong></span> <span class='ocrx_word' id='word_1_338' title='bbox 256 4307 306 4367; x_wconf 88' lang='lat' dir='ltr'><strong>ego</strong></span> <span class='ocrx_word' id='word_1_339' title='bbox 326 4286 387 4356; x_wconf 75' lang='lat' dir='ltr'><strong>fere</strong></span> <span class='ocrx_word' id='word_1_340' title='bbox 406 4281 443 4343; x_wconf 91' lang='lat' dir='ltr'><strong>ad</strong></span> <span class='ocrx_word' id='word_1_341' title='bbox 472 4282 561 4341; x_wconf 89' lang='lat' dir='ltr'><strong>alium</strong></span> <span class='ocrx_word' id='word_1_342' title='bbox 588 4276 720 4361; x_wconf 82' lang='lat' dir='ltr'><strong>progredi</strong></span> <span class='ocrx_word' id='word_1_343' title='bbox 748 4291 776 4337; x_wconf 90' lang='lat' dir='ltr'><strong>et</strong></span> <span class='ocrx_word' id='word_1_344' title='bbox 794 4279 948 4353; x_wconf 82' lang='lat' dir='ltr'><strong>festinare,</strong></span> <span class='ocrx_word' id='word_1_345' title='bbox 968 4301 1052 4358; x_wconf 91' lang='lat' dir='ltr'><strong>quem</strong></span> <span class='ocrx_word' id='word_1_346' title='bbox 1068 4282 1176 4361; x_wconf 86' lang='lat' dir='ltr'><strong>pariter</strong></span> <span class='ocrx_word' id='word_1_347' title='bbox 1192 4283 1307 4342; x_wconf 87' lang='lat' dir='ltr'><strong>intelli-</strong></span> 
     </span>
     <span class='ocr_line' id='line_1_37' title="bbox 77 4392 1308 4482; baseline -0.002 -21"><span class='ocrx_word' id='word_1_348' title='bbox 77 4423 141 4482; x_wconf 83' lang='lat' dir='ltr'><strong>gere</strong></span> <span class='ocrx_word' id='word_1_349' title='bbox 158 4392 288 4461; x_wconf 75' lang='lat' dir='ltr'><strong>ar&#39;erem:</strong></span> <span class='ocrx_word' id='word_1_350' title='bbox 321 4400 372 4458; x_wconf 87' lang='lat' dir='ltr'><strong>ille</strong></span> <span class='ocrx_word' id='word_1_351' title='bbox 392 4418 459 4460; x_wconf 85' lang='lat' dir='ltr'><strong>vero</strong></span> <span class='ocrx_word' id='word_1_352' title='bbox 480 4418 541 4456; x_wconf 90' lang='lat' dir='ltr'><strong>non</strong></span> <span class='ocrx_word' id='word_1_353' title='bbox 560 4396 662 4454; x_wconf 88' lang='lat' dir='ltr'><strong>sinere.</strong></span> <span class='ocrx_word' id='word_1_354' title='bbox 702 4393 809 4469; x_wconf 87' lang='lat' dir='ltr'><strong>Lente,</strong></span> <span class='ocrx_word' id='word_1_355' title='bbox 830 4415 847 4454; x_wconf 91' lang='lat' dir='ltr'><strong>o</strong></span> <span class='ocrx_word' id='word_1_356' title='bbox 866 4392 959 4469; x_wconf 90' lang='lat' dir='ltr'><strong>bone,</strong></span> <span class='ocrx_word' id='word_1_357' title='bbox 979 4394 1092 4473; x_wconf 90' lang='lat' dir='ltr'><strong>inquit,</strong></span> <span class='ocrx_word' id='word_1_358' title='bbox 1111 4395 1308 4458; x_wconf 75' lang='lat' dir='ltr'><strong>festinandum</strong></span> 
     </span>
    </p>
   </div>
   <div class='ocr_carea' id='block_1_7' title="bbox 0 0 1402 5048">
    <p class='ocr_par' dir='ltr' id='par_1_8' title="bbox 0 0 1402 5048">
     <span class='ocr_line' id='line_1_38' title="bbox 0 0 1402 5048; baseline 0 0"><span class='ocrx_word' id='word_1_359' title='bbox 0 0 1402 5048; x_wconf 95' lang='lat' dir='ltr'><strong> </strong></span> 
     </span>
    </p>
   </div>
  </div>
 </body>
</html>
