2796 5048
650 222 709 285 525

68 398 129 470 ait,
151 414 207 472 quo
229 413 322 470 neque
341 398 474 451 taetrius
492 412 585 470 aequo
601 392 727 469 foedior
758 412 811 449 nac
831 391 893 450 diis
917 366 1141 468 lroroim'lusquo
1159 398 1291 450 invisius

69 494 190 551 orrimol
213 492 311 548 ullum
337 497 469 571 eogitari
493 500 608 567 potest:
636 498 689 568 qui
700 535 709 566 ,
738 504 918 569 quemquam
932 488 1045 568 figura
1073 497 1117 547 est
1144 489 1289 565 hominia,

69 612 189 651 morum
207 599 305 647 tomen
326 596 516 647 imnrom'tote
536 596 724 647 vaett'ara'moa
741 594 837 645 vincit
855 587 977 645 belluas.
1021 584 1095 665 Quis
1113 594 1193 645 onim
1211 589 1289 649 launo

69 692 219 749 hominem
247 695 308 745 m'ta
335 687 468 760 dixerut,
497 694 550 764 qui
574 688 630 745 sihi
654 706 722 743 eum
746 692 812 744 auia
837 686 969 759 deibus,
996 692 1050 762 qui
1071 686 1197 763 deniquo
1222 709 1290 744 eum

67 795 153 849 omni
171 788 322 844 hominum
338 807 447 865 genere
464 785 582 842 nullom
601 806 661 842 aare
673 790 764 860 juria
780 789 1030 856 communionem,
1052 785 1168 842 nullam
1186 787 1290 844 lauma-

67 893 184 947 na'tatir
201 891 369 942 sociotatem
387 882 484 941 volit?
515 879 544 961 l)
584 880 641 941 Sed
667 903 705 941 ex
730 880 832 941 iisdem
858 880 939 955 illis,
959 901 1032 960 quae
1052 896 1161 941 veteres
1180 882 1217 943 de
1235 883 1291 944 boc

67 984 194 1069 pessimo
222 981 350 1041 civitatis
375 996 449 1041 statu
477 993 668 1054 monuerunt,
697 980 760 1060 ipsa
787 979 890 1054 etiam,
910 999 996 1058 quam
1014 979 1225 1060 significamus,
1244 1002 1292 1040 re-

67 1080 320 1164 rumpublicarum
345 1087 473 1139 ratioet
498 1064 631 1153 notura,
652 1099 724 1157 quae
746 1078 861 1158 proprie
879 1076 985 1152 fuerit,
1006 1075 1081 1136 effici
1099 1090 1210 1158 potest:
1231 1077 1290 1137 effi·

67 1182 151 1245 citur
169 1180 202 1238 in
220 1177 338 1258 primis,
369 1197 453 1256 quam
474 1197 532 1235 esse
552 1177 726 1237 verissimam
744 1190 852 1237 veteres
873 1177 1042 1234 libertatem
1061 1178 1177 1234 civilem
1195 1178 1293 1236 existi·

68 1280 226 1342 maverint.
271 1277 369 1336 Cicero
387 1275 551 1350 civitatem,
571 1275 603 1334 in
625 1296 682 1355 qua
701 1274 834 1355 tyrannis
861 1273 992 1349 obtinet,
1014 1294 1073 1332 non
1090 1286 1202 1333 tantum
1219 1274 1295 1333 male

69 1400 102 1439 se
131 1376 256 1454 babere,
285 1375 418 1453 intusque
444 1386 522 1454 peste
549 1372 697 1449 laborare,
729 1372 779 1434 sed
809 1374 926 1431 nullam
953 1393 1030 1447 esse,
1060 1370 1197 1433 affirmat:
1228 1394 1294 1432 nam

73 1474 242 1555 ubicunque
271 1471 354 1533 nulla
387 1470 511 1531 habetur
543 1471 637 1552 legum
665 1485 714 1531 aut
748 1471 896 1550 justitiae,
927 1470 977 1532 sed
1007 1470 1095 1529 unius
1123 1471 1208 1530 unice
1236 1471 1295 1533 viri

70 1574 166 1648 ratio,
194 1572 258 1631 illic
285 1569 511 1650 rempublicam,
531 1570 551 1629 i.
571 1590 596 1629 e.
616 1591 678 1628 rem
701 1572 806 1649 populi
815 1615 825 1645 ,
849 1568 1017 1630 desiderari.
1058 1569 1122 1643 Quo
1139 1571 1229 1649 magis
1246 1586 1295 1650 pa⁴

68 1684 133 1747 tet,
164 1670 202 1730 ad
229 1669 367 1728 rationem
396 1666 542 1747 propriam
558 1667 728 1742 civitatum,
748 1667 806 1726 imo
825 1678 892 1728 vero
910 1665 948 1727 ad
967 1687 1064 1727 earum
1084 1680 1214 1727 naturam
1232 1688 1296 1748 per·

68 1771 187 1844 tinere,
216 1766 295 1847 quod
323 1765 418 1846 posuit
447 1764 527 1824 Plato
561 1777 589 1823 et
617 1765 717 1824 Cicero
745 1765 874 1825 inculcat
902 1766 980 1841 lere,
1011 1757 1050 1825 roi
1080 1762 1175 1846 φίλων
1202 1759 1295 1840 notari,

67 1866 238 1929 communia
265 1876 336 1923 esse·
351 1862 485 1922 omnibus
503 1863 599 1922 omnia
618 1861 739 1922 debere:
760 1863 838 1942 quod
854 1886 913 1924 non
933 1863 1024 1924 solum
1045 1867 1082 1927 ad
1102 1869 1297 1949 suffragiorum

64 1969 140 2047 jus,
162 1963 213 2024 sed
233 1963 367 2021 universe
384 1958 423 2020 ad
440 1960 534 2041 legum
555 1961 686 2040 jurisque
705 1960 937 2041 aequabilitatem
954 1958 1087 2026 refertur.
1128 1968 1227 2047 Itaque
1246 1990 1298 2050 per

69 2052 249 2147 tyrannides
265 2060 414 2141 perierunt
438 2059 569 2119 civitates
588 2060 741 2139 antiquae,
763 2060 922 2120 floruerunt
940 2082 1009 2122 vero
1025 2076 1054 2121 et
1073 2065 1228 2143 riguerunt
1243 2066 1298 2126 hac

69 2162 151 2244 juris
179 2158 390 2219 communione.
431 2157 515 2231 Quod
542 2157 596 2216 rite
623 2157 700 2218 vidit
727 2157 848 2218 Sosicles
875 2158 953 2240 apud
979 2161 1174 2239 Herodotum,
1195 2185 1227 2223 ac
1251 2186 1299 2224 re-

77 2278 149 2341 apse
174 2257 302 2319 Athenae
331 2256 364 2314 in
392 2269 538 2336 utramque
561 2268 671 2337 partem
700 2278 767 2316 cum
794 2271 883 2318 aetate
903 2259 1042 2319 Pisistrati
1060 2274 1088 2319 et
1106 2261 1299 2324 Pisistratida-

77 2376 161 2433 rum,
174 2370 239 2417 'tum
267 2367 331 2436 post
351 2367 484 2434 expertae
501 2369 578 2414 sunt.
619 2356 653 2414 ln
679 2356 818 2415 concione
836 2358 976 2417 sociorum
997 2359 1213 2420 Lacedaemonii
1233 2383 1300 2421 sua-

73 2455 207 2530 debant,
230 2467 278 2529 ut,
299 2474 355 2532 quo
375 2450 517 2511 infirmior
539 2450 708 2513 redderetur
733 2453 897 2534 respublica
918 2450 1157 2534 Atheniensium,
1178 2461 1301 2541 Hippias

71 2555 114 2615 iis
149 2553 336 2628 redderetur3
368 2550 489 2610 Sosicles
517 2571 585 2610 vero
609 2570 624 2603 a
634 2551 691 2609 imo
718 2572 803 2625 voro,
833 2552 946 2630 ajebat,
976 2554 1086 2615 coelum
1116 2556 1170 2614 sub
1196 2572 1301 2617 terram

21 2718 34 2731 ,
71 2651 190 2714 subibit
226 2664 255 2710 et
286 2663 363 2710 terra
395 2670 481 2730 supra
508 2648 619 2708 coelum
646 2647 701 2706 erit
737 2647 886 2724 sublimis,
915 2650 1101 2732 hominesque
1126 2653 1302 2716 habitabunt

35 2800 45 2805 -
71 2752 110 2811 in
148 2749 241 2824 mari,
280 2762 308 2807 et
342 2749 433 2828 pisces
467 2745 646 2806 domicilium
678 2746 864 2827 occupabunt
898 2747 1065 2826 hominum,
1103 2753 1219 2831 quando
1252 2776 1303 2817 ros

73 2846 218 2930 quidem,
252 2845 491 2920 Lacedaemonii,
517 2846 592 2924 juris
620 2845 823 2924 aequabilitate
849 2845 981 2924 sublata,
1011 2850 1181 2930 tyrannides
1209 2854 1241 2913 in
1262 2855 1302 2913 ci-

77 2949 186 3010 vitates
212 2945 349 3005 reducere
382 2945 507 3026 paratis:
538 2965 595 3024 quo
625 2943 702 3003 nibil
731 2957 772 3003 est
795 2945 828 3003 in
855 2944 1020 3007 hominibus
1047 2949 1195 3029 iniquius,
1226 2951 1303 3012 nihil

79 3045 256 3109 sceleratius.
274 3068 288 3100 n
312 3041 343 3124 2)

125 3143 207 3217 Illud
236 3141 347 3200 scilicet
371 3154 451 3198 recte
471 3141 684 3222 perspiciebant
713 3141 780 3217 illi,
800 3141 968 3203 labefactari
994 3144 1027 3204 in
1052 3146 1239 3224 civitatibus,
1260 3163 1304 3229 ty·

85 3239 209 3301 rannide
237 3238 357 3314 exortd,
396 3239 505 3299 civium
536 3241 614 3316 vim,
654 3241 785 3300 restituta
813 3262 879 3301 vero
902 3255 931 3301 et
958 3245 1125 3304 auctoritate
1154 3246 1248 3327 legum
1277 3260 1305 3306 et

87 3339 272 3418 aequalitate,
302 3338 427 3417 vigorem
457 3337 543 3397 simul
570 3339 686 3398 civibus
713 3340 836 3400 restitui.
877 3341 962 3416 Quod
991 3356 1086 3401 autem
1114 3345 1306 3421 verissimam,

91 3458 173 3516 quam
200 3437 346 3511 diximus,
377 3436 485 3495 civium
515 3437 548 3494 in
580 3437 748 3497 civitatibus
776 3439 902 3518 antiquis
930 3439 1091 3499 libertatem
1119 3443 1240 3518 attinet,
1271 3464 1307 3503 ex

9 3554 21 3579 ·-·
93 3530 169 3595 nulla
192 3557 222 3595 re
251 3535 305 3593 illa
332 3535 441 3614 magis,
462 3554 547 3614 quam
567 3554 603 3592 ex
623 3534 676 3593 hac
695 3534 843 3595 Platonica
861 3538 1027 3616 tyrannidis
1046 3537 1240 3618 descriptione
1258 3563 1307 3623 pa·

9 3648 36 3689 tr
95 3644 139 3696 tet.
180 3637 306 3694 Tantum
325 3634 420 3707 abest,
443 3648 474 3692 ut
495 3635 545 3692 ista
568 3635 618 3707 sit,
639 3653 724 3713 quam
739 3633 771 3692 in
792 3634 990 3694 democraticis
1005 3636 1171 3697 civitatibus
1190 3655 1309 3722 crepant

8 3710 42 3781 ὁ
93 3748 203 3808 omnes,
235 3746 266 3792 ut
295 3731 364 3791 haec
385 3732 423 3791 ad
448 3751 625 3791 communem
653 3732 781 3791 omnium
806 3734 973 3795 servitutem
999 3734 1116 3795 tendat:
1138 3737 1196 3797 imo
1224 3758 1309 3815 vero,

8 3826 33 3873 θ’
91 3822 145 3904 quo
174 3832 288 3911 longius
317 3830 353 3888 ab
384 3831 438 3889 ista
468 3829 574 3904 distat,
593 3851 705 3910 quoque
723 3832 829 3890 arctius
848 3852 913 3890 cum
932 3833 1025 3914 legum
1044 3855 1076 3893 ac
1098 3838 1310 3916 magistratuum

8 3924 40 3973 *l
88 3925 254 3990 obedientia
271 3930 426 4007 conjuncta
444 3942 502 4002 est,
525 3949 558 3987 eo
575 3929 680 3988 rectius
698 3929 838 4010 appellari
858 3914 1015 3991 vantome
1034 3941 1170 3993 civitatis
1187 3937 1311 3995 libertae

9 3978 38 4147 :l
83 4038 191 4099 potest.
233 4029 271 4087 Et
299 4026 368 4086 hinc
397 4027 513 4106 quidem
543 4047 614 4105 quae
641 4047 709 4088 vero
738 4029 805 4088 item
835 4029 952 4089 nomine
979 4032 1106 4094 hominia
1128 4031 1252 4093 dicenda
1271 4036 1311 4092 li-

81 4198 348 4224 κὴ...-

125 4318 462 4401 amomum

125 4416 152 4480 2)
171 4418 266 4472 llerod.
284 4419 313 4468 V.
332 4415 373 4469 91.
393 4416 432 4469 Cl'.
451 4418 533 4468 Βίων.
548 4434 602 4468 mea
620 4432 644 4483 p.
662 4413 704 4466 65.
