2796 5048
691 199 749 259 423

135 354 302 426 Caeterum,
324 353 581 431 quemadmodum,
599 360 678 435 quod
699 363 794 441 posuit
813 361 909 435 Plato,
930 365 1078 423 averitate
1088 366 1286 427 inchoandum
1298 370 1334 427 sit

88 448 223 531 indeque
244 449 282 510 ad
302 453 364 528 ejus
383 453 521 533 imagines
542 450 779 537 procedendum,
796 458 828 518 id
847 480 898 517 suo
919 481 972 518 nos
990 462 1181 543 philosophus
1200 466 1332 546 exemplo

82 546 204 611 docuit.
248 549 409 609 Thesauros
430 573 489 610 esse
507 554 708 637 philosophiae
731 556 969 638 locupletissimos
991 559 1123 639 linguas,
1144 582 1242 622 omues
1260 585 1332 622 con-

86 648 244 720 sentiunt,
275 647 417 727 nobisque
446 651 478 709 in
509 651 554 711 his
578 653 839 734 disceptationibus
865 657 961 735 patuit
987 659 1227 717 manifestissime.
1278 660 1334 718 llle

86 734 180 816 roro,
203 747 335 823 quamvis
355 746 602 829 philosophandi,
629 775 714 830 quam
737 756 905 834 usurpavit,
935 757 1008 813 ratio
1028 777 1079 814 nos
1101 757 1220 815 duxerit
1239 757 1331 832 illuc,

82 839 239 922 ipsiusque
259 843 446 924 philosophia
466 850 507 906 sic
530 864 649 910 naturae
671 853 708 910 sit
726 867 938 927 consentanea,
961 867 993 911 ut
1011 853 1123 913 dixeris
1140 856 1200 912 fere
1211 901 1219 927 ,
1240 855 1330 914 haus-

85 952 149 997 tam
171 940 253 1000 illam
273 940 343 1000 inde
364 963 438 1018 esse,
463 947 561 1006 minus
579 963 693 1024 tamen,
714 972 800 1028 quam
822 973 875 1031 par
892 967 972 1026 erat,
993 973 1007 1010 e
1027 951 1168 1010 thesauris
1186 953 1248 1011 istis
1269 975 1332 1034 pro-

85 1037 172 1099 fecit.
213 1039 321 1118 Nempe
350 1040 387 1102 de
409 1045 530 1103 veritate
551 1047 773 1128 philosophatus
790 1051 931 1109 continuo
951 1064 1013 1124 est,
1039 1071 1155 1129 eamque
1176 1053 1283 1131 optima
1305 1067 1333 1112 et

85 1134 251 1215 indagandi
281 1154 308 1197 et
337 1139 474 1200 tradendi
503 1144 550 1203 vit
579 1167 645 1203 cum
674 1148 735 1226 ipse
765 1149 899 1208 invenire
927 1163 987 1207 tum
1006 1148 1156 1207 nobiscum
1176 1151 1333 1208 communi-

85 1253 156 1291 care
185 1235 307 1296 studuit.
350 1237 385 1296 Id
413 1253 508 1298 autem
539 1263 596 1318 quo
617 1247 712 1324 aptius
732 1246 873 1326 perfecit,
902 1267 935 1304 eo
964 1267 1043 1305 nunc
1065 1246 1149 1305 nobis
1170 1246 1278 1317 clarius
1287 1266 1332 1320 ,e

86 1333 223 1393 veritatis
243 1334 321 1409 illis,
343 1358 414 1415 quas
432 1338 531 1413 dixit,
551 1342 744 1421 imaginihus,
764 1345 870 1404 veritas
889 1358 976 1424 patet.
1017 1343 1103 1418 Quod
1123 1343 1171 1402 hlc
1193 1344 1332 1403 duximus

85 1431 268 1491 monendum
289 1454 368 1507 esse,
400 1459 457 1515 quo
478 1440 567 1517 magis
588 1442 688 1500 aetatis
712 1456 823 1500 nostrae
844 1441 1157 1527 philosophi,quibus
1178 1462 1245 1501 sane
1267 1442 1330 1501 lon·

83 1549 120 1606 ge
149 1531 256 1605 majore
284 1534 368 1613 copia
396 1535 524 1594 thesauri
546 1536 608 1609 illi,
638 1561 723 1617 quarn
746 1522 816 1598 olim
836 1541 970 1615 Platoni,
989 1554 1103 1622 patent,
1133 1541 1187 1599 hoc
1208 1537 1282 1598 duce
1303 1553 1331 1597 et

82 1626 265 1705 investigent
295 1651 358 1703 eos,
392 1619 438 1704 et,
461 1616 541 1692 ¹inde
574 1649 605 1695 ut
626 1658 677 1694 nos
699 1638 767 1695 item
789 1637 1014 1697 emolumentum
1032 1637 1195 1718 capiamus,
1216 1646 1331 1718 operam

82 1723 169 1783 dent.
191 1726 334 1811 Nec'verp
351 1728 390 1787 ad
412 1731 577 1809 linguarum
600 1736 685 1792 unice
707 1735 921 1815 philosophiam
943 1735 1121 1795 tractandam
1142 1736 1266 1796 salutare
1277 1736 1330 1794 hoc

64 1823 255 1904 ¹philosophi
282 1843 467 1908 praeceptum
496 1845 554 1889 est:
588 1831 643 1890 late
675 1847 754 1912 patet
783 1855 836 1913 per
857 1834 1038 1912 gravissimos
1057 1855 1184 1913 quosque
1205 1833 1330 1913 philoso-

83 1921 175 2000 phiae
204 1922 298 1982 locos:
328 1939 370 1984 est
402 1926 474 1986 adeo
495 1950 560 1987 cum
583 1930 780 2011 metaphysica
802 1932 931 1990 Platonis
949 1933 1011 1992 sive
1032 1934 1094 1993 veri
1115 1931 1247 1991 doctrina
1269 1951 1328 1989 arc-

83 2019 200 2079 tissime
220 2023 420 2098 conjuuctum.
464 2028 554 2102 Nam,
575 2029 818 2105 quemadmodum
839 2029 906 2104 ille,
925 2029 1005 2108 quod
1019 2031 1102 2107 ajunt
1122 2027 1329 2109 metaphysici,

83 2138 104 2173 a
126 2126 230 2195 priori
248 2121 470 2202 philosophatus
490 2127 544 2201 sit,
565 2125 635 2186 hinc
656 2140 736 2207 patet
756 2129 889 2188 maxime.

280 2317 364 2395 Qua
393 2331 629 2397 praestitit
662 2310 830 2381 ratio—na
861 2324 1004 2413 Plato,
1032 2325 1134 2399 quod

124 2419 354 2489 parabolare
389 2443 408 2476 a
439 2421 708 2497 philosophis
739 2425 1021 2501 rnetaphpaicz'
1054 2423 1205 2495 soleret,
1238 2430 1281 2479 tet

387 2539 405 2573 a
433 2527 579 2594 priori
607 2522 1025 2598 philosopharetur?
1090 2556 1093 2561 -

123 2706 231 2766 Evenit
262 2733 313 2771 nos
339 2706 625 2794 Cratylus'Platonis
651 2729 679 2773 et
697 2729 756 2774 tota
774 2715 844 2775 haec
863 2729 960 2775 nostra
981 2713 1017 2772 dc
1039 2713 1205 2792 linguarum
1226 2710 1323 2791 philo·

76 2804 184 2885 sophia
212 2792 392 2890 disceptatio'
412 2812 450 2871 ad
481 2813 646 2872 Platonicae
668 2813 837 2872 dialecticae
858 2814 1024 2892 fastigium,
1057 2810 1135 2888 quod
1156 2809 1321 2886 hujusmodi

77 2916 138 2975 est,
171 2917 202 2962 ut
230 2929 288 2965 non
318 2910 355 2968 ab
385 2909 597 2990 hypothesibus
618 2910 844 2985 descendamus,
874 2910 925 2970 sed
946 2910 983 2969 ad
1005 2908 1149 2991 principia
1169 2906 1324 2966 tendamus

77 2994 265 3063 monitare.
307 3006 342 3065 Id
359 3008 444 3086 quale
466 3011 523 3078 sit,
544 3031 560 3066 e
580 3008 734 3082 methodo,
766 3031 822 3088 qua
846 3030 913 3068 usus
933 3007 1124 3088 philosophus
1145 3019 1205 3079 est,
1236 3025 1322 3085 supra

76 3102 232 3164 docuimus
254 3105 292 3186 1):
334 3128 414 3165 nunc
432 3097 674 3185 quemadmodum
697 3109 752 3187 ipsi
772 3107 989 3189 philosophiae,
1010 3106 1048 3165 ad
1071 3096 1254 3181 veri,aritoai
1265 3099 1324 3162 τοῦ

78 3194 184 3275 ὄντος,
202 3204 352 3263 scientiam
374 3204 597 3282 assequendam,
619 3205 820 3265 adhibendum
842 3207 897 3279 sit,
919 3207 1070 3284 exquirere
1089 3218 1209 3285 oportet.
1250 3206 1324 3263 Nam

78 3303 270 3383 metaphysici
288 3303 347 3360 fere
358 3348 365 3375 ,
385 3304 516 3381 quamvis
537 3304 568 3362 in
588 3305 696 3363 caussis
714 3303 904 3383 exquirendis
922 3303 959 3362 ad
979 3302 1115 3362 sublimia
1138 3302 1236 3360 omnia
1255 3322 1323 3360 con·

76 3400 249 3474 tenderent,
279 3402 311 3459 in
329 3402 394 3482 ¹ipsa
410 3416 506 3461 tamen
521 3403 750 3484 philosophandi
772 3405 884 3461 ratione
905 3400 943 3460 ab
968 3399 1079 3458 ultimis
1101 3399 1255 3478 principiis
1273 3397 1324 3455 de·

77 3499 275 3558 scenderunt:
297 3500 375 3578 quod
392 3499 590 3580 philosophari
609 3521 628 3556 a
644 3507 747 3576 priori
769 3499 913 3561 vocabant
930 3495 970 3575 2).
1013 3497 1049 3554 In
1065 3494 1156 3576 ⁴rebus
1174 3493 1325 3573 physiciS,

76 3598 179 3661 causat
206 3598 337 3657 omnium
365 3599 492 3679 reperta,
526 3596 597 3655 inde
628 3597 734 3656 ducere
762 3594 965 3655 ratiocinando
986 3593 1082 3651 omnia
1103 3590 1244 3651 solebant.
1287 3591 1322 3648 ln

76 3695 283 3776 metaphysicis
304 3709 418 3770 autem,
447 3717 520 3775 quae
542 3695 706 3767 vocabant,
732 3692 893 3753 tractandis
912 3690 950 3750 ad
971 3692 1064 3750 Deum
1085 3690 1144 3749 fere
1166 3690 1323 3770 pervenie-

116 3973 143 4036 1)
161 3975 238 4025 Initia
251 3991 276 4041 p.
291 3974 357 4037 234,
373 3973 433 4024 286.

107 4056 136 4120 2)
158 4060 348 4112 Aristotelicae
367 4059 478 4109 studium
490 4054 674 4126 philosophiae
687 4059 750 4108 hanc
764 4057 851 4108 medio
867 4072 934 4107 aevo
956 4055 1066 4122 protulit
1078 4053 1188 4104 barbare
1203 4053 1240 4102 sic
1253 4066 1320 4100 nnn-

76 4153 200 4211 cupatam
220 4163 237 4196 a
257 4147 342 4213 priori
354 4145 541 4213 philosophiam.
578 4145 669 4212 Longe
685 4143 735 4194 alia
755 4152 809 4207 est,
836 4158 902 4210 quae
922 4142 958 4192 illi
978 4141 1072 4192 eodem
1091 4139 1196 4189 nomine
1215 4151 1323 4186 succes-

76 4231 111 4280 sit
124 4230 261 4295 superiore
286 4230 409 4292 saeculo,
428 4245 459 4279 ac
479 4229 628 4279 Platonicae
644 4229 839 4297 congruentior.
877 4228 949 4283 Haec
968 4225 1052 4294 qualis
1071 4226 1120 4284 sit,
1137 4222 1259 4286 deinceps
1273 4221 1323 4268 erit
1367 4243 1369 4248 ·

74 4313 284 4382 significandum:
300 4331 382 4377 nunc,
401 4330 435 4365 ne
451 4329 507 4364 cum
524 4314 689 4364 Aristotelian
706 4329 761 4364 eam
777 4312 1010 4370 confunderemus,
1029 4306 1110 4360 verbo
1129 4308 1176 4358 hoc
1188 4307 1321 4356 monuisse

74 4399 192 4451 sufficiat.
