2796 5048
659 210 697 270 29

68 375 126 454 ipse
157 374 313 433 modestam
330 375 451 455 expetiit
472 366 638 452 φιλοσόφου
667 372 897 452 appellationem.
938 375 1028 451 Cuius
1046 371 1209 454 exemplum
1227 388 1293 427 cum

67 471 142 531 ultro
169 484 373 550 sequerentur,
402 487 541 552 quotquot
560 495 596 532 en
629 475 690 549 ejus
715 470 812 531 schola
829 471 985 551 prodibant
1014 485 1041 531 et
1059 492 1111 552 per
1131 471 1293 531 universam

65 569 216 628 Graeciam
234 568 472 649 dispergebantur
490 569 724 652 praestantissimi
746 570 822 643 viri,
843 568 944 629 horum
957 571 1065 629 factum
1083 583 1124 627 est
1143 568 1292 628 auctorita·

64 683 111 741 te,
144 681 178 725 ut
206 668 402 747 sapientibus,
432 669 482 747 qui
510 666 747 740 celebrabantur,
779 667 875 726 ubivis
904 666 1090 727 succederent
1116 665 1291 749 philosophi.

64 767 132 852 Esse
151 779 245 825 autern
266 786 331 824 cum
351 767 476 825 nominis
495 767 623 826 novitate
643 785 745 825 novam
764 767 946 842 eonirmotam
965 765 1189 846 philosophandi
1208 765 1291 825 ratio·

63 885 150 936 uem,
173 877 204 923 ut
222 863 433 943 significaverat
453 865 652 945 Pythagoras,
679 847 724 922 im.
736 884 787 922 suo
810 863 918 923 deinde
936 865 1067 945 exemplo
1084 864 1218 944 probavit
1242 864 1290 924 Str

62 976 165 1027 crates.
207 963 234 1021 Is
252 962 420 1022 incredibili
440 963 545 1022 duetus
568 963 700 1032 discendi
720 982 813 1020 amore
824 1008 832 1036 ,
852 975 964 1020 tantum
984 983 1013 1020 se
1033 962 1129 1021 abesse
1146 983 1163 1019 a
1181 963 1290 1042 sapien·

63 1063 105 1119 tia
133 1074 162 1120 et
187 1081 282 1118 rerum
310 1061 430 1120 scientia
457 1061 663 1142 profitebatur,
695 1074 726 1119 ut
751 1060 829 1119 nihil
855 1080 885 1118 se
911 1061 983 1121 scire
1003 1059 1132 1135 diceret,
1152 1060 1209 1119 nisi
1237 1060 1291 1120 hoc

65 1167 174 1232 urium,
196 1159 273 1217 nihil
302 1181 331 1218 se
355 1161 437 1219 scire.
479 1161 542 1234 Qua
570 1179 638 1218 saue
656 1159 798 1218 sententia
816 1156 895 1216 hand
915 1179 973 1216 esse
995 1157 1128 1233 videtur,
1148 1178 1220 1237 quae
1238 1178 1292 1217 ve-

63 1279 128 1314 rum
148 1256 352 1337 philosophum
371 1257 470 1317 deceat
498 1257 603 1336 magis:
625 1256 710 1316 modo
739 1269 813 1315 recte
843 1243 1009 1336 accipiatur.
1056 1257 1091 1315 ln
1110 1255 1195 1314 rebus
1213 1256 1291 1313 enim

62 1355 244 1435 gravioribus
262 1356 419 1415 tractandis
439 1355 600 1417 cavendum
620 1355 651 1414 id
669 1354 790 1413 maxime
809 1368 850 1412 est
859 1399 868 1428 ,
889 1375 926 1412 ne
947 1353 1020 1432 quid
1037 1368 1172 1432 tanquam
1191 1373 1292 1413 verum

63 1455 104 1512 sic
125 1466 297 1528 statuamus,
319 1453 419 1513 nullus
448 1468 479 1512 ut
507 1453 688 1533 relinquatur
715 1451 892 1512 dubitationi
917 1466 944 1512 et
970 1452 1172 1532 perquisitioui
1200 1451 1288 1512 locus

26 1558 32 1567 '
62 1553 127 1611 Hoc
147 1553 225 1610 enim
243 1551 399 1631 sapientiae
418 1564 459 1610 est
487 1572 611 1625 munus,
632 1552 713 1627 cujus
739 1550 818 1611 haud
847 1571 937 1632 capax
964 1564 1006 1610 est
1029 1565 1131 1611 natura
1155 1550 1289 1610 humana.

62 1649 122 1709 Sed
141 1650 286 1728 inquirere
307 1652 340 1708 in
359 1671 410 1708 res.
423 1671 538 1722 omnes,
561 1663 592 1706 ut
612 1670 708 1707 earum
727 1648 857 1727 ignarum
875 1668 1008 1728 prorsus,
1032 1669 1125 1726 neque
1143 1649 1289 1726 inquiren·

62 1747 101 1807 do
121 1769 229 1807 cessare
250 1768 393 1826 unquam,
418 1748 526 1828 quippe
550 1766 697 1824 nunquam
721 1747 884 1827 explentem
910 1748 1027 1827 penitus
1050 1746 1219 1809 acerrimum
1246 1746 1290 1807 di·

62 1843 163 1905 scendi
194 1843 436 1926 perquirendique
465 1845 611 1905 studium:
647 1842 701 1904 hoc
728 1843 843 1904 demum
868 1842 1034 1924 philosophi
1064 1856 1123 1917 est,
1158 1844 1290 1924 idemque

62 1944 206 2025 humanae
226 1945 314 2002 menti
335 1942 419 2002 unice
438 1963 604 2023 congruum.

104 2041 270 2122 Simplieem
291 2040 372 2101 illam
390 2056 418 2100 ct
437 2062 533 2101 teram
556 2039 782 2121 philosophandi
802 2040 940 2101 rationem
959 2052 991 2098 ut
1008 2040 1133 2119 primum
1149 2041 1291 2120 percepit,

64 2142 104 2201 ita
125 2141 264 2199 continuo
282 2140 460 2220 amplexatus
480 2153 521 2199 est
545 2139 783 2218 Pythagoreorum
812 2122 919 2199 amicus
938 2151 966 2197 et
984 2138 1120 2218 princeps
1136 2136 1292 2199 Socratico·

62 2258 148 2310 rum,
169 2237 258 2297 Plato.
300 2239 356 2295 Hic
375 2251 486 2310 autem,
507 2237 585 2317 quod
605 2238 691 2295 unice
717 2237 875 2319 probabat,
897 2236 929 2296 id
947 2234 1062 2315 scriptis
1082 2237 1149 2297 item
1167 2237 1226 2295 suis
1244 2256 1292 2297 ex·
1371 2295 1374 2299 ,

61 2337 168 2417 pressit
192 2350 220 2394 et
248 2336 416 2395 declaravit.
463 2336 569 2396 Ubivis
598 2336 630 2394 in
659 2336 694 2394 iis
720 2349 875 2396 occurrunt
904 2326 1139 2414 patriosque-ut
1164 2337 1293 2415 φιλομα-

61 2437 146 2507 θεῖς,
168 2436 300 2494 discenda·
318 2436 421 2511 cupidi
432 2481 439 2508 ,
461 2441 627 2511 sapientiae
649 2444 798 2508 amanter,
820 2438 926 2516 etipsa
945 2437 1015 2496 haec
1039 2439 1155 2496 nomina
1175 2458 1293 2518 permu-

59 2551 384 2614 tantur-saepenumero.
409 2531 438 2614 l.)
462 2535 592 2592 Amorem
610 2531 761 2591 contendit
780 2534 812 2593 in
826 2533 976 2614 Symposio
986 2537 1110 2595 Diotime
1129 2529 1295 2616 φιλόσοφον

58 2657 141 2709 esse,
162 2635 268 2714 quippe
300 2655 351 2691 nec
381 2625 494 2711 σοφόν,
516 2652 568 2691 nec
587 2623 710 2709 ἀμαθῆ,
732 2631 782 2690 sed
801 2632 957 2712 sapientiae
985 2633 1152 2695 studiosum.
1175 2636 1206 2716 2)
1245 2638 1293 2697 Sa·

59 2733 204 2814 pientiam
222 2733 254 2791 in
276 2732 404 2793 Phaedro
420 2729 622 2791 SocratesDeo
640 2730 824 2789 tribuendam
843 2743 939 2788 censet
949 2775 957 2803 ,
978 2730 1028 2788 sed
1046 2730 1157 2791 homini
1182 2737 1291 2816 sapien·

59 2831 119 2891 tiae
147 2831 337 2909 scientiaeque
365 2831 501 2891 studium.
558 2823 605 2890 To*
629 2825 686 2906 μὲν
713 2817 824 2909 σοφόν,
851 2821 876 2891 ui
903 2828 1035 2910 Φαῖδρε,
1057 2833 1153 2892 καλεῖν
1177 2829 1292 2918 (adeda)

60 2922 161 3007 ἔμοιγε
190 2922 268 3007 μέγα
298 2923 369 2990 εἶναι
400 2931 494 3004 δοκεῖ,
524 2929 573 2991 καὶ
604 2931 672 3016 &aqi
700 2919 788 3016 μόνῳ
823 2926 952 3013 πρέπειν·
984 2927 1022 2993 τό
1054 2930 1089 2994 δὲ
1119 2929 1141 3016 ἢ
1170 2931 1293 3017 φιλόσο-

58 3053 122 3110 ιριιν
146 3024 168 3111 ἢ
200 3021 335 3093 τοιοῦτόν
363 3056 417 3137 οτι,
454 3028 568 3111 μᾶλλόν
603 3057 634 3095 re
666 3028 702 3094 ἂν
732 3029 820 3118 αὐτῷ
852 3027 996 3115 ἁρμόττοι
1032 3035 1080 3096 nea*
1117 3035 1293 3118 ἐμμελεστέ-

59 3156 125 3213 ριιις
147 3129 262 3231 izos-fd)
296 3137 323 3195 Is
353 3150 446 3194 autem
475 3138 597 3195 maxime
625 3136 812 3218 philosophus
840 3135 982 3196 dicendus
1005 3151 1065 3213 est,
1091 3141 1141 3218 qui
1170 3143 1292 3201 maxime

60 3236 164 3316 flagrat
181 3234 300 3325 didendi
321 3233 429 3293 ardore.
464 3228 528 3294 Ttir
554 3230 589 3294 δὲ
615 3229 655 3315 tq*
682 3229 812 3315 εὐχερῶς
838 3229 981 3296 ἐθέλοντα
1006 3233 1117 3312 παντός
1141 3232 1292 3320 μαθήμα-

59 3357 112 3408 τος
144 3326 302 3413 γεύεσθαι,
335 3332 384 3392 καὶ
413 3330 548 3413 α’σμένως
578 3334 627 3396 ἐπὶ
656 3331 693 3397 td
725 3331 887 3416 μανθάνειν
923 3331 1025 3412 ἰόντα,
1054 3340 1102 3401 καὶ
1137 3337 1295 3424 ἀπλήστως

60 3432 191 3517 ἔχοντα,
225 3435 352 3496 τοῦτον
384 3430 412 3496 0⁰
444 3435 482 3497 ἐν
512 3436 595 3524 δίκῃ
633 3432 794 3519 φήσομεν
831 3433 1043 3520 φιλόσοφον.
1070 3443 1101 3525 li)
1139 3447 1197 3504 Nee
1225 3467 1293 3506 vero

61 3555 171 3599 temere
193 3538 341 3612 dicamus,
363 3554 426 3619 post
445 3540 586 3601 Socratem
607 3556 634 3600 et
652 3541 799 3602 Platonem
816 3543 890 3601 hanc
909 3544 1042 3602 universe
1063 3544 1219 3603 invaluisse
1232 3545 1291 3625 opi·

62 3640 183 3698 ninnem
196 3684 206 3710 ,
236 3651 267 3696 ut
294 3659 310 3695 a
339 3647 490 3714 sapientia
512 3639 737 3718 distingueretur
749 3643 945 3718 philosophia.
987 3642 1201 3723 Philosophiam
1220 3641 1292 3701 dicit

61 3739 165 3797 Cicero
185 3736 229 3795 nil
246 3735 328 3794 aliud
347 3757 424 3808 esse,
440 3737 495 3795 nisi
516 3737 643 3796 studium
662 3739 826 3818 sapientiae.
848 3738 1043 3816 «Sapientia,
1059 3742 1171 3820 inquit,
1186 3743 1293 3818 acnjus

100 3947 130 4010 1)
152 3939 321 4023 Φιλόσοφος
346 3938 402 4024 τήν
428 3939 516 4023 φύσιν
538 4001 570 4009 -
597 3942 633 4007 τό
659 3970 689 4028 γε
717 3943 884 4027 φιλομαθὲς
909 3947 957 4008 καὶ
985 3942 1149 4029 φιλόσοφον
1168 3934 1286 4007 τιιιῖτόν.

63 4051 101 4100 De
116 4047 223 4127 13⁶th'
239 4046 297 4098 375.
313 4047 342 4098 Ε.
359 4046 417 4099 376.
433 4047 461 4098 Β.
484 4049 541 4099 Vid.
565 4051 691 4116 Wyttenb.
706 4053 740 4101 ad
752 4051 874 4103 Phaedon.
891 4069 916 4118 p.
931 4051 989 4102 2l'l.

98 4133 131 4198 2)
151 4127 327 4214 Φρονήσιιιις
347 4127 536 4213 ἐπιθυμητής
554 4133 602 4193 καὶ
617 4129 757 4213 πόριμος,
775 4136 948 4218 φιλοσοφῶν
962 4130 1011 4196 daei
1025 4129 1134 4209 παντός
1147 4133 1200 4195 τοῦ
1216 4133 1291 4214 βίον.

62 4240 148 4305 Synep.
163 4234 221 4287 203.
244 4234 274 4286 D.

100 4320 132 4386 3)
152 4322 257 4372 Phaedr.
273 4320 331 4372 278.
348 4321 376 4372 D.
394 4320 432 4372 cl.
447 4321 518 4390 Apol.
529 4325 554 4373 S.
570 4321 611 4374 23.
627 4324 657 4375 Α.

99 4406 686 4476 nmmnmcnnmn.
