2796 5048
669 248 729 309 stt

84 417 219 481 discendi
247 415 389 496 cupidum
416 429 556 497 oportere.
577 449 612 462 -
631 415 805 475 Statuamus.
826 440 861 453 -
881 414 958 494 Ergo
983 414 1180 498 philosophus
1212 435 1240 481 et
1266 422 1312 482 ira-
1351 486 1353 493 ,

85 515 201 577 cundus
223 527 252 574 et
282 512 369 574 velox
389 527 418 573 et
438 512 573 573 robustus
591 513 694 573 naturi
713 513 787 590 erit,
807 512 859 593 qui
878 512 1010 573 civitatis
1026 528 1127 575 custos
1142 517 1265 598 optimus
1282 534 1313 580 est

85 615 212 675 iuturus.
232 635 267 648 -·
287 611 336 671 Sic
356 624 399 671 est
419 611 573 672 omnino.»
591 608 621 690 l)

123 711 213 771 Fictis
230 711 263 769 in
281 710 360 770 hunc
380 709 497 769 modum
517 711 643 790 optimae
663 708 792 769 civitatis
815 707 1007 783 custodibus,
1028 709 1172 791 optimam
1190 713 1227 772 iis
1243 713 1310 774 Plato

83 811 297 893 perfectumque
316 808 516 868 educationem
535 807 683 868 adhibuit.
724 805 761 867 Id
779 821 877 866 autem
896 807 1069 869 incredibili
1088 809 1192 870 studio
1209 833 1242 870 ac
1259 812 1311 872 dili·

84 909 182 990 gentih
201 909 320 988 peregit.
361 909 433 966 Nam
451 908 555 967 civitas
573 905 653 987 apud
671 926 737 966 eum
757 928 817 967 non
837 904 987 965 hominum
1005 920 1050 967 est
1069 909 1250 985 multitudo,
1269 931 1312 970 una

83 1017 118 1076 in
147 1013 219 1073 urbe
249 1015 441 1073 communiter
466 1012 646 1087 viventium,
667 1032 721 1071 nec
749 1032 819 1072 vero
846 1011 916 1071 urbs
942 1023 1004 1086 est,
1025 1010 1188 1072 moenibus
1217 1009 1312 1082 cincta,

84 1133 149 1173 arce
179 1113 311 1186 munita,
340 1110 481 1169 instructa
509 1109 669 1192 portubus,
696 1111 814 1191 templis
834 1109 962 1190 denique
990 1124 1021 1170 et
1039 1111 1192 1170 aediliciis
1208 1123 1311 1170 ornata:

82 1218 245 1270 civitae
272 1223 333 1284 est,
364 1216 480 1267 civium
509 1222 646 1268 constans
670 1208 771 1268 mutui
790 1209 1020 1284 coniunctione,
1049 1230 1182 1288 quorum
1200 1209 1314 1267 metiar

83 1309 239 1369 invalescit
258 1308 393 1388 vigetque
412 1308 546 1366 maxime.
588 1307 624 1365 In
643 1306 798 1366 condenda
818 1307 907 1386 igitur
924 1307 1065 1382 civitate,
1088 1320 1123 1366 ut
1143 1307 1313 1385 antiquorun

83 1406 194 1466 ferebat
222 1405 420 1486 legislatorum
448 1404 646 1481 consuetudo,
675 1425 767 1464 mores
797 1403 882 1463 unice
912 1405 1040 1485 respexit
1065 1406 1205 1464 civium:
1224 1404 1311 1463 rectiu

82 1517 178 1564 autem
204 1503 251 1563 his
270 1503 435 1583 prospicere
456 1524 516 1562 non
536 1516 667 1583 poterat,
687 1522 774 1581 quam
795 1501 936 1561 eximium
962 1503 995 1561 in
1014 1501 1140 1563 modum
1161 1501 1313 1563 excolendis

83 1602 138 1676 iis,
168 1602 219 1679 qui
248 1599 450 1675 lenitudinis,
480 1600 539 1660 imo
567 1621 636 1660 vero
661 1600 851 1660 humanitatis
880 1613 909 1659 et
940 1600 1076 1661 solertiae
1095 1602 1224 1661 caeteris
1241 1612 1313 1660 essen

84 1699 200 1760 civibus
220 1697 352 1778 exempla
372 1698 476 1758 futuri.
507 1699 608 1777 Itaque
627 1698 789 1776 antiquitus
806 1698 953 1778 Lycurgus
969 1712 1055 1778 atque
1077 1713 1150 1759 ante
1163 1699 1312 1780 ¹Lycurgum

82 1797 180 1859 Minos
203 1797 255 1857 has
283 1797 316 1856 in
344 1796 447 1877 primis
467 1797 543 1877 leges
564 1817 632 1856 suae
652 1811 770 1874 uterque
791 1797 905 1856 civitati
924 1795 1090 1871 dederant,
1112 1818 1193 1876 quae
1214 1796 1311 1857 caedem

83 1916 143 1954 esse
172 1897 296 1976 optimae
319 1893 492 1956 viderentur
520 1895 715 1954 institutionis
742 1915 877 1970 normae,
910 1895 1078 1974 laetumque
1098 1895 1142 1957 ita
1162 1897 1312 1970 fuerat,u

84 1992 254 2054 custodibus
280 1995 339 2053 suis
366 1994 468 2074 Sparta
494 2007 622 2067 tantam,
642 2005 781 2072 quantam
803 2006 887 2052 nacta
907 2007 966 2068 est,
987 1992 1113 2072 gloriam
1133 1992 1257 2054 deberet
1271 2013 1312 2052 me

83 2092 171 2151 xime.
214 2089 293 2166 Quid
312 2091 408 2151 dicam
428 2090 466 2150 de
485 2089 660 2150 Thebanis?
702 2088 790 2170 Apud
810 2111 883 2169 quos
903 2090 1005 2150 cohors
1023 2089 1077 2150 illa
1097 2112 1185 2151 sacra
1205 2092 1312 2166 exstitit,

81 2188 244 2267 juvenibus
272 2203 407 2249 constans
436 2189 680 2268 generosissimis,
708 2189 759 2267 qui
771 2234 779 2263 ,
810 2201 910 2248 mutuo
945 2208 1041 2247 amore
1070 2191 1249 2266 conjuncti,
1274 2208 1312 2269 prt

86 2288 181 2368 patria
208 2277 237 2346 et
255 2286 370 2346 civibus
389 2288 462 2345 mori
492 2307 578 2364 quam
596 2289 721 2367 turpiter
740 2288 840 2347 vivere
859 2286 1033 2346 maluerunt.
1086 2287 1207 2347 Horum
1225 2287 1313 2369 pariter

86 2383 215 2444 moribus
240 2382 358 2443 Thebae
378 2396 406 2440 et
426 2383 547 2463 gloriam
566 2405 646 2443 suam
665 2399 694 2444 et
712 2385 834 2444 salutem
850 2383 922 2444 adeo
939 2383 1096 2462 aliquoties
1115 2401 1266 2469 acceptam
1279 2405 1313 2444 te-

86 2481 226 2571 tulerunt.
269 2480 461 2555 Quamobrem
488 2481 588 2557 Plato,
608 2504 698 2561 quum
720 2483 869 2542 civitatem
897 2481 1019 2563 lingeret
1037 2484 1202 2564 perfectam
1214 2529 1223 2560 ,
1242 2503 1312 2564 quun

87 2579 141 2639 hoc
169 2579 336 2660 proposito,
367 2577 421 2637 hac
444 2600 494 2659 spe
514 2578 653 2658 fingeret,
685 2594 717 2640 ut
736 2601 803 2639 cum
824 2580 944 2640 caeteris
964 2580 1129 2641 virtutibus
1141 2589 1276 2658 justitie
1289 2581 1311 2637 in
1351 2592 1353 2649 ζ

85 2699 118 2736 ea
139 2691 249 2758 pateret
269 2675 419 2751 dilucide,
441 2677 486 2738 nil
517 2677 622 2737 habuit
648 2676 814 2756 antiquius,
835 2698 922 2756 quam
944 2691 976 2737 ut
995 2678 1134 2740 custodes
1154 2681 1184 2740 ei
1203 2695 1233 2741 et
1251 2678 1311 2760 opti·

85 2797 146 2835 mos
175 2797 190 2834 e
218 2776 338 2835 caeteris
365 2775 484 2854 eligeret
517 2788 546 2834 et
573 2777 700 2856 perfecte
737 2797 785 2836 eos
811 2780 864 2857 per
892 2777 1030 2836 musicam
1057 2790 1087 2835 et
1115 2779 1308 2860 gymnastican

88 2874 265 2933 informaret.

85 3026 91 3035 .
126 2972 190 3046 Quo
205 2973 266 3048 jam
284 2970 422 3052 deinceps
440 2970 520 3052 apud
539 2992 604 3030 eum
624 2971 754 3032 Socrates
778 2992 997 3055 progressurus,
1018 2971 1137 3032 civitati
1157 2994 1258 3034 reeens
1273 2992 1309 3031 na·

87 3081 132 3126 tae
156 3069 333 3130 excolendae
360 3068 574 3151 philosophiam
599 3070 695 3151 pulcri
721 3069 860 3146 adhibet,
882 3083 913 3129 ut
940 3090 992 3150 per
1018 3083 1116 3146 artes,
1136 3093 1214 3151 quae
1233 3069 1309 3154 pulcri

87 3185 211 3225 amorem
241 3166 274 3225 in
303 3166 400 3226 animo
430 3168 578 3243 excitant,
606 3169 639 3228 in
669 3168 770 3250 primis
800 3188 853 3250 per
880 3168 1038 3242 musicam,
1058 3170 1170 3229 artium
1198 3171 1308 3231 omniun

25 3334 27 3339 Ι
87 3264 173 3344 longe
190 3263 354 3345 principem
365 3310 374 3339 ,
395 3263 476 3323 hunc
503 3267 598 3345 ipsum
619 3266 714 3347 pulcri
735 3286 859 3325 amorem
879 3267 912 3325 in
931 3265 1103 3326 custodibus
1122 3269 1247 3337 excitet:
1267 3264 1308 3325 ad-

80 3362 429 3451 jicitqueggymnasticam
448 3362 590 3437 musicae,
611 3362 783 3424 vindicibus
803 3364 945 3438 civitatis,
968 3377 999 3422 ut
1017 3364 1107 3424 armis
1128 3386 1192 3425 eam
1212 3365 1308 3425 naviter

77 3470 289 3543 mpugnent,
310 3459 333 3519 si
356 3459 430 3539 quid
458 3459 557 3534 aliud,
579 3463 776 3521 necessariam.
827 3460 917 3520 Nobis
942 3459 1061 3540 quidem
1092 3461 1152 3521 illa·
1178 3463 1235 3524 hoc
1261 3462 1308 3522 loct

86 3579 144 3616 non
173 3579 248 3618 nova
276 3556 420 3621 accident.
462 3557 602 3639 Exposita
626 3560 687 3636 jam
707 3581 840 3639 magnam
858 3573 969 3639 partem
990 3572 1077 3635 sunt,
1098 3580 1192 3638 quum
1212 3563 1243 3621 in
1261 3562 1308 3641 ipsa

86 3654 271 3715 versabamur
289 3654 474 3737 philosophia
493 3656 609 3737 pulcri3
633 3671 824 3717 veruntamen
850 3657 996 3716 reminisci
1023 3677 1143 3738 eorum,
1163 3679 1237 3737 quae
1262 3672 1308 3717 tun

86 3752 123 3811 de
150 3752 261 3812 artibus
288 3755 469 3832 maximeque
496 3754 533 3813 de
561 3756 670 3815 musica
697 3755 879 3834 accepimus,
900 3754 949 3812 hic
971 3775 1031 3813 non
1051 3755 1202 3834 ingratum
1217 3756 1307 3816 fuerit:

86 3865 115 3909 et
145 3872 215 3912 vcro
241 3872 314 3930 quae
340 3867 402 3911 tum
420 3854 506 3912 unice
526 3853 563 3913 de
584 3852 781 3931 singularibus
798 3852 966 3912 hominibus
985 3851 1159 3914 excolendis
1176 3853 1308 3924 diximus,

87 3971 166 4009 nunc
184 3950 217 4008 in
242 3951 404 4010 universam
423 3952 571 4013 civitatem
590 3951 766 4032 applicaturi
793 3972 908 4010 sumus:
930 3952 1041 4030 eritque
1062 3950 1151 4012 nobis
1168 3954 1214 4015 vis
1231 3966 1307 4011 atten

85 4047 182 4108 denda
202 4048 374 4129 praecipue,
395 4070 481 4127 quarn
502 4048 539 4108 ad
557 4070 649 4108 mores
664 4050 774 4120 civium
795 4051 923 4130 integros
944 4049 1102 4110 servandos
1122 4065 1199 4112 artes
1216 4050 1307 4110 habere

1 4193 2 4205 ,
85 4145 256 4204 incivitate
277 4158 415 4225 oporteat.

120 4449 145 4516 1)
163 4454 201 4506 ue
214 4454 275 4523 rep.
294 4451 325 4506 11.
341 4451 401 4504 ars.
418 4452 449 4505 Α.
465 4477 501 4490 -
516 4450 575 4504 are.
598 4451 629 4503 c.
