2796 5048
681 267 739 327 493
786 356 791 364 Ι

83 436 172 496 nobis
202 433 240 492 ab
264 435 327 512 ipso
356 431 522 513 principio,
553 454 569 491 o
599 433 692 509 bone,
724 432 802 512 quod
829 436 1011 512 quaerimus,
1031 450 1099 495 ante
1118 438 1206 518 pedes
1224 438 1323 501 volvi-

82 549 152 607 tur,
186 552 239 590 nec
267 531 471 612 conspeximus
502 530 599 606 illud;
632 551 742 589 eramus
773 551 840 591 vero
869 553 929 591 non
958 535 1055 593 minus
1080 534 1216 611 ridiculi,
1236 560 1323 617 quam

82 632 136 710 qui
158 631 192 689 in
214 628 348 689 manibus
367 627 440 707 quid
458 627 617 702 habentes,
638 641 782 707 quaerunt
810 629 935 688 subinde
959 631 1037 709 quod
1058 631 1185 692 habent:
1208 635 1248 694 sic
1271 659 1325 696 nos

82 728 124 789 ad
154 727 234 787 illud
261 726 380 805 quidem
404 727 692 801 non-attendimus,
722 725 772 784 sed
800 727 903 805 procul
931 728 963 789 in
992 729 1050 788 alia
1081 733 1177 789 omnia
1197 747 1322 792 mentem

82 827 302 887 convertimus:
333 828 391 903 quo
415 823 501 883 facile
523 846 575 883 nos
595 824 690 884 latuit.
711 858 746 868 ·-
767 827 831 899 Quo
850 825 935 885 modo
957 827 1061 887 istud?
1082 859 1117 868 -
1137 831 1199 889 Hoc
1218 831 1320 891 modo:

82 923 223 985 videmur
250 923 322 982 mihi
347 922 478 993 dicentes
506 921 584 980 illud
607 924 669 999 jam
696 922 810 1004 pridem
842 937 869 982 et
898 923 1068 1001 audientes,
1098 925 1322 1008 haudquaquam

80 1010 343 1095 animadvertisse,
363 1019 395 1078 id
413 1041 465 1079 nos
485 1019 696 1098 quodammodo
716 1020 844 1082 dicere.»
870 1020 899 1100 l)

89 1182 94 1189 ,
125 1121 185 1179 Hic
205 1119 316 1179 Glauco
340 1142 354 1175 ιι
364 1112 500 1195 μακρόν,
529 1122 644 1200 inquit,
673 1109 709 1179 ad
731 1116 887 1198 προοίμιον
908 1120 952 1205 τῷ
973 1117 1170 1200 ἐπιθυμοῦντι
1191 1118 1322 1184 duodoni·

80 1221 210 1299 longum
238 1240 310 1277 ιααι
334 1228 519 1299 prooemium
550 1221 659 1278 andire
685 1229 855 1300 cupienti.»
906 1225 981 1282 Tum
1010 1222 1156 1299 Socrates,
1177 1224 1249 1307 quid
1265 1227 1321 1307 ipsi

79 1317 223 1379 videatur
246 1319 362 1394 justitia
390 1339 469 1392 esse,
499 1319 661 1378 accuratius
691 1321 822 1401 exponit.
868 1341 882 1373 ιι
892 1321 991 1398 Audi,
1022 1323 1138 1402 inquit,
1160 1346 1230 1384 num
1249 1325 1321 1404 quid

79 1413 201 1473 dicam:
230 1415 309 1494 quod
332 1417 410 1475 enim
440 1417 478 1476 ab
506 1416 593 1475 initio
620 1419 772 1476 statuimus
801 1439 1034 1499 unumquemque
1061 1441 1143 1500 agere
1172 1436 1321 1502 oportere,

79 1512 165 1573 illud
184 1527 245 1589 est,
267 1527 298 1572 ut
326 1515 399 1574 milri
431 1515 548 1575 videtur
568 1514 615 1574 vel
636 1515 723 1593 hujus
742 1516 850 1595 species
868 1517 1028 1594 quaedam,
1044 1518 1170 1596 justitia.
1210 1519 1321 1579 Statui-

78 1632 148 1671 mus
177 1625 293 1686 autem,
324 1627 353 1673 et
382 1615 513 1695 saepius,
545 1614 570 1672 si
591 1614 775 1686 memineris,
797 1613 943 1690 diximus,
965 1636 1199 1695 unumquemque
1219 1616 1322 1677 decere

79 1730 178 1769 unum
206 1710 280 1789 quid
309 1711 443 1771 factitare
471 1732 588 1785 eorum,
613 1732 686 1790 quae
714 1712 828 1769 civitati
857 1713 1044 1787 conducunt,
1066 1713 1103 1772 ad
1132 1713 1211 1790 quod
1229 1715 1322 1795 ipsius

80 1822 189 1868 natura
214 1823 286 1867 esset
312 1811 469 1891 aptissima.
491 1841 523 1850 -
545 1809 682 1869 Diximus
709 1808 813 1889 procul
841 1808 942 1870 dubio.
963 1811 1107 1888 -Atqui
1137 1829 1221 1868 suum
1238 1833 1320 1892 agere

78 1927 138 1965 nec
170 1895 250 1985 quo'd
276 1908 343 1971 aliis
371 1907 515 1989 agendum
543 1906 764 1981 est'affectare,
785 1908 929 1983 justitiam
958 1928 1035 1983 esse,
1067 1922 1094 1966 et
1121 1908 1175 1967 hoc
1200 1930 1265 1968 cum
1282 1910 1320 1969 ab

78 2004 151 2063 aliis
181 2005 280 2065 multis
300 2006 484 2081 audivimus,
515 2021 577 2066 tum
600 2006 657 2086 ipsi
682 2004 812 2064 diximus
831 2026 1043 2087 saepenumero.
1066 2027 1098 2036 -
1120 2008 1265 2068 Diximus.
1288 2054 1320 2064 -

79 2102 147 2161 Hoc
178 2104 277 2182 utique
308 2104 440 2179 videtur,
471 2106 581 2179 amice,
610 2125 675 2163 cum
705 2103 756 2177 fit,
782 2105 897 2181 justitia
926 2103 1137 2182 quodammodo
1161 2126 1239 2181 esse,
1270 2127 1321 2165 sua

78 2221 178 2280 agere.
218 2201 318 2262 Scisne
348 2217 460 2278 autem,
491 2203 570 2262 unde
599 2201 678 2261 illud
707 2204 886 2280 conjiciam?
907 2245 941 2254 -
962 2203 1165 2281 Nequaquam,
1184 2202 1235 2264 sed
1253 2205 1320 2278 dic,

80 2320 199 2378 quaeso.
225 2328 261 2346 -·
285 2301 378 2361 Δοκεῖ
400 2323 452 2379 μοι
484 2294 521 2362 ni
553 2294 714 2363 ὑπόλοιπον
744 2299 776 2361 ἐν
804 2302 846 2386 τῇ
866 2295 950 2363 πόλει
972 2291 1013 2362 ὦν
1043 2296 1232 2379 ἐσκέμμεθα,
1259 2323 1321 2363 σω-

81 2393 237 2482 φροσύνης
261 2401 309 2462 καὶ
336 2398 460 2485 α’νὸρίας
484 2402 533 2463 καὶ
561 2397 747 2484 φρονήσεως,
772 2402 861 2464 τοῦτο
887 2397 958 2464 εἶναι
980 2398 997 2464 ὃ
1018 2402 1107 2464 πᾶσιν
1128 2403 1245 2479 ἐκείναις
1265 2399 1322 2486 τήν

79 2496 212 2581 δύναμιν
231 2499 397 2589 παρέσχεν,
429 2497 505 2566 ὥστε
534 2500 708 2585 ἐγγενέσθαι
733 2504 782 2566 καὶ
804 2500 981 2586 ἐγγενόμενα
1000 2529 1032 2586 ye
1055 2505 1206 2590 σωτηρίαν
1226 2503 1321 2592 παρέ-

77 2627 162 2685 χειν,
184 2601 242 2680 ἕως
262 2602 299 2668 ἂν
320 2606 387 2692 ἐνῇ·
410 2614 533 2671 videtur
553 2610 632 2667 mihi
650 2610 727 2686 quod
745 2611 898 2686 reliquum
916 2618 961 2668 est
979 2618 1013 2666 in
1032 2617 1176 2686 civitate,
1193 2623 1322 2691 praeter

76 2710 158 2782 illo,
180 2731 255 2787 quae
272 2713 548 2784 consideravimus,
577 2713 831 2785 temperantiam,
852 2709 1097 2783 fortitudinem,
1119 2718 1319 2787 sapientiam,

77 2808 134 2867 hoe
153 2829 232 2882 asae,
252 2812 330 2886 quod
344 2813 479 2869 omnibus
495 2810 561 2867 illie
580 2815 642 2865 vim
659 2808 835 2885 praeberet,
858 2815 893 2863 nt
910 2814 1149 2865 innascerentur
1162 2818 1192 2866 at
1209 2815 1320 2868 innato

77 2908 212 2965 solutam
233 2908 405 2984 offerrent,
426 2911 514 2967 donec
532 2915 701 2965 inessent.»
723 2904 754 2983 2)
1314 2976 1318 2982 ι

54 2993 57 3003 ’
120 3005 161 3064 Et
190 3006 231 3064 sio
261 3007 380 3085 quidem
409 3007 537 3067 Socrates
555 3005 592 3064 ad
613 2995 701 3064 linem
720 3004 817 3063 tendit
833 3003 1045 3085 disquisitionis
1063 3025 1129 3063 cum
1147 3004 1184 3064 de
1201 3005 1321 3065 civitate

79 3103 230 3185 perfecta,
252 3117 314 3163 tum
335 3105 371 3164 de
389 3105 512 3182 justitia.
559 3104 594 3163 ln
621 3103 727 3182 quibus
743 3104 857 3179 justitia
883 3117 914 3162 ut
934 3104 1027 3164 virtus
1047 3125 1154 3163 summa
1174 3104 1320 3179 civitatis,

76 3203 140 3261 imo
171 3215 203 3261 ut
232 3203 294 3285 ipsa
324 3205 453 3265 civitatis
480 3204 625 3284 perfectae
653 3196 740 3260 orinia
769 3202 950 3283 proponitur.
992 3202 1190 3263 Veruntamen
1207 3202 1319 3281 quoda

77 3299 233 3361 Simonide
266 3303 336 3362 inde
364 3323 475 3382 semper
498 3303 630 3380 justitiae
653 3304 832 3383 adscriptum
859 3315 917 3376 est,
950 3315 981 3360 ut
1010 3323 1093 3360 suum
1121 3302 1225 3379 cuique
1254 3300 1321 3378 quis

76 3399 213 3474 tribuat,
235 3423 294 3460 non
314 3400 436 3481 negligit
456 3400 533 3460 illud
555 3400 694 3461 Socrates.
739 3399 922 3460 «Considera
944 3413 1109 3479 praeterea,
1131 3399 1247 3477 inquit,
1265 3395 1319 3454 hac

76 3500 211 3573 ratione,
234 3521 304 3558 num
329 3500 385 3560 tibi
414 3501 455 3559 sic
484 3498 628 3559 videatur.
671 3503 718 3558 An
745 3498 930 3579 principibus
954 3497 986 3555 in
1010 3498 1128 3556 civitate
1147 3493 1321 3583 mandabis,

76 3610 113 3656 ut
138 3599 217 3674 juste
246 3600 419 3658 sententiam
450 3600 570 3658 ferant?
598 3625 635 3636 -
662 3596 798 3671 Quidni?
820 3621 855 3630 ··
874 3594 1094 3654 Judicahuntne
1121 3605 1216 3651 autem
1245 3591 1322 3650 alius

74 3680 251 3775 cujusqiram
282 3697 325 3756 rei
351 3698 432 3758 avidi
462 3696 571 3776 magiS,
592 3716 677 3773 quam
706 3694 794 3769 hujus
814 3692 924 3773 ipsius,
946 3706 977 3750 ut
992 3690 1100 3771 singuli
1121 3712 1215 3771 neque
1236 3712 1321 3750 usur-

74 3807 154 3877 pent
180 3795 279 3855 aliena
309 3817 402 3874 neque
433 3797 492 3856 suis
521 3795 701 3876 priventur?
722 3792 843 3850 -Non
864 3810 942 3849 sanc.
974 3814 1009 3825 ··
1034 3791 1124 3864 Quasi
1144 3811 1248 3873 nempe
1265 3789 1321 3848 hoc

76 3895 119 3954 sit
135 3895 272 3970 justum?
293 3927 329 3936 -
348 3895 485 3954 Omnino.
508 3886 540 3931 -’
562 3893 601 3951 Et
619 3892 673 3952 hac
699 3910 812 3971 quoque
837 3889 948 3947 ratione
975 3891 1131 3964 asseritur,
1152 3890 1196 3948 sui
1216 3890 1322 3966 cuique

74 4005 109 4053 et
148 3994 258 4073 proprii
288 3993 384 4072 operis
420 3993 622 4072 possessionem
655 3991 853 4067 actionemque
883 4008 941 4046 esse
964 3987 1117 4065 justitiam.
1147 4014 1182 4024 -
1212 3987 1321 4045 Asseri-

74 4104 157 4150 tur.»
182 4089 214 4169 3)

118 4318 144 4379 l)
164 4319 201 4369 De
219 4319 279 4387 liep.
298 4317 340 4368 lv.
359 4315 417 4369 432.
437 4315 467 4367 B.
485 4343 520 4353 -
538 4316 567 4368 E.

118 4404 146 4455 2?
166 4407 227 4455 an.
246 4403 304 4454 432.
324 4404 354 4454 Ε.
374 4430 408 4439 -
425 4401 484 4454 433.
504 4402 534 4452 B.
621 4397 625 4404 ’

97 4487 145 4561 a
163 4490 225 4543 Eod.
243 4486 302 4542 433.
321 4488 352 4539 E.
