2796 5048
86 108 177 190 pergit
192 106 340 182 Socrates,
360 104 429 167 buic
448 104 561 167 civitati
577 107 718 185 similem,
737 107 971 172 describendum.
1012 112 1103 195 Quem
1119 130 1191 172 sane
1209 111 1304 171 locum

83 206 223 275 tuentius
239 204 359 287 legisse,
379 205 404 266 si
427 205 549 265 interius
567 206 716 287 explorare
736 206 826 267 animi
850 206 970 269 humani
988 208 1239 291 ‘cupiditatumque
1260 230 1303 269 ra·

83 304 194 365 tionem
214 303 356 379 velimus,
377 316 437 363 non
458 302 579 383 pigebit
1090 312 1093 317 “

123 402 172 463 Sic
200 402 289 483 igitur
315 401 407 484 pergit
437 398 584 462 Socrates'
618 422 633 455 t
643 402 720 465 Vide
745 413 824 481 jam,
854 403 968 482 inquit,
999 404 1064 482 quis
1091 404 1157 464 talis
1186 405 1233 466 uir
1251 406 1304 464 sit:

79 499 132 562 vel
160 502 303 582 primum,
331 500 428 582 prouti
456 499 488 559 in
516 500 665 581 republica
685 501 829 579 jecimus,
849 501 1082 582 investigandum
1103 516 1162 578 est,
1183 523 1307 582 quonam

77 612 168 682 pacto
181 600 319 660 exsistat.
360 598 450 660 Avari
477 611 561 677 atque
581 599 748 680 oligarchici
766 598 855 681 patris
874 599 954 660 filius
972 600 1097 681 primum
1116 600 1234 679 quidem
1253 623 1306 661 cu-

76 697 221 780 piditates
239 697 400 772 coercebit,
421 716 492 776 quae
511 718 570 756 non
589 699 763 758 necessariae
789 712 857 758 sunt
867 744 876 773 ,
897 719 953 778 quo
970 699 1060 778 magis
1076 720 1143 780 opes
1161 699 1305 760 cumulet:
1349 754 1350 759 ,

75 794 161 857 idem
190 816 278 872 vern,
309 795 378 870 ubi,
407 816 492 876 parca
519 815 551 854 ac
577 794 645 854 rudi
674 797 785 857 ratione
814 795 969 872 educatus,
995 797 1118 857 aliorum
1145 796 1308 878 voluptates

77 894 288 974 luxuriemque
317 892 465 953 attendere
492 914 524 952 ac
542 891 691 973 degustare
711 895 855 976 coeperit,
875 893 964 954 facile
982 907 1058 955 totus
1076 893 1305 956 commutabitur.
1363 940 1366 944 .

77 992 233 1055 Continuo
262 991 434 1073 repugnabit
461 992 522 1073 ipse
540 990 669 1068 sibimet,
690 1015 779 1072 quum
792 993 850 1054 alio
869 1007 995 1074 ternpore
1014 994 1121 1074 patris,
1142 993 1200 1053 alio
1220 992 1304 1053 luxu·

76 1094 224 1155 riosorum
241 1090 391 1150 hominum
411 1091 472 1151 sita
491 1111 556 1150 eum
574 1103 688 1151 teneat:
710 1105 771 1152 tum
786 1114 854 1155 vero
864 1138 873 1170 ,
902 1091 1093 1151 subeuntibus
1118 1078 1308 1153 adolescentis

76 1190 232 1264 animum,
264 1187 364 1248 rudem
389 1189 476 1270 plane
505 1202 533 1248 et
561 1188 693 1250 doctrina
723 1212 864 1268 vacuum,
895 1189 988 1249 nullis
1008 1212 1068 1250 non
1090 1189 1307 1271 voluptatibus,

75 1286 258 1369 cupiditates
276 1285 400 1347 tandem
428 1281 587 1366 κατέλαβον
616 1281 672 1370 τήν
700 1287 755 1370 τῆς
776 1287 882 1372 ψυχῆς
910 1281 1082 1371 ἀκρόπολιν,
1114 1279 1215 1349 arcein
1240 1290 1307 1347 illic

76 1391 224 1473 ceperint.
265 1388 375 1466 Quodsi
405 1392 442 1451 ab
466 1393 564 1453 amicis
592 1389 759 1452 subsidium·
772 1391 895 1454 subinde
913 1393 1033 1473 aliquod
1050 1394 1194 1455 laboranti
1211 1393 1307 1452 animo
1348 1393 1353 1403 “

60 1489 287 1577 ¹submittatur,
314 1485 475 1565 κλείσαντες
501 1488 529 1552 ol
556 1482 694 1564 ἀλαζόνες
721 1482 802 1569 λόγον
823 1485 877 1565 ταὶς
896 1492 951 1553 τοῦ
957 1503 960 1507 ’
971 1492 1120 1573 βασιλααῦ
1139 1488 1256 1572 τείχους
1276 1489 1308 1551 ἐν

75 1582 167 1674 αὐτῷ
186 1579 295 1663 πύλαςι
317 1597 459 1669 superbae
476 1595 703 1673 petulanterque
724 1601 873 1671 rationes,
898 1597 1011 1656 claustr
1031 1604 1111 1678 rcgr'i
1128 1604 1210 1654 icoo
1224 1601 1309 1653 mutt'

71 1698 200 1772 portic,
231 1711 324 1771 neque
355 1691 517 1752 subsidium
545 1692 702 1754 admittunt
730 1712 823 1771 neque
849 1692 974 1774 legatos,
1004 1696 1182 1776 privatorum
1208 1713 1308 1752 senum

76 1788 211 1865 monita,
232 1790 401 1870 excipiunt,
422 1779 473 1850 sed
500 1791 578 1872 ipsae
602 1788 712 1872 proelio
730 1804 883 1871 superant:
905 1806 934 1853 et
960 1792 1099 1875 pudorem
1128 1791 1245 1872 quidem
1260 1811 1306 1871 ap-

80 1888 228 1970 pellantes
245 1890 441 1948 stoliditatem
451 1875 469 1964 ,¹
481 1889 514 1949 in
531 1890 666 1950 exsilium
685 1887 803 1949 mittunt
814 1891 1049 1972 ,temperantiam
1066 1911 1135 1951 vero
1153 1896 1309 1970 ignaviam

84 1984 267 2067 appellantes
292 1987 544 2066 conviciantesque
566 1988 702 2066 ejiciunt,
732 1986 899 2047 modestiam
926 1981 1039 2069 quoque
1066 1990 1099 2049 in
1126 1987 1253 2048 moribus
1280 1999 1309 2046 et

80 2084 118 2144 in
153 2084 293 2159 sumtibus
330 2083 568 2160 moderationem,
598 2097 734 2163 tanquam
759 2095 965 2148 rusticitatem
995 2102 1024 2148 et
1049 2089 1307 2163 illiberalitotcm,

78 2182 201 2266 penitus
229 2182 408 2244 detestantur
438 2204 471 2242 ac
501 2184 620 2263 fugant:
642 2184 719 2262 ipsae
746 2203 810 2243 vero
838 2205 903 2243 cum
922 2186 1013 2245 nullis
1031 2207 1091 2246 non
1108 2186 1243 2246 futilibus
1260 2206 1307 2244 cu·

76 2281 257 2365 piditatibus
284 2282 477 2345 invalescunt.
520 2283 593 2342 'Post
619 2280 689 2340 hacc
717 2281 926 2361 petulantiam,
957 2284 1123 2360 licentiam,
1153 2281 1307 2364 prodigali-

75 2394 190 2456 tatem,
230 2379 439 2461 impudentiam
480 2381 592 2462 ingenti
622 2378 736 2441 catervi
763 2388 910 2440 coronatas
930 2366 1107 2457 deducunt,
1137 2381 1309 2440 extollentes

75 2480 150 2541 illas
178 2479 461 2561 applaudentesqne:
492 2478 682 2560 petulantiam
714 2485 879 2558 ingenuom
906 2466 1130 2556 educationem,
1160 2479 1307 2539 licentiam

76 2581 272 2652 libertatem,
299 2578 528 2658 prodigalitatem
555 2579 828 2658 niagnificctrta'cm,
858 2577 1068 2660 impudentiam
1086 2579 1307 2655 fortitudinem

76 2688 227 2739 vocantes.
268 2675 315 2736 Sic
343 2677 447 2739 transit
470 2674 587 2754 juvenis
605 2675 644 2735 ad
663 2675 830 2737 dissolutam
850 2697 966 2757 prorsus
987 2675 1151 2753 licentiam,
1172 2690 1200 2736 et
1218 2677 1307 2739 vitam

77 2775 142 2856 agit
162 2773 230 2833 buic
251 2794 361 2835 morum
380 2774 533 2835 mutationi
552 2787 781 2834 consentaneam.
793 2797 809 2830 u
834 2771 863 2854 l)

123 2870 210 2949 Quod
236 2871 382 2948 diximus,
402 2871 525 2932 ethicam
553 2872 669 2954 proprie
687 2871 829 2931 contineri
848 2872 966 2932 Potitio
984 2874 1133 2950 Platonis,
1153 2874 1240 2934 talem
1258 2894 1306 2932 au·

77 2987 141 3034 tem
171 2971 251 3030 illam
280 2992 338 3030 esse
348 3017 357 3048 ,
378 2971 472 3051 qualis
497 2971 577 3053 apud
594 2971 666 3031 alios
685 2970 872 3053 philosophos
889 2971 969 3034 baud
987 2972 1073 3033 facile
1091 2974 1235 3055 reperias,
1256 2970 1307 3047 id,

79 3072 115 3133 ni
147 3070 251 3146 fallor,
273 3067 403 3149 legendis
428 3069 474 3130 his
500 3070 634 3131 omnibus
652 3071 803 3149 animoque
822 3069 1000 3144 recolendis,
1023 3072 1203 3132 verissimum
1223 3068 1308 3129 nobis

80 3168 244 3232 videbitur.
286 3169 358 3242 Quis
378 3168 455 3228 enim
474 3187 600 3246 uuquam
630 3167 751 3226 similem
775 3168 808 3226 in
828 3167 942 3226 modum
960 3167 999 3226 ad
1017 3168 1166 3229 civitatum
1184 3165 1307 3248 effigiem

79 3288 176 3330 mores
201 3265 327 3326 hominis
355 3266 474 3344 exegit?
515 3263 563 3324 Sic
593 3277 687 3335 autem
710 3265 802 3323 effecit
825 3264 896 3337 ille,
918 3277 969 3338 ut,
989 3263 1067 3344 quod
1093 3265 1126 3324 in
1141 3266 1309 3329 civitatibus

79 3367 227 3446 corruptis
254 3365 382 3424 omnium
413 3365 445 3424 in
469 3364 568 3424 oculos
596 3364 739 3438 incurrit,
768 3362 845 3423 idem
871 3365 904 3423 in
924 3364 1020 3423 animo
1037 3364 1180 3442 bominis,
1201 3367 1256 3426 ubi<
1270 3366 1307 3426 ad

80 3462 209 3549 pejorem
230 3463 425 3523 conditionem
444 3462 567 3522 inclinat
586 3483 618 3522 ac
636 3483 744 3543 pronus
759 3461 865 3522 deinde
883 3469 1072 3544 praecepsque
1094 3466 1222 3546 proruit,
1243 3464 1309 3523 lnce

80 3564 192 3626 clarius
212 3554 482 3622 animadvertamus.
523 3561 627 3636 Mitto,
649 3560 808 3640 dequibus
827 3563 887 3639 jam
905 3562 1023 3636 monui,
1043 3564 1099 3622 tria
1119 3564 1171 3623 illa
1191 3565 1223 3623 in
1242 3563 1308 3621 ani-

79 3684 130 3724 mo
155 3661 299 3737 hominis,
331 3653 368 3719 td
389 3653 564 3740 λαγιστικδν,
586 3656 747 3738 θυμοειδὲς
768 3673 796 3719 et
817 3653 1048 3742 ἐπιθυμητικόν
1069 3682 1189 3741 quorum
1210 3663 1242 3720 in
1260 3682 1307 3741 op·

80 3764 155 3825 timo
180 3761 243 3821 viro
272 3781 441 3822 consensum
469 3776 497 3822 et
526 3763 558 3822 in
587 3777 720 3844 corrupto
749 3762 907 3824 dissensum
935 3785 968 3823 ac
995 3762 1087 3824 veluti
1116 3759 1256 3819 tumultus
1280 3772 1308 3818 et

82 3860 258 3935 seditiones,
279 3859 335 3919 nisi
364 3861 513 3922 civitatum
539 3859 670 3922 adhibita
696 3862 808 3944 specie,
829 3874 908 3923 tanta
929 3862 1013 3921 nobis
1031 3859 1235 3942 perspicuitate
1253 3855 1308 3916 do-

81 4052 337 4075 -r-----·-

120 4153 146 4219 t)
164 4156 201 4209 ne
218 4157 279 4225 ιαμ.
296 4158 356 4210 uu.
378 4156 435 4210 sss.
455 4157 483 4209 c.
501 4181 534 4195 -
553 4148 610 4208 sor.
629 4157 659 4209 a,
