<?xml version="1.0" encoding="UTF-8"?>
<!DOCTYPE html PUBLIC "-//W3C//DTD XHTML 1.0 Transitional//EN"
    "http://www.w3.org/TR/xhtml1/DTD/xhtml1-transitional.dtd">
<html xmlns="http://www.w3.org/1999/xhtml" xml:lang="en" lang="en">
 <head>
  <title>
</title>
<meta http-equiv="Content-Type" content="text/html;charset=utf-8" />
  <meta name='ocr-system' content='tesseract 3.04.00' />
  <meta name='ocr-capabilities' content='ocr_page ocr_carea ocr_par ocr_line ocrx_word'/>
</head>
<body>
  <div class='ocr_page' id='page_1' title='image "./initiaphilosoph00heusgoog_0584.png"; bbox 0 0 2796 5048; ppageno 0'>
   <div class='ocr_carea' id='block_1_1' title="bbox 665 283 829 344">
    <p class='ocr_par' dir='ltr' id='par_1_1' title="bbox 665 283 829 344">
     <span class='ocr_line' id='line_1_1' title="bbox 665 283 829 344; baseline 0 -1"><span class='ocrx_word' id='word_1_1' title='bbox 665 283 723 344; x_wconf 82' lang='lat' dir='ltr'>5t5</span> <span class='ocrx_word' id='word_1_2' title='bbox 825 317 829 324; x_wconf 90' lang='lat'><em>·</em></span> 
     </span>
    </p>
   </div>
   <div class='ocr_carea' id='block_1_2' title="bbox 76 450 1310 630">
    <p class='ocr_par' dir='ltr' id='par_1_2' title="bbox 76 450 1310 630">
     <span class='ocr_line' id='line_1_2' title="bbox 77 450 1310 557; baseline 0.002 -47"><span class='ocrx_word' id='word_1_3' title='bbox 77 452 176 512; x_wconf 87' lang='lat' dir='ltr'>heudo</span> <span class='ocrx_word' id='word_1_4' title='bbox 205 450 339 532; x_wconf 82' lang='lat' dir='ltr'><strong>prodesse</strong></span> <span class='ocrx_word' id='word_1_5' title='bbox 366 451 451 510; x_wconf 90' lang='lat' dir='ltr'>aetati</span> <span class='ocrx_word' id='word_1_6' title='bbox 487 465 617 537; x_wconf 87' lang='lat' dir='ltr'>nostrae,</span> <span class='ocrx_word' id='word_1_7' title='bbox 648 450 877 557; x_wconf 77' lang='lat' dir='ltr'>gravissimisque</span> <span class='ocrx_word' id='word_1_8' title='bbox 908 453 969 528; x_wconf 86' lang='lat' dir='ltr'>ejus</span> <span class='ocrx_word' id='word_1_9' title='bbox 994 451 1101 510; x_wconf 76' lang='lat' dir='ltr'>caussis</span> <span class='ocrx_word' id='word_1_10' title='bbox 1129 453 1310 535; x_wconf 87' lang='lat' dir='ltr'>prospicere,</span> 
     </span>
     <span class='ocr_line' id='line_1_3' title="bbox 76 547 626 630; baseline 0 -22"><span class='ocrx_word' id='word_1_11' title='bbox 76 551 173 630; x_wconf 85' lang='lat' dir='ltr'>quoad</span> <span class='ocrx_word' id='word_1_12' title='bbox 193 553 256 628; x_wconf 90' lang='lat' dir='ltr'>ejus</span> <span class='ocrx_word' id='word_1_13' title='bbox 276 547 338 607; x_wconf 83' lang='lat' dir='ltr'>steri</span> <span class='ocrx_word' id='word_1_14' title='bbox 360 562 472 630; x_wconf 91' lang='lat' dir='ltr'>potest,</span> <span class='ocrx_word' id='word_1_15' title='bbox 489 549 626 609; x_wconf 84' lang='lat' dir='ltr'>nitamur.</span> 
     </span>
    </p>
   </div>
   <div class='ocr_carea' id='block_1_3' title="bbox 88 744 1280 923">
    <p class='ocr_par' dir='ltr' id='par_1_3' title="bbox 88 744 1280 923">
     <span class='ocr_line' id='line_1_4' title="bbox 88 744 1280 823; baseline 0 -17"><span class='ocrx_word' id='word_1_16' title='bbox 88 746 395 823; x_wconf 64' lang='lat' dir='ltr'>Philosophia</span> <span class='ocrx_word' id='word_1_17' title='bbox 424 753 567 806; x_wconf 78' lang='lat' dir='ltr'>sancti</span> <span class='ocrx_word' id='word_1_18' title='bbox 600 747 841 822; x_wconf 76' lang='lat' dir='ltr'>divinique,</span> <span class='ocrx_word' id='word_1_19' title='bbox 868 744 913 803; x_wconf 73' lang='lat' dir='ltr'>ut</span> <span class='ocrx_word' id='word_1_20' title='bbox 938 745 1280 823; x_wconf 76' lang='lat' dir='ltr'>opodPlotenem</span> 
     </span>
     <span class='ocr_line' id='line_1_5' title="bbox 410 850 869 923; baseline 0.002 -21"><span class='ocrx_word' id='word_1_21' title='bbox 410 862 412 871; x_wconf 91' lang='grc'><strong><em>·</em></strong></span> <span class='ocrx_word' id='word_1_22' title='bbox 501 853 604 919; x_wconf 74' lang='lat' dir='ltr'>eet,</span> <span class='ocrx_word' id='word_1_23' title='bbox 630 850 869 923; x_wconf 81' lang='lat' dir='ltr'>principie.</span> 
     </span>
    </p>
   </div>
   <div class='ocr_carea' id='block_1_4' title="bbox 41 1011 1378 4085">
    <p class='ocr_par' dir='ltr' id='par_1_4' title="bbox 41 1011 1378 4085">
     <span class='ocr_line' id='line_1_6' title="bbox 119 1011 1312 1124; baseline -0.001 -21"><span class='ocrx_word' id='word_1_24' title='bbox 119 1011 311 1103; x_wconf 73' lang='lat' dir='ltr'>Escendimus</span> <span class='ocrx_word' id='word_1_25' title='bbox 329 1039 368 1101; x_wconf 89' lang='lat' dir='ltr'>ad</span> <span class='ocrx_word' id='word_1_26' title='bbox 388 1042 533 1122; x_wconf 75' lang='lat' dir='ltr'>fastigium</span> <span class='ocrx_word' id='word_1_27' title='bbox 554 1041 704 1101; x_wconf 89' lang='lat' dir='ltr'>doctrinae</span> <span class='ocrx_word' id='word_1_28' title='bbox 724 1026 898 1101; x_wconf 80' lang='lat' dir='ltr'>Platonicae.</span> <span class='ocrx_word' id='word_1_29' title='bbox 940 1039 1030 1115; x_wconf 87' lang='lat' dir='ltr'>Nam,</span> <span class='ocrx_word' id='word_1_30' title='bbox 1051 1054 1082 1103; x_wconf 89' lang='lat' dir='ltr'>ut</span> <span class='ocrx_word' id='word_1_31' title='bbox 1101 1039 1197 1122; x_wconf 86' lang='lat' dir='ltr'>pulcri</span> <span class='ocrx_word' id='word_1_32' title='bbox 1209 1026 1312 1124; x_wconf 89' lang='lat' dir='ltr'>philo·</span> 
     </span>
     <span class='ocr_line' id='line_1_7' title="bbox 76 1136 1313 1223; baseline -0.001 -21"><span class='ocrx_word' id='word_1_33' title='bbox 76 1141 179 1223; x_wconf 85' lang='lat' dir='ltr'>sophia</span> <span class='ocrx_word' id='word_1_34' title='bbox 209 1139 296 1199; x_wconf 88' lang='lat' dir='ltr'>nobis</span> <span class='ocrx_word' id='word_1_35' title='bbox 324 1140 460 1200; x_wconf 83' lang='lat' dir='ltr'>introitus</span> <span class='ocrx_word' id='word_1_36' title='bbox 487 1141 562 1216; x_wconf 82' lang='lat' dir='ltr'>suit,</span> <span class='ocrx_word' id='word_1_37' title='bbox 582 1161 640 1219; x_wconf 91' lang='lat' dir='ltr'>quo</span> <span class='ocrx_word' id='word_1_38' title='bbox 657 1137 758 1198; x_wconf 83' lang='lat' dir='ltr'>aditus</span> <span class='ocrx_word' id='word_1_39' title='bbox 773 1136 972 1199; x_wconf 84' lang='lat' dir='ltr'>recluderetur</span> <span class='ocrx_word' id='word_1_40' title='bbox 990 1136 1028 1198; x_wconf 87' lang='lat' dir='ltr'>ad</span> <span class='ocrx_word' id='word_1_41' title='bbox 1045 1136 1164 1220; x_wconf 85' lang='lat' dir='ltr'>regrlum</span> <span class='ocrx_word' id='word_1_42' title='bbox 1185 1141 1313 1202; x_wconf 85' lang='lat' dir='ltr'>veritatis</span> 
     </span>
     <span class='ocr_line' id='line_1_8' title="bbox 77 1235 1314 1320; baseline -0.002 -19"><span class='ocrx_word' id='word_1_43' title='bbox 77 1262 111 1301; x_wconf 90' lang='lat' dir='ltr'>ac</span> <span class='ocrx_word' id='word_1_44' title='bbox 139 1239 274 1312; x_wconf 87' lang='lat' dir='ltr'>virtutis,</span> <span class='ocrx_word' id='word_1_45' title='bbox 302 1238 342 1296; x_wconf 83' lang='lat' dir='ltr'>ita</span> <span class='ocrx_word' id='word_1_46' title='bbox 358 1260 472 1314; x_wconf 86' lang='lat' dir='ltr'>¹nunc,</span> <span class='ocrx_word' id='word_1_47' title='bbox 493 1253 675 1320; x_wconf 81' lang='lat' dir='ltr'>posteaquam</span> <span class='ocrx_word' id='word_1_48' title='bbox 695 1237 728 1296; x_wconf 91' lang='lat' dir='ltr'>in</span> <span class='ocrx_word' id='word_1_49' title='bbox 747 1235 810 1295; x_wconf 88' lang='lat' dir='ltr'>veri</span> <span class='ocrx_word' id='word_1_50' title='bbox 827 1237 955 1316; x_wconf 90' lang='lat' dir='ltr'>justique</span> <span class='ocrx_word' id='word_1_51' title='bbox 976 1237 1158 1319; x_wconf 85' lang='lat' dir='ltr'>philosophia</span> <span class='ocrx_word' id='word_1_52' title='bbox 1177 1239 1263 1315; x_wconf 90' lang='lat' dir='ltr'>satis,</span> <span class='ocrx_word' id='word_1_53' title='bbox 1282 1254 1314 1300; x_wconf 93' lang='lat' dir='ltr'>ut</span> 
     </span>
     <span class='ocr_line' id='line_1_9' title="bbox 77 1333 1314 1418; baseline -0.001 -19"><span class='ocrx_word' id='word_1_54' title='bbox 77 1341 215 1410; x_wconf 84' lang='lat' dir='ltr'>ridetur,</span> <span class='ocrx_word' id='word_1_55' title='bbox 244 1335 312 1410; x_wconf 89' lang='lat' dir='ltr'>diu,</span> <span class='ocrx_word' id='word_1_56' title='bbox 341 1336 379 1396; x_wconf 92' lang='lat' dir='ltr'>ad</span> <span class='ocrx_word' id='word_1_57' title='bbox 406 1358 467 1396; x_wconf 91' lang='lat' dir='ltr'>eam</span> <span class='ocrx_word' id='word_1_58' title='bbox 496 1352 573 1398; x_wconf 90' lang='lat' dir='ltr'>recte</span> <span class='ocrx_word' id='word_1_59' title='bbox 599 1333 845 1418; x_wconf 80' lang='lat' dir='ltr'>percipiendam,</span> <span class='ocrx_word' id='word_1_60' title='bbox 866 1335 972 1395; x_wconf 84' lang='lat' dir='ltr'>versati</span> <span class='ocrx_word' id='word_1_61' title='bbox 996 1356 1108 1413; x_wconf 91' lang='lat' dir='ltr'>sumus,</span> <span class='ocrx_word' id='word_1_62' title='bbox 1137 1335 1208 1397; x_wconf 83' lang='lat' dir='ltr'>h&#39;iuc</span> <span class='ocrx_word' id='word_1_63' title='bbox 1229 1338 1314 1398; x_wconf 88' lang='lat' dir='ltr'>nohis</span> 
     </span>
     <span class='ocr_line' id='line_1_10' title="bbox 75 1427 1314 1514; baseline -0.002 -15"><span class='ocrx_word' id='word_1_64' title='bbox 75 1436 199 1500; x_wconf 86' lang='lat' dir='ltr'>tandem·</span> <span class='ocrx_word' id='word_1_65' title='bbox 213 1434 251 1494; x_wconf 89' lang='lat' dir='ltr'>ad</span> <span class='ocrx_word' id='word_1_66' title='bbox 272 1435 445 1494; x_wconf 81' lang='lat' dir='ltr'>initiationis</span> <span class='ocrx_word' id='word_1_67' title='bbox 464 1436 553 1514; x_wconf 86' lang='lat' dir='ltr'>hujus</span> <span class='ocrx_word' id='word_1_68' title='bbox 572 1449 685 1496; x_wconf 87' lang='lat' dir='ltr'>nostrae</span> <span class='ocrx_word' id='word_1_69' title='bbox 709 1427 746 1494; x_wconf 82' lang='lat' dir='ltr'>roi</span> <span class='ocrx_word' id='word_1_70' title='bbox 763 1427 848 1493; x_wconf 71' lang='lat' dir='ltr'>adiro</span> <span class='ocrx_word' id='word_1_71' title='bbox 865 1431 914 1494; x_wconf 80' lang='grc' dir='ltr'>καὶ</span> <span class='ocrx_word' id='word_1_72' title='bbox 939 1427 1079 1494; x_wconf 76' lang='grc' dir='ltr'>ἐποπτικὰ</span> <span class='ocrx_word' id='word_1_73' title='bbox 1099 1435 1314 1498; x_wconf 78' lang='lat' dir='ltr'>ascendendum</span> 
     </span>
     <span class='ocr_line' id='line_1_11' title="bbox 41 1516 1378 1620; baseline -0.002 -23"><span class='ocrx_word' id='word_1_74' title='bbox 41 1616 45 1620; x_wconf 20' lang='grc' dir='ltr'>ι</span> <span class='ocrx_word' id='word_1_75' title='bbox 76 1550 131 1597; x_wconf 87' lang='lat' dir='ltr'>cet.</span> <span class='ocrx_word' id='word_1_76' title='bbox 174 1535 233 1594; x_wconf 87' lang='lat' dir='ltr'>Nec</span> <span class='ocrx_word' id='word_1_77' title='bbox 257 1546 353 1593; x_wconf 85' lang='lat' dir='ltr'>tamen</span> <span class='ocrx_word' id='word_1_78' title='bbox 372 1533 412 1592; x_wconf 90' lang='lat' dir='ltr'>sic</span> <span class='ocrx_word' id='word_1_79' title='bbox 433 1535 597 1594; x_wconf 85' lang='lat' dir='ltr'>existimare</span> <span class='ocrx_word' id='word_1_80' title='bbox 615 1556 668 1595; x_wconf 93' lang='lat' dir='ltr'>nos</span> <span class='ocrx_word' id='word_1_81' title='bbox 689 1536 788 1612; x_wconf 90' lang='lat' dir='ltr'>decet,</span> <span class='ocrx_word' id='word_1_82' title='bbox 810 1536 891 1614; x_wconf 89' lang='lat' dir='ltr'>quasi</span> <span class='ocrx_word' id='word_1_83' title='bbox 911 1557 986 1605; x_wconf 81' lang='lat' dir='ltr'>nova</span> <span class='ocrx_word' id='word_1_84' title='bbox 1006 1536 1055 1596; x_wconf 83' lang='lat' dir='ltr'>htc</span> <span class='ocrx_word' id='word_1_85' title='bbox 1074 1539 1170 1597; x_wconf 89' lang='lat' dir='ltr'>omnia</span> <span class='ocrx_word' id='word_1_86' title='bbox 1189 1548 1312 1596; x_wconf 84' lang='lat' dir='ltr'>contem·</span> <span class='ocrx_word' id='word_1_87' title='bbox 1374 1516 1378 1524; x_wconf 33' lang='lat'>⁸</span> 
     </span>
     <span class='ocr_line' id='line_1_12' title="bbox 77 1631 1313 1718; baseline -0.001 -24"><span class='ocrx_word' id='word_1_88' title='bbox 77 1633 189 1718; x_wconf 87' lang='lat' dir='ltr'>platuri</span> <span class='ocrx_word' id='word_1_89' title='bbox 218 1631 315 1691; x_wconf 83' lang='lat' dir='ltr'>simus.</span> <span class='ocrx_word' id='word_1_90' title='bbox 362 1631 413 1690; x_wconf 83' lang='lat' dir='ltr'>Est</span> <span class='ocrx_word' id='word_1_91' title='bbox 445 1632 514 1692; x_wconf 91' lang='lat' dir='ltr'>haec</span> <span class='ocrx_word' id='word_1_92' title='bbox 544 1633 724 1694; x_wconf 89' lang='lat' dir='ltr'>admirabilis</span> <span class='ocrx_word' id='word_1_93' title='bbox 749 1632 890 1714; x_wconf 89' lang='lat' dir='ltr'>quaedam</span> <span class='ocrx_word' id='word_1_94' title='bbox 918 1634 1120 1717; x_wconf 87' lang='lat' dir='ltr'>philosophiae</span> <span class='ocrx_word' id='word_1_95' title='bbox 1148 1634 1313 1694; x_wconf 86' lang='lat' dir='ltr'>Platonicae</span> 
     </span>
     <span class='ocr_line' id='line_1_13' title="bbox 78 1731 1314 1818; baseline -0.002 -24"><span class='ocrx_word' id='word_1_96' title='bbox 78 1731 271 1814; x_wconf 89' lang='lat' dir='ltr'>simplicitas,</span> <span class='ocrx_word' id='word_1_97' title='bbox 301 1745 352 1805; x_wconf 92' lang='lat' dir='ltr'>ut,</span> <span class='ocrx_word' id='word_1_98' title='bbox 382 1752 455 1810; x_wconf 90' lang='lat' dir='ltr'>quae</span> <span class='ocrx_word' id='word_1_99' title='bbox 484 1746 718 1812; x_wconf 90' lang='lat' dir='ltr'>praecesserunt,</span> <span class='ocrx_word' id='word_1_100' title='bbox 749 1747 923 1815; x_wconf 88' lang='lat' dir='ltr'>praeparent</span> <span class='ocrx_word' id='word_1_101' title='bbox 946 1755 998 1794; x_wconf 91' lang='lat' dir='ltr'>nos</span> <span class='ocrx_word' id='word_1_102' title='bbox 1029 1735 1089 1793; x_wconf 85' lang='lat' dir='ltr'>fere</span> <span class='ocrx_word' id='word_1_103' title='bbox 1116 1731 1154 1793; x_wconf 84' lang='lat' dir='ltr'>ad</span> <span class='ocrx_word' id='word_1_104' title='bbox 1182 1733 1314 1818; x_wconf 84' lang='lat' dir='ltr'>proxima</span> 
     </span>
     <span class='ocr_line' id='line_1_14' title="bbox 77 1828 1313 1913; baseline -0.003 -21"><span class='ocrx_word' id='word_1_105' title='bbox 77 1828 292 1910; x_wconf 82' lang='lat' dir='ltr'>intelligenda:</span> <span class='ocrx_word' id='word_1_106' title='bbox 311 1850 385 1908; x_wconf 89' lang='lat' dir='ltr'>quae</span> <span class='ocrx_word' id='word_1_107' title='bbox 409 1850 477 1891; x_wconf 87' lang='lat' dir='ltr'>vcro</span> <span class='ocrx_word' id='word_1_108' title='bbox 494 1829 728 1909; x_wconf 89' lang='lat' dir='ltr'>subsequuntur,</span> <span class='ocrx_word' id='word_1_109' title='bbox 748 1832 895 1913; x_wconf 83' lang='lat' dir='ltr'>superiora</span> <span class='ocrx_word' id='word_1_110' title='bbox 914 1831 1081 1892; x_wconf 87' lang='lat' dir='ltr'>illustrent:</span> <span class='ocrx_word' id='word_1_111' title='bbox 1099 1844 1242 1892; x_wconf 88' lang='lat' dir='ltr'>caeterum</span> <span class='ocrx_word' id='word_1_112' title='bbox 1260 1829 1313 1890; x_wconf 80' lang='lat' dir='ltr'>vix</span> 
     </span>
     <span class='ocr_line' id='line_1_15' title="bbox 77 1919 1314 2012; baseline -0.002 -21"><span class='ocrx_word' id='word_1_113' title='bbox 77 1930 237 2012; x_wconf 89' lang='lat' dir='ltr'>quidquam</span> <span class='ocrx_word' id='word_1_114' title='bbox 270 1942 418 2004; x_wconf 83' lang='lat' dir='ltr'>occurrat,</span> <span class='ocrx_word' id='word_1_115' title='bbox 449 1927 526 2008; x_wconf 90' lang='lat' dir='ltr'>quod</span> <span class='ocrx_word' id='word_1_116' title='bbox 559 1919 618 1988; x_wconf 85' lang='lat' dir='ltr'>nori</span> <span class='ocrx_word' id='word_1_117' title='bbox 649 1929 859 2011; x_wconf 86' lang='lat' dir='ltr'>quodammodo</span> <span class='ocrx_word' id='word_1_118' title='bbox 894 1943 1037 2011; x_wconf 90' lang='lat' dir='ltr'>speratum</span> <span class='ocrx_word' id='word_1_119' title='bbox 1063 1942 1314 2012; x_wconf 82' lang='lat' dir='ltr'>exspectatumque</span> 
     </span>
     <span class='ocr_line' id='line_1_16' title="bbox 77 2025 1315 2108; baseline -0.002 -18"><span class='ocrx_word' id='word_1_120' title='bbox 77 2029 179 2090; x_wconf 82' lang='lat' dir='ltr'>fuerit.</span> <span class='ocrx_word' id='word_1_121' title='bbox 221 2025 307 2100; x_wconf 89' lang='lat' dir='ltr'>Quod</span> <span class='ocrx_word' id='word_1_122' title='bbox 336 2041 406 2102; x_wconf 90' lang='lat' dir='ltr'>nos,</span> <span class='ocrx_word' id='word_1_123' title='bbox 434 2027 465 2086; x_wconf 93' lang='lat' dir='ltr'>ni</span> <span class='ocrx_word' id='word_1_124' title='bbox 491 2027 638 2101; x_wconf 86' lang='lat' dir='ltr'>fallimur,</span> <span class='ocrx_word' id='word_1_125' title='bbox 664 2040 803 2108; x_wconf 90' lang='lat' dir='ltr'>perpetuo</span> <span class='ocrx_word' id='word_1_126' title='bbox 821 2029 853 2087; x_wconf 93' lang='lat' dir='ltr'>in</span> <span class='ocrx_word' id='word_1_127' title='bbox 873 2027 1126 2108; x_wconf 83' lang='lat' dir='ltr'>disquisitionibus</span> <span class='ocrx_word' id='word_1_128' title='bbox 1145 2028 1250 2088; x_wconf 89' lang='lat' dir='ltr'>nostris</span> <span class='ocrx_word' id='word_1_129' title='bbox 1267 2048 1315 2087; x_wconf 91' lang='lat' dir='ltr'>re—</span> 
     </span>
     <span class='ocr_line' id='line_1_17' title="bbox 81 2124 1313 2210; baseline -0.001 -22"><span class='ocrx_word' id='word_1_130' title='bbox 81 2148 149 2210; x_wconf 88' lang='lat' dir='ltr'>apse</span> <span class='ocrx_word' id='word_1_131' title='bbox 179 2125 293 2205; x_wconf 84' lang='lat' dir='ltr'>experti</span> <span class='ocrx_word' id='word_1_132' title='bbox 325 2146 430 2187; x_wconf 91' lang='lat' dir='ltr'>sumus.</span> <span class='ocrx_word' id='word_1_133' title='bbox 471 2128 562 2202; x_wconf 88' lang='lat' dir='ltr'>Nam,</span> <span class='ocrx_word' id='word_1_134' title='bbox 592 2125 688 2207; x_wconf 89' lang='lat' dir='ltr'>prouti</span> <span class='ocrx_word' id='word_1_135' title='bbox 715 2126 784 2201; x_wconf 93' lang='lat' dir='ltr'>ille,</span> <span class='ocrx_word' id='word_1_136' title='bbox 810 2127 861 2206; x_wconf 93' lang='lat' dir='ltr'>qui</span> <span class='ocrx_word' id='word_1_137' title='bbox 890 2127 922 2186; x_wconf 91' lang='lat' dir='ltr'>in</span> <span class='ocrx_word' id='word_1_138' title='bbox 940 2127 1037 2208; x_wconf 90' lang='lat' dir='ltr'>pulcri</span> <span class='ocrx_word' id='word_1_139' title='bbox 1054 2124 1239 2210; x_wconf 90' lang='lat' dir='ltr'>philosophia</span> <span class='ocrx_word' id='word_1_140' title='bbox 1261 2147 1313 2187; x_wconf 93' lang='lat' dir='ltr'>nos</span> 
     </span>
     <span class='ocr_line' id='line_1_18' title="bbox 81 2223 1295 2338; baseline -0.002 -52"><span class='ocrx_word' id='word_1_141' title='bbox 81 2226 196 2299; x_wconf 90' lang='lat' dir='ltr'>tenuit,</span> <span class='ocrx_word' id='word_1_142' title='bbox 217 2223 362 2284; x_wconf 87' lang='lat' dir='ltr'>Diotiniae</span> <span class='ocrx_word' id='word_1_143' title='bbox 380 2226 461 2285; x_wconf 91' lang='lat' dir='ltr'>de</span> <span class='ocrx_word' id='word_1_144' title='bbox 432 2247 481 2287; x_wconf 85' lang='lat' dir='ltr'>rra</span> <span class='ocrx_word' id='word_1_145' title='bbox 501 2223 538 2286; x_wconf 86' lang='lat' dir='ltr'>ad</span> <span class='ocrx_word' id='word_1_146' title='bbox 558 2224 721 2306; x_wconf 86' lang='lat' dir='ltr'>pulcrum</span> <span class='ocrx_word' id='word_1_147' title='bbox 713 2242 807 2338; x_wconf 78' lang='lat' dir='ltr'>ipsum</span> <span class='ocrx_word' id='word_1_148' title='bbox 826 2245 877 2306; x_wconf 89' lang='lat' dir='ltr'>per</span> <span class='ocrx_word' id='word_1_149' title='bbox 899 2246 928 2286; x_wconf 91' lang='lat' dir='ltr'>se</span> <span class='ocrx_word' id='word_1_150' title='bbox 947 2226 1194 2309; x_wconf 86' lang='lat' dir='ltr'>conspiciendum</span> <span class='ocrx_word' id='word_1_151' title='bbox 1204 2244 1295 2284; x_wconf 89' lang='lat' dir='ltr'>sermo</span> 
     </span>
     <span class='ocr_line' id='line_1_19' title="bbox 86 2316 1316 2403; baseline 0 -22"><span class='ocrx_word' id='word_1_152' title='bbox 86 2337 167 2403; x_wconf 89' lang='lat' dir='ltr'>aptos</span> <span class='ocrx_word' id='word_1_153' title='bbox 189 2346 239 2385; x_wconf 90' lang='lat' dir='ltr'>nos</span> <span class='ocrx_word' id='word_1_154' title='bbox 264 2324 349 2398; x_wconf 85' lang='lat' dir='ltr'>fecit,</span> <span class='ocrx_word' id='word_1_155' title='bbox 376 2324 427 2402; x_wconf 94' lang='lat' dir='ltr'>qui</span> <span class='ocrx_word' id='word_1_156' title='bbox 456 2316 541 2402; x_wconf 81' lang='lat' dir='ltr'>ueri,</span> <span class='ocrx_word' id='word_1_157' title='bbox 567 2345 658 2385; x_wconf 84' lang='lat' dir='ltr'>aureo</span> <span class='ocrx_word' id='word_1_158' title='bbox 678 2322 733 2385; x_wconf 84' lang='grc' dir='ltr'>τοῦ</span> <span class='ocrx_word' id='word_1_159' title='bbox 754 2344 856 2398; x_wconf 63' lang='lat' dir='ltr'>orror,</span> <span class='ocrx_word' id='word_1_160' title='bbox 876 2340 904 2386; x_wconf 90' lang='lat' dir='ltr'>et</span> <span class='ocrx_word' id='word_1_161' title='bbox 922 2347 990 2387; x_wconf 87' lang='lat' dir='ltr'>vero</span> <span class='ocrx_word' id='word_1_162' title='bbox 1002 2333 1088 2403; x_wconf 72' lang='lat' dir='ltr'>justi</span> <span class='ocrx_word' id='word_1_163' title='bbox 1108 2325 1168 2386; x_wconf 86' lang='lat' dir='ltr'>vim</span> <span class='ocrx_word' id='word_1_164' title='bbox 1187 2342 1316 2402; x_wconf 90' lang='lat' dir='ltr'>asseque-</span> 
     </span>
     <span class='ocr_line' id='line_1_20' title="bbox 85 2420 1314 2507; baseline 0.001 -27"><span class='ocrx_word' id='word_1_165' title='bbox 85 2441 198 2498; x_wconf 88' lang='lat' dir='ltr'>remur,</span> <span class='ocrx_word' id='word_1_166' title='bbox 229 2422 259 2502; x_wconf 84' lang='lat' dir='ltr'>l)</span> <span class='ocrx_word' id='word_1_167' title='bbox 276 2424 323 2481; x_wconf 90' lang='lat' dir='ltr'>ita</span> <span class='ocrx_word' id='word_1_168' title='bbox 350 2435 408 2481; x_wconf 92' lang='lat' dir='ltr'>tota</span> <span class='ocrx_word' id='word_1_169' title='bbox 436 2435 531 2482; x_wconf 90' lang='lat' dir='ltr'>nostra</span> <span class='ocrx_word' id='word_1_170' title='bbox 562 2423 699 2507; x_wconf 90' lang='lat' dir='ltr'>deinceps</span> <span class='ocrx_word' id='word_1_171' title='bbox 728 2424 765 2484; x_wconf 88' lang='lat' dir='ltr'>de</span> <span class='ocrx_word' id='word_1_172' title='bbox 785 2446 852 2485; x_wconf 88' lang='lat' dir='ltr'>vero</span> <span class='ocrx_word' id='word_1_173' title='bbox 871 2439 900 2484; x_wconf 92' lang='lat' dir='ltr'>et</span> <span class='ocrx_word' id='word_1_174' title='bbox 914 2427 993 2503; x_wconf 89' lang='lat' dir='ltr'>justo</span> <span class='ocrx_word' id='word_1_175' title='bbox 1011 2423 1168 2505; x_wconf 87' lang='lat' dir='ltr'>disputatio</span> <span class='ocrx_word' id='word_1_176' title='bbox 1189 2442 1222 2482; x_wconf 88' lang='lat' dir='ltr'>eo</span> <span class='ocrx_word' id='word_1_177' title='bbox 1236 2420 1314 2503; x_wconf 92' lang='lat' dir='ltr'>apud</span> 
     </span>
     <span class='ocr_line' id='line_1_21' title="bbox 82 2521 1314 2602; baseline -0.001 -22"><span class='ocrx_word' id='word_1_178' title='bbox 82 2540 137 2581; x_wconf 82' lang='lat' dir='ltr'>nos</span> <span class='ocrx_word' id='word_1_179' title='bbox 165 2521 280 2598; x_wconf 83' lang='lat' dir='ltr'>valuit,</span> <span class='ocrx_word' id='word_1_180' title='bbox 311 2535 345 2580; x_wconf 88' lang='lat' dir='ltr'>ut</span> <span class='ocrx_word' id='word_1_181' title='bbox 370 2532 399 2579; x_wconf 91' lang='lat' dir='ltr'>et</span> <span class='ocrx_word' id='word_1_182' title='bbox 427 2533 517 2581; x_wconf 91' lang='lat' dir='ltr'>totum</span> <span class='ocrx_word' id='word_1_183' title='bbox 548 2543 707 2582; x_wconf 81' lang='lat' dir='ltr'>sermonem</span> <span class='ocrx_word' id='word_1_184' title='bbox 737 2522 824 2581; x_wconf 91' lang='lat' dir='ltr'>illum</span> <span class='ocrx_word' id='word_1_185' title='bbox 850 2537 879 2582; x_wconf 88' lang='lat' dir='ltr'>et</span> <span class='ocrx_word' id='word_1_186' title='bbox 902 2542 971 2582; x_wconf 83' lang='lat' dir='ltr'>vero</span> <span class='ocrx_word' id='word_1_187' title='bbox 998 2523 1094 2602; x_wconf 91' lang='lat' dir='ltr'>pulcri</span> <span class='ocrx_word' id='word_1_188' title='bbox 1120 2522 1181 2582; x_wconf 86' lang='lat' dir='ltr'>vim</span> <span class='ocrx_word' id='word_1_189' title='bbox 1197 2521 1314 2599; x_wconf 76' lang='lat' dir='ltr'>ejusque</span> 
     </span>
     <span class='ocr_line' id='line_1_22' title="bbox 80 2619 1315 2702; baseline -0.001 -23"><span class='ocrx_word' id='word_1_190' title='bbox 80 2634 165 2679; x_wconf 79' lang='lat' dir='ltr'>cum</span> <span class='ocrx_word' id='word_1_191' title='bbox 162 2632 232 2680; x_wconf 76' lang='lat' dir='ltr'>-rero</span> <span class='ocrx_word' id='word_1_192' title='bbox 249 2633 278 2679; x_wconf 88' lang='lat' dir='ltr'>ct</span> <span class='ocrx_word' id='word_1_193' title='bbox 290 2622 369 2699; x_wconf 89' lang='lat' dir='ltr'>justo</span> <span class='ocrx_word' id='word_1_194' title='bbox 389 2621 659 2681; x_wconf 90' lang='lat' dir='ltr'>necessitudinem&#39;</span> <span class='ocrx_word' id='word_1_195' title='bbox 651 2621 773 2681; x_wconf 80' lang='lat' dir='ltr'>interius</span> <span class='ocrx_word' id='word_1_196' title='bbox 792 2621 1025 2702; x_wconf 86' lang='lat' dir='ltr'>perspiceremus.</span> <span class='ocrx_word' id='word_1_197' title='bbox 1055 2620 1092 2679; x_wconf 84' lang='lat' dir='ltr'>Et</span> <span class='ocrx_word' id='word_1_198' title='bbox 1108 2619 1217 2700; x_wconf 88' lang='lat' dir='ltr'>pariter</span> <span class='ocrx_word' id='word_1_199' title='bbox 1235 2638 1315 2678; x_wconf 87' lang='lat' dir='ltr'>nunc</span> 
     </span>
     <span class='ocr_line' id='line_1_23' title="bbox 80 2706 1315 2799; baseline 0 -21"><span class='ocrx_word' id='word_1_200' title='bbox 80 2719 169 2778; x_wconf 89' lang='lat' dir='ltr'>nobis</span> <span class='ocrx_word' id='word_1_201' title='bbox 194 2733 225 2778; x_wconf 93' lang='lat' dir='ltr'>et</span> <span class='ocrx_word' id='word_1_202' title='bbox 249 2718 363 2799; x_wconf 84' lang='lat' dir='ltr'>singula</span> <span class='ocrx_word' id='word_1_203' title='bbox 393 2731 422 2778; x_wconf 92' lang='lat' dir='ltr'>et</span> <span class='ocrx_word' id='word_1_204' title='bbox 455 2719 607 2796; x_wconf 86' lang='lat' dir='ltr'>universa,</span> <span class='ocrx_word' id='word_1_205' title='bbox 637 2740 710 2799; x_wconf 89' lang='lat' dir='ltr'>quae</span> <span class='ocrx_word' id='word_1_206' title='bbox 743 2717 839 2779; x_wconf 90' lang='lat' dir='ltr'>adhuc</span> <span class='ocrx_word' id='word_1_207' title='bbox 870 2717 1017 2793; x_wconf 83' lang='lat' dir='ltr'>vidimus,</span> <span class='ocrx_word' id='word_1_208' title='bbox 1046 2715 1209 2795; x_wconf 88' lang='lat' dir='ltr'>sufficient,</span> <span class='ocrx_word' id='word_1_209' title='bbox 1239 2706 1315 2778; x_wconf 86' lang='lat' dir='ltr'>certe</span> 
     </span>
     <span class='ocr_line' id='line_1_24' title="bbox 79 2799 1308 2899; baseline 0 -24"><span class='ocrx_word' id='word_1_210' title='bbox 79 2817 244 2899; x_wconf 87' lang='lat' dir='ltr'>proderunt</span> <span class='ocrx_word' id='word_1_211' title='bbox 268 2837 354 2896; x_wconf 90' lang='lat' dir='ltr'>quam</span> <span class='ocrx_word' id='word_1_212' title='bbox 380 2799 557 2898; x_wconf 86' lang='lat' dir='ltr'>plurimum,</span> <span class='ocrx_word' id='word_1_213' title='bbox 579 2815 616 2877; x_wconf 88' lang='lat' dir='ltr'>ad</span> <span class='ocrx_word' id='word_1_214' title='bbox 645 2818 772 2877; x_wconf 88' lang='lat' dir='ltr'>Platonis</span> <span class='ocrx_word' id='word_1_215' title='bbox 798 2816 835 2878; x_wconf 89' lang='lat' dir='ltr'>de</span> <span class='ocrx_word' id='word_1_216' title='bbox 862 2817 948 2877; x_wconf 88' lang='lat' dir='ltr'>rebus</span> <span class='ocrx_word' id='word_1_217' title='bbox 973 2814 1084 2877; x_wconf 81' lang='lat' dir='ltr'>divinis</span> <span class='ocrx_word' id='word_1_218' title='bbox 1109 2817 1189 2877; x_wconf 83' lang='lat' dir='ltr'>effata</span> <span class='ocrx_word' id='word_1_219' title='bbox 1206 2816 1308 2876; x_wconf 89' lang='lat' dir='ltr'>intelli</span> 
     </span>
     <span class='ocr_line' id='line_1_25' title="bbox 81 2905 1316 2998; baseline -0.002 -21"><span class='ocrx_word' id='word_1_220' title='bbox 81 2915 180 2998; x_wconf 72' lang='lat' dir='ltr'>geuda</span> <span class='ocrx_word' id='word_1_221' title='bbox 206 2930 292 2976; x_wconf 85' lang='lat' dir='ltr'>recte.</span> <span class='ocrx_word' id='word_1_222' title='bbox 335 2917 460 2975; x_wconf 83' lang='lat' dir='ltr'>Naturae</span> <span class='ocrx_word' id='word_1_223' title='bbox 487 2915 558 2976; x_wconf 87' lang='lat' dir='ltr'>haec</span> <span class='ocrx_word' id='word_1_224' title='bbox 587 2918 660 2977; x_wconf 91' lang='lat' dir='ltr'>ratio</span> <span class='ocrx_word' id='word_1_225' title='bbox 684 2930 745 2991; x_wconf 87' lang='lat' dir='ltr'>est,</span> <span class='ocrx_word' id='word_1_226' title='bbox 764 2916 796 2975; x_wconf 92' lang='lat' dir='ltr'>in</span> <span class='ocrx_word' id='word_1_227' title='bbox 817 2937 872 2996; x_wconf 90' lang='lat' dir='ltr'>qua</span> <span class='ocrx_word' id='word_1_228' title='bbox 892 2930 959 2997; x_wconf 88' lang='lat' dir='ltr'>apta</span> <span class='ocrx_word' id='word_1_229' title='bbox 976 2905 1088 2994; x_wconf 90' lang='lat' dir='ltr'>sibique</span> <span class='ocrx_word' id='word_1_230' title='bbox 1105 2936 1229 2996; x_wconf 82' lang='lat' dir='ltr'>congrua</span> <span class='ocrx_word' id='word_1_231' title='bbox 1248 2929 1316 2975; x_wconf 92' lang='lat' dir='ltr'>sunt</span> 
     </span>
     <span class='ocr_line' id='line_1_26' title="bbox 82 2961 1316 3096; baseline 0 -21"><span class='ocrx_word' id='word_1_232' title='bbox 82 3015 181 3089; x_wconf 84' lang='lat' dir='ltr'>omnia</span> <span class='ocrx_word' id='word_1_233' title='bbox 190 3058 199 3088; x_wconf 93' lang='lat'>,</span> <span class='ocrx_word' id='word_1_234' title='bbox 218 3013 263 3072; x_wconf 91' lang='lat' dir='ltr'>nil</span> <span class='ocrx_word' id='word_1_235' title='bbox 282 3014 367 3075; x_wconf 86' lang='lat' dir='ltr'>nobis</span> <span class='ocrx_word' id='word_1_236' title='bbox 386 3008 494 3075; x_wconf 86' lang='lat' dir='ltr'>novum</span> <span class='ocrx_word' id='word_1_237' title='bbox 514 2961 799 3096; x_wconf 73' lang='lat' dir='ltr'>inexspectatumque</span> <span class='ocrx_word' id='word_1_238' title='bbox 816 3015 941 3089; x_wconf 89' lang='lat' dir='ltr'>accidit,</span> <span class='ocrx_word' id='word_1_239' title='bbox 963 3013 1013 3073; x_wconf 82' lang='lat' dir='ltr'>red</span> <span class='ocrx_word' id='word_1_240' title='bbox 1030 3015 1158 3089; x_wconf 80' lang='lat' dir='ltr'>transitu</span> <span class='ocrx_word' id='word_1_241' title='bbox 1173 3014 1316 3075; x_wconf 80' lang='lat' dir='ltr'>facillimo</span> 
     </span>
     <span class='ocr_line' id='line_1_27' title="bbox 82 3106 1317 3195; baseline 0 -22"><span class='ocrx_word' id='word_1_242' title='bbox 82 3113 288 3191; x_wconf 86' lang='lat' dir='ltr'>lenissimoque</span> <span class='ocrx_word' id='word_1_243' title='bbox 318 3127 346 3172; x_wconf 90' lang='lat' dir='ltr'>et</span> <span class='ocrx_word' id='word_1_244' title='bbox 363 3112 489 3192; x_wconf 84' lang='lat' dir='ltr'>singula</span> <span class='ocrx_word' id='word_1_245' title='bbox 519 3128 548 3174; x_wconf 88' lang='lat' dir='ltr'>et</span> <span class='ocrx_word' id='word_1_246' title='bbox 577 3106 893 3191; x_wconf 80' lang='lat' dir='ltr'>uuive&#39;rsaconjuncta</span> <span class='ocrx_word' id='word_1_247' title='bbox 920 3126 1070 3195; x_wconf 87' lang='lat' dir='ltr'>apparent.</span> <span class='ocrx_word' id='word_1_248' title='bbox 1110 3111 1212 3188; x_wconf 82' lang='lat' dir='ltr'>Quid?</span> <span class='ocrx_word' id='word_1_249' title='bbox 1238 3113 1317 3192; x_wconf 88' lang='lat' dir='ltr'>quod</span> 
     </span>
     <span class='ocr_line' id='line_1_28' title="bbox 82 3209 1315 3294; baseline 0 -25"><span class='ocrx_word' id='word_1_250' title='bbox 82 3211 258 3270; x_wconf 78' lang='lat' dir='ltr'>revertimur</span> <span class='ocrx_word' id='word_1_251' title='bbox 284 3210 333 3269; x_wconf 82' lang='lat' dir='ltr'>hte</span> <span class='ocrx_word' id='word_1_252' title='bbox 362 3225 462 3291; x_wconf 83' lang='lat' dir='ltr'>sponte</span> <span class='ocrx_word' id='word_1_253' title='bbox 492 3209 530 3271; x_wconf 88' lang='lat' dir='ltr'>ad</span> <span class='ocrx_word' id='word_1_254' title='bbox 558 3213 656 3293; x_wconf 92' lang='lat' dir='ltr'>ipsum·</span> <span class='ocrx_word' id='word_1_255' title='bbox 676 3210 713 3271; x_wconf 91' lang='lat' dir='ltr'>de</span> <span class='ocrx_word' id='word_1_256' title='bbox 741 3211 838 3271; x_wconf 90' lang='lat' dir='ltr'>auimo</span> <span class='ocrx_word' id='word_1_257' title='bbox 866 3212 1056 3294; x_wconf 89' lang='lat' dir='ltr'>prooemium,</span> <span class='ocrx_word' id='word_1_258' title='bbox 1082 3210 1161 3291; x_wconf 92' lang='lat' dir='ltr'>quod</span> <span class='ocrx_word' id='word_1_259' title='bbox 1178 3211 1315 3290; x_wconf 87' lang='lat' dir='ltr'>tauquam</span> 
     </span>
     <span class='ocr_line' id='line_1_29' title="bbox 82 3301 1316 3392; baseline 0 -23"><span class='ocrx_word' id='word_1_260' title='bbox 82 3304 229 3390; x_wconf 74' lang='grc' dir='ltr'>τηλαυγὲς</span> <span class='ocrx_word' id='word_1_261' title='bbox 254 3301 417 3392; x_wconf 80' lang='grc' dir='ltr'><em>πρόσωπον</em></span> <span class='ocrx_word' id='word_1_262' title='bbox 438 3312 491 3370; x_wconf 85' lang='lat' dir='ltr'>toti</span> <span class='ocrx_word' id='word_1_263' title='bbox 512 3309 714 3392; x_wconf 87' lang='lat' dir='ltr'>philosophiae</span> <span class='ocrx_word' id='word_1_264' title='bbox 732 3307 879 3392; x_wconf 85' lang='lat' dir='ltr'>praemisit</span> <span class='ocrx_word' id='word_1_265' title='bbox 896 3311 1003 3371; x_wconf 77' lang='lat' dir='ltr'>Plato?</span> <span class='ocrx_word' id='word_1_266' title='bbox 1045 3309 1219 3371; x_wconf 83' lang='lat' dir='ltr'>Continehat</span> <span class='ocrx_word' id='word_1_267' title='bbox 1238 3307 1316 3369; x_wconf 89' lang='lat' dir='ltr'>illud</span> 
     </span>
     <span class='ocr_line' id='line_1_30' title="bbox 84 3406 1315 3496; baseline -0.005 -25"><span class='ocrx_word' id='word_1_268' title='bbox 84 3406 237 3493; x_wconf 82' lang='lat' dir='ltr'>pristinam</span> <span class='ocrx_word' id='word_1_269' title='bbox 266 3411 375 3485; x_wconf 91' lang='lat' dir='ltr'>animi,</span> <span class='ocrx_word' id='word_1_270' title='bbox 405 3425 575 3496; x_wconf 84' lang='lat' dir='ltr'>anteaquam</span> <span class='ocrx_word' id='word_1_271' title='bbox 598 3409 653 3480; x_wconf 86' lang='lat' dir='ltr'>hoc</span> <span class='ocrx_word' id='word_1_272' title='bbox 678 3430 781 3489; x_wconf 90' lang='lat' dir='ltr'>corpus</span> <span class='ocrx_word' id='word_1_273' title='bbox 801 3408 954 3486; x_wconf 91' lang='lat' dir='ltr'>induerat,</span> <span class='ocrx_word' id='word_1_274' title='bbox 975 3409 1172 3469; x_wconf 87' lang='lat' dir='ltr'>conditionem</span> <span class='ocrx_word' id='word_1_275' title='bbox 1190 3407 1315 3488; x_wconf 89' lang='lat' dir='ltr'>praecla-</span> 
     </span>
     <span class='ocr_line' id='line_1_31' title="bbox 84 3497 1317 3592; baseline -0.003 -21"><span class='ocrx_word' id='word_1_276' title='bbox 84 3530 166 3585; x_wconf 87' lang='lat' dir='ltr'>ram,</span> <span class='ocrx_word' id='word_1_277' title='bbox 192 3524 224 3570; x_wconf 88' lang='lat' dir='ltr'>ut</span> <span class='ocrx_word' id='word_1_278' title='bbox 251 3503 319 3571; x_wconf 85' lang='lat' dir='ltr'>deus</span> <span class='ocrx_word' id='word_1_279' title='bbox 348 3523 477 3583; x_wconf 90' lang='lat' dir='ltr'>secutus,</span> <span class='ocrx_word' id='word_1_280' title='bbox 506 3509 539 3567; x_wconf 92' lang='lat' dir='ltr'>in</span> <span class='ocrx_word' id='word_1_281' title='bbox 557 3497 620 3567; x_wconf 87' lang='lat' dir='ltr'>loco</span> <span class='ocrx_word' id='word_1_282' title='bbox 638 3499 841 3592; x_wconf 74' lang='lat' dir='ltr'>dnspoopoviqr</span> <span class='ocrx_word' id='word_1_283' title='bbox 862 3504 1036 3590; x_wconf 85' lang='lat' dir='ltr'>pulcerrimo</span> <span class='ocrx_word' id='word_1_284' title='bbox 1054 3505 1235 3590; x_wconf 86' lang='lat' dir='ltr'>spectaculo,</span> <span class='ocrx_word' id='word_1_285' title='bbox 1256 3506 1317 3588; x_wconf 70' lang='lat' dir='ltr'>ipsa</span> 
     </span>
     <span class='ocr_line' id='line_1_32' title="bbox 84 3600 1319 3717; baseline -0.004 -47"><span class='ocrx_word' id='word_1_286' title='bbox 84 3607 245 3692; x_wconf 72' lang='lat' dir='ltr'>spectanda</span> <span class='ocrx_word' id='word_1_287' title='bbox 263 3623 291 3668; x_wconf 92' lang='lat' dir='ltr'>et</span> <span class='ocrx_word' id='word_1_288' title='bbox 311 3609 405 3690; x_wconf 93' lang='lat' dir='ltr'>pulcri</span> <span class='ocrx_word' id='word_1_289' title='bbox 427 3621 455 3668; x_wconf 93' lang='lat' dir='ltr'>et</span> <span class='ocrx_word' id='word_1_290' title='bbox 470 3607 541 3701; x_wconf 84' lang='lat' dir='ltr'>boni</span> <span class='ocrx_word' id='word_1_291' title='bbox 562 3621 590 3666; x_wconf 91' lang='lat' dir='ltr'>et</span> <span class='ocrx_word' id='word_1_292' title='bbox 612 3608 704 3686; x_wconf 86' lang='lat' dir='ltr'>justi,</span> <span class='ocrx_word' id='word_1_293' title='bbox 723 3610 782 3669; x_wconf 94' lang='lat' dir='ltr'>imo</span> <span class='ocrx_word' id='word_1_294' title='bbox 799 3608 891 3669; x_wconf 89' lang='lat' dir='ltr'>sancti</span> <span class='ocrx_word' id='word_1_295' title='bbox 911 3605 1064 3685; x_wconf 86' lang='lat' dir='ltr'>divinique</span> <span class='ocrx_word' id='word_1_296' title='bbox 1079 3603 1207 3717; x_wconf 72' lang='lat' dir='ltr'>perfecta</span> <span class='ocrx_word' id='word_1_297' title='bbox 1225 3600 1319 3688; x_wconf 84' lang='lat' dir='ltr'>specie</span> 
     </span>
     <span class='ocr_line' id='line_1_33' title="bbox 85 3697 1319 3786; baseline -0.002 -20"><span class='ocrx_word' id='word_1_298' title='bbox 85 3709 241 3776; x_wconf 40' lang='lat' dir='ltr'>frdermetur</span> <span class='ocrx_word' id='word_1_299' title='bbox 282 3708 375 3783; x_wconf 88' lang='lat' dir='ltr'>Quam</span> <span class='ocrx_word' id='word_1_300' title='bbox 394 3707 484 3766; x_wconf 89' lang='lat' dir='ltr'>animi</span> <span class='ocrx_word' id='word_1_301' title='bbox 503 3697 674 3786; x_wconf 90' lang='lat' dir='ltr'>pristinam,</span> <span class='ocrx_word' id='word_1_302' title='bbox 693 3708 750 3768; x_wconf 90' lang='lat' dir='ltr'>imo</span> <span class='ocrx_word' id='word_1_303' title='bbox 771 3705 931 3767; x_wconf 87' lang='lat' dir='ltr'>naturalem</span> <span class='ocrx_word' id='word_1_304' title='bbox 950 3703 1189 3764; x_wconf 88' lang='lat' dir='ltr'>conditionem</span> <span class='ocrx_word' id='word_1_305' title='bbox 1166 3727 1191 3765; x_wconf 79' lang='grc' dir='ltr'>ιι</span> <span class='ocrx_word' id='word_1_306' title='bbox 1210 3703 1319 3786; x_wconf 73' lang='lat'>111102)</span> 
     </span>
     <span class='ocr_line' id='line_1_34' title="bbox 86 3800 1316 3899; baseline -0.004 -33"><span class='ocrx_word' id='word_1_307' title='bbox 86 3806 318 3899; x_wconf 74' lang='lat' dir='ltr'>pepspexerimus</span> <span class='ocrx_word' id='word_1_308' title='bbox 346 3819 441 3881; x_wconf 90' lang='lat' dir='ltr'>recte,</span> <span class='ocrx_word' id='word_1_309' title='bbox 471 3804 520 3864; x_wconf 83' lang='lat' dir='ltr'>hte</span> <span class='ocrx_word' id='word_1_310' title='bbox 542 3803 719 3865; x_wconf 81' lang='lat' dir='ltr'>divinam&#39;</span> <span class='ocrx_word' id='word_1_311' title='bbox 695 3828 757 3888; x_wconf 90' lang='lat' dir='ltr'>eJus</span> <span class='ocrx_word' id='word_1_312' title='bbox 775 3800 905 3866; x_wconf 86' lang='lat' dir='ltr'>indolem</span> <span class='ocrx_word' id='word_1_313' title='bbox 925 3804 1139 3882; x_wconf 88' lang='lat' dir='ltr'>rationemque,</span> <span class='ocrx_word' id='word_1_314' title='bbox 1158 3826 1233 3883; x_wconf 89' lang='lat' dir='ltr'>qua,</span> <span class='ocrx_word' id='word_1_315' title='bbox 1253 3802 1316 3884; x_wconf 89' lang='lat' dir='ltr'>phi·</span> 
     </span>
     <span class='ocr_line' id='line_1_35' title="bbox 86 3894 1318 3987; baseline -0.003 -22"><span class='ocrx_word' id='word_1_316' title='bbox 86 3905 237 3986; x_wconf 84' lang='lat' dir='ltr'>losephiae</span> <span class='ocrx_word' id='word_1_317' title='bbox 260 3904 369 3981; x_wconf 88' lang='lat' dir='ltr'>ductu,</span> <span class='ocrx_word' id='word_1_318' title='bbox 398 3903 490 3980; x_wconf 88' lang='lat' dir='ltr'>illuc,</span> <span class='ocrx_word' id='word_1_319' title='bbox 519 3901 598 3962; x_wconf 91' lang='lat' dir='ltr'>unde</span> <span class='ocrx_word' id='word_1_320' title='bbox 626 3904 740 3987; x_wconf 87' lang='lat' dir='ltr'>lapsus</span> <span class='ocrx_word' id='word_1_321' title='bbox 752 3917 813 3980; x_wconf 89' lang='lat' dir='ltr'>est,</span> <span class='ocrx_word' id='word_1_322' title='bbox 838 3901 938 3961; x_wconf 86' lang='lat' dir='ltr'>reduci</span> <span class='ocrx_word' id='word_1_323' title='bbox 962 3898 1114 3979; x_wconf 84' lang='lat' dir='ltr'>debeat,</span> <span class='ocrx_word' id='word_1_324' title='bbox 1111 3916 1147 3962; x_wconf 89' lang='lat' dir='ltr'>ut</span> <span class='ocrx_word' id='word_1_325' title='bbox 1166 3922 1181 3960; x_wconf 90' lang='lat' dir='ltr'>a</span> <span class='ocrx_word' id='word_1_326' title='bbox 1198 3894 1318 3980; x_wconf 82' lang='lat' dir='ltr'>Platone</span> 
     </span>
     <span class='ocr_line' id='line_1_36' title="bbox 86 3972 1320 4085; baseline -0.006 -21"><span class='ocrx_word' id='word_1_327' title='bbox 86 4003 282 4065; x_wconf 68' lang='lat' dir='ltr'>demonstrata</span> <span class='ocrx_word' id='word_1_328' title='bbox 311 4017 368 4078; x_wconf 90' lang='lat' dir='ltr'>est,</span> <span class='ocrx_word' id='word_1_329' title='bbox 392 4004 504 4082; x_wconf 74' lang='lat' dir='ltr'>assequi</span> <span class='ocrx_word' id='word_1_330' title='bbox 532 4003 673 4063; x_wconf 81' lang='lat' dir='ltr'>facillime</span> <span class='ocrx_word' id='word_1_331' title='bbox 700 4003 865 4085; x_wconf 86' lang='lat' dir='ltr'>poterimus</span> <span class='ocrx_word' id='word_1_332' title='bbox 890 4002 966 4062; x_wconf 83' lang='lat' dir='ltr'>:Nec</span> <span class='ocrx_word' id='word_1_333' title='bbox 994 4022 1081 4077; x_wconf 86' lang='lat' dir='ltr'>roro,</span> <span class='ocrx_word' id='word_1_334' title='bbox 1099 4000 1150 4059; x_wconf 89' lang='lat' dir='ltr'>ubi</span> <span class='ocrx_word' id='word_1_335' title='bbox 1167 3998 1217 4058; x_wconf 88' lang='lat' dir='ltr'>h1c</span> <span class='ocrx_word' id='word_1_336' title='bbox 1235 3972 1320 4059; x_wconf 88' lang='lat' dir='ltr'>nobis</span> 
     </span>
    </p>
   </div>
   <div class='ocr_carea' id='block_1_5' title="bbox 88 4092 1319 4235">
    <p class='ocr_par' dir='ltr' id='par_1_5' title="bbox 88 4092 1319 4235">
     <span class='ocr_line' id='line_1_37' title="bbox 88 4092 1319 4235; baseline -0.003 -73"><span class='ocrx_word' id='word_1_337' title='bbox 88 4101 127 4163; x_wconf 85' lang='lat' dir='ltr'>de</span> <span class='ocrx_word' id='word_1_338' title='bbox 150 4099 255 4181; x_wconf 81' lang='lat' dir='ltr'>diripe</span> <span class='ocrx_word' id='word_1_339' title='bbox 276 4098 410 4235; x_wconf 57' lang='lat' dir='ltr'>hqqtura,</span> <span class='ocrx_word' id='word_1_340' title='bbox 440 4100 476 4174; x_wconf 85' lang='lat' dir='ltr'>de</span> <span class='ocrx_word' id='word_1_341' title='bbox 504 4100 606 4161; x_wconf 89' lang='lat' dir='ltr'>mundi</span> <span class='ocrx_word' id='word_1_342' title='bbox 635 4101 767 4185; x_wconf 84' lang='lat' dir='ltr'>opifice,</span> <span class='ocrx_word' id='word_1_343' title='bbox 782 4101 819 4162; x_wconf 91' lang='lat' dir='ltr'>de</span> <span class='ocrx_word' id='word_1_344' title='bbox 847 4114 941 4161; x_wconf 84' lang='lat' dir='ltr'>rerum</span> <span class='ocrx_word' id='word_1_345' title='bbox 969 4113 1091 4174; x_wconf 89' lang='lat' dir='ltr'>natura,</span> <span class='ocrx_word' id='word_1_346' title='bbox 1111 4092 1319 4179; x_wconf 83' lang='lat' dir='ltr'>inprimisque</span> 
     </span>
    </p>
   </div>
   <div class='ocr_carea' id='block_1_6' title="bbox 125 4415 422 4572">
    <p class='ocr_par' dir='ltr' id='par_1_6' title="bbox 125 4415 422 4572">
     <span class='ocr_line' id='line_1_38' title="bbox 127 4415 365 4485; baseline -0.008 -17"><span class='ocrx_word' id='word_1_347' title='bbox 127 4415 159 4482; x_wconf 83' lang='grc'>1),</span> <span class='ocrx_word' id='word_1_348' title='bbox 171 4417 247 4469; x_wconf 69' lang='lat' dir='ltr'>latitia</span> <span class='ocrx_word' id='word_1_349' title='bbox 262 4433 288 4485; x_wconf 83' lang='lat' dir='ltr'>p.</span> <span class='ocrx_word' id='word_1_350' title='bbox 307 4415 365 4467; x_wconf 85' lang='lat'><strong>109.</strong></span> 
     </span>
     <span class='ocr_line' id='line_1_39' title="bbox 125 4499 422 4572; baseline -0.003 -18"><span class='ocrx_word' id='word_1_351' title='bbox 125 4501 153 4567; x_wconf 81' lang='grc'>2)</span> <span class='ocrx_word' id='word_1_352' title='bbox 173 4504 277 4572; x_wconf 79' lang='lat' dir='ltr'>Eod‘p.</span> <span class='ocrx_word' id='word_1_353' title='bbox 296 4501 345 4568; x_wconf 71' lang='grc'>49,</span> <span class='ocrx_word' id='word_1_354' title='bbox 363 4499 422 4554; x_wconf 81' lang='grc'>120.</span> 
     </span>
    </p>
   </div>
   <div class='ocr_carea' id='block_1_7' title="bbox 0 0 1415 5048">
    <p class='ocr_par' dir='ltr' id='par_1_7' title="bbox 0 0 1415 5048">
     <span class='ocr_line' id='line_1_40' title="bbox 0 0 1415 5048; baseline 0 0"><span class='ocrx_word' id='word_1_355' title='bbox 0 0 1415 5048; x_wconf 95' lang='lat' dir='ltr'> </span> 
     </span>
    </p>
   </div>
  </div>
 </body>
</html>
