2774 5048
604 254 612 267 ·
651 230 710 289 313

115 391 161 452 Sed
189 394 221 452 in
251 393 342 474 ipsius
360 390 468 471 placito
486 389 641 464 Platonis,¹
654 389 733 469 quod
754 391 853 450 Cicero
870 392 931 452 sive
957 413 995 453 ne
1031 393 1126 470 vidit,
1147 395 1208 456 sive
1228 416 1289 455 ver·

87 487 118 548 bis
136 513 190 550 non
218 489 375 573 expressit,
396 489 456 548 vim
476 487 645 548 dialecticae
664 510 702 548 ne
724 492 992 570 praetermittamus.
1036 493 1101 553 Non
1119 494 1209 553 solum
1230 493 1285 552 hoc

87 589 202 668 praecipit
219 589 298 670 apud
316 608 381 646 eum
400 585 545 660 Socrates,
567 599 614 661 ut,
641 587 691 664 qui
709 588 837 647 civitatis
855 588 947 646 futuri
966 591 1089 670 perlecti
1108 592 1288 670 magistratus

87 697 149 758 sunt,
175 686 398 767 disciplinarum
431 683 614 763 conspiciant
652 685 853 763 cognationem
882 682 1027 763 mutuam,
1059 686 1110 747 sed
1140 709 1210 748 vero
1235 687 1289 746 boe

87 780 150 856 item,
179 797 211 842 ut
237 783 416 863 perspiciant
441 781 619 842 simulacri
640 774 760 856 ὄντος
785 798 927 846 naturam.
969 787 1031 846 Hoc
1052 800 1146 844 autem
1167 799 1199 843 ut
1218 784 1288 859 fiat,

86 889 109 934 ut
122 900 172 938 non
190 879 333 938 fluctuent
347 878 479 939 custodes
496 882 703 961 opinionibus,
725 884 775 943 sed
791 884 829 943 ad
846 905 941 942 rerum
961 885 1125 957 scientiam,
1147 884 1289 942 imovero

86 974 113 1032 ad
132 977 197 1037 τοῦ
228 972 344 1051 ὄντος
376 969 501 1058 φύσιν
532 983 725 1061 perveniant,
755 982 952 1041 arithmeticae
979 980 1096 1061 quidem
1114 981 1288 1058 caeterisque

86 1070 226 1157 disciplinis
251 1080 352 1154 Plato,
372 1078 424 1138 sed
452 1080 581 1137 omnium
609 1080 732 1137 maxime
758 1079 928 1138 dialecticae
957 1077 1144 1138 efficiendum
1172 1078 1286 1137 tribuit.

85 1168 171 1234 Tenere
189 1177 243 1236 hoc
262 1177 328 1236 illos
347 1176 486 1251 decebat,
507 1177 557 1254 qui
583 1178 703 1255 antiquo
732 1179 910 1256 maximeque
935 1177 1093 1236 recentiore
1112 1197 1183 1235 aevo
1202 1195 1287 1254 ency-

84 1264 237 1348 clopaediam
260 1275 401 1334 conficere
422 1273 606 1334 studuerunt.
649 1275 714 1333 Non
731 1290 791 1334 erat
811 1278 896 1351 satis,
918 1289 992 1335 artes
1011 1274 1212 1350 doctrinasque
1230 1273 1287 1329 sin·

82 1364 143 1440 gulas
157 1370 189 1429 in
207 1393 273 1431 suos
292 1373 369 1432 locos
386 1370 586 1447 distribuisse}
619 1373 670 1432 sed
699 1394 782 1431 suum
813 1376 917 1452 cuique
946 1387 974 1433 et
1004 1374 1058 1432 arti
1088 1383 1116 1429 et
1137 1369 1287 1429 doctrinae

81 1464 200 1544 assignare
219 1470 396 1549 propositum
407 1515 416 1544 ,
437 1467 488 1527 sed
506 1470 655 1529 universas
673 1471 713 1529 sic
737 1470 870 1547 tradere,
891 1484 924 1530 ut
948 1488 1128 1530 communem
1158 1486 1291 1545 asseque-

79 1576 160 1621 rentur
186 1565 293 1642 finem,
315 1568 462 1643 veritatis,
484 1560 653 1629 αὐτοῦτοῦ
674 1562 777 1643 ὄντος,
799 1570 832 1627 in
859 1568 945 1628 rebus
966 1568 1100 1628 omnibus
1122 1566 1288 1638 scientiam,

77 1649 130 1719 baec
149 1660 264 1721 demum
284 1665 357 1722 ratio
376 1666 539 1725 verissimae
551 1648 799 1748 'encyelhpaediae
818 1682 859 1726 est
869 1713 878 1742 ,
899 1687 985 1746 quam
1005 1667 1093 1746 plane
1129 1664 1235 1735 refert,
1258 1673 1290 1719 ut

73 1758 239 1834 monuimus,
259 1761 443 1842 philosophia
463 1764 620 1825 Platonica.
669 1767 723 1824 Per
745 1765 927 1824 dialecticam
954 1765 1078 1821 maxime
1112 1766 1228 1842 ejusque
1252 1763 1290 1822 ad

71 1854 209 1915 veritatem
227 1857 437 1919 inveniendam
459 1861 653 1942 tuendamque
679 1861 896 1936 efficacitatem,
916 1858 1034 1921 παιδεία
1054 1857 1100 1936 fit,
1135 1869 1291 1920 institutio

65 1947 245 2028 hominio,‘
224 1978 243 2034 η
267 1953 514 2036 ἕγκυκλοπαιιῖιία.

101 2052 157 2112 Nee
187 2075 256 2116 vero
284 2059 369 2116 etiam
398 2058 487 2118 hoe
472 2080 511 2117 111
540 2057 689 2117 Platonico
716 2060 824 2141 placito
847 2059 963 2119 silentio
993 2053 1288 2138 praetermittendum.

61 2139 152 2210 Φύσιν
178 2169 317 2213 memorat
342 2155 470 2216 Socrates
490 2146 676 2238 διαλικτικην.
728 2156 789 2216 Ubi
818 2152 875 2218 voi
884 2151 984 2238 χύδην
1004 2149 1191 2236 μαθήματα,
1230 2155 1287 2228 ait,

55 2249 215 2328 juvenibus
239 2255 344 2311 nostris
370 2255 402 2312 in
432 2276 523 2315 unum
555 2258 772 2338 collegerimus,
794 2260 1023 2365 experimentum
1054 2257 1138 2316 nobis
1165 2256 1289 2315 maxime

59 2349 129 2423 erit,
147 2371 219 2410 num
241 2369 330 2430 φυσιν
351 2344 532 2436 declararum
552 2359 689 2417 habeant.
732 2357 817 2431 Quod
835 2334 935 2438 spdnte
959 2378 1011 2415 nos
1031 2377 1097 2415 cum
1114 2355 1150 2413 iis
1167 2356 1287 2432 conjun-

57 2465 167 2524 gamus,
188 2470 261 2527 quae
289 2451 355 2509 ab
346 2454 433 2513 mitio
453 2455 489 2514 de
511 2450 597 2536 φύσει
620 2449 775 2538 φιλοσόφῳ
797 2453 941 2534 disputata
971 2467 1049 2512 sunt.
1092 2452 1210 2511 Scilicet
1229 2473 1289 2510 non

56 2542 187 2604 indolem
208 2548 370 2629 signifieat,
392 2563 532 2614 acumine
561 2557 654 2617 solum
682 2570 710 2613 et
731 2562 899 2635 sagacitate
928 2550 1089 2630 insignem,
1111 2569 1183 2628 quae
1209 2548 1289 2608 dotes

56 2640 89 2700 in
110 2642 329 2704 dialecticorum
347 2646 595 2729 disphtationibus
622 2654 738 2712 elucent
762 2652 836 2727 fere,
858 2648 909 2707 sed
920 2693 929 2722 ,
958 2661 989 2706 ut
1004 2647 1211 2724 philosopham
1238 2646 1290 2703 in-

55 2736 152 2798 dolem
170 2756 272 2817 vocat,
293 2765 383 2822 quae,
404 2750 467 2807 veri
489 2771 583 2810 amore
611 2747 861 2830 cognoscendique
881 2745 977 2805 studio
998 2744 1135 2802 acerrimo
1155 2743 1289 2817 incensa,

55 2834 134 2896 nihil
155 2860 229 2914 non,
255 2841 333 2919 quod
351 2845 469 2923 cognitu
490 2847 612 2957 dignum
631 2862 692 2923 est,
713 2845 827 2905 assidue
849 2844 1021 2922 investigat,
1042 2842 1083 2901 ita
1101 2839 1180 2897 hunc
1201 2838 1289 2897 habet
1381 2919 1385 2929 .

55 2927 163 3014 peiore
185 2935 426 3016 διαλεκτικόν,
449 2946 520 3021 qui,
543 2960 575 3005 ut
596 2893 711 3027 singula
740 2942 888 3003 cernendo
913 2939 1121 3020 jungendoque
1141 2937 1216 3012 rite,
1236 2935 1288 2995 sed

54 3039 195 3117 sparsim,
215 3042 370 3119 cognovit,
391 3043 432 3102 ita
453 3044 589 3105 universa
617 3056 712 3102 mente
732 3041 951 3123 complectitur,
972 3038 1179 3114 veritatemque
1199 3035 1232 3093 in
1251 3033 1287 3092 iis

55 3134 190 3194 omnibus
208 3140 357 3218 perspicit.
395 3133 427 3201 ‘0
451 3137 509 3219 μὲν
535 3134 593 3221 yolo
620 3132 808 3213 συνοπτικός,
836 3130 1024 3209 διαλεκτικὰς·
1052 3126 1069 3194 ὁ
1095 3129 1131 3193 δὲ
1156 3125 1216 3213 μή,
1244 3125 1288 3190 ott

55 3230 133 3293 Haec
153 3236 343 3318 percipienda
360 3241 440 3301 Plato
461 3243 618 3302 arbitratus
641 3256 683 3302 est
703 3263 718 3301 e
741 3240 964 3323 disciplinarum
990 3237 1172 3314 maximeque
1198 3234 1288 3294 diale-

55 3330 146 3390 cticae
166 3333 282 3393 studio:
309 3340 415 3417 quique
436 3342 476 3400 sic
497 3342 534 3401 iis
555 3342 692 3401 excultus
720 3341 838 3420 ingenio
859 3339 1011 3416 animoque
1031 3349 1108 3396 totus
1129 3347 1186 3407 cst,
1208 3332 1304 3390 hunc'

55 3447 70 3486 e
88 3430 242 3508 spectabili
262 3436 392 3512 mundo,
412 3452 552 3519 tanquam
571 3460 608 3497 ex
630 3453 713 3499 antro
734 3436 878 3516 quodam,
899 3437 932 3495 in
951 3434 1093 3494 mundum
1112 3423 1232 3511 νοητόν,
1254 3433 1287 3489 ιιι

55 3524 147 3605 ipsius
175 3531 306 3592 veritatis
336 3555 457 3615 regnum
486 3537 639 3596 escendere
658 3535 820 3595 contendit.
861 3532 947 3608 Quod
975 3532 1144 3613 philosophi
1173 3531 1287 3588 effatum

55 3644 115 3683 non
135 3626 223 3686 semel
239 3631 301 3706 jam
321 3635 624 3710 commemoravimus,
645 3632 696 3692 hle
714 3647 809 3692 autem
828 3632 1008 3710 quaerimus,
1029 3649 1114 3708 quem
1135 3627 1286 3687 intellexe-

55 3975 95 4028 hle
121 3978 236 4046 addere,
256 3999 322 4051 quae
340 4001 367 4052 p.
386 3985 418 4035 77
436 4001 478 4036 me
495 3985 614 4056 fugerat,
632 3984 779 4057 corrigendi
794 3986 846 4038 loci
866 3989 896 4037 de
915 3987 985 4038 Orat.
1004 3985 1024 4039 l.
1046 3986 1079 4050 l,
1098 3983 1284 4036 renationem.

55 4059 101 4112 Ubi
127 4066 197 4131 quod
221 4067 330 4137 legitur:
348 4072 465 4122 divinitus
481 4099 517 4108 -
533 4073 678 4141 deplorato,
697 4074 776 4124 risum
794 4080 891 4124 movet.
920 4073 1045 4123 Divinitas
1061 4071 1202 4122 illustratur
1219 4084 1285 4134 pro·

55 4148 144 4200 rimis:
162 4153 314 4204 orota-
331 4157 455 4208 amassent.
479 4158 531 4209 Sed
554 4159 704 4226 deplorando
717 4159 865 4210 luturanon
880 4157 1071 4225 praevidemus.
1091 4154 1177 4214 Quare
1190 4153 1285 4220 legen-

55 4232 113 4284 dum
134 4234 252 4288 videtur.
290 4242 344 4303 Quo
364 4242 491 4308 quidem
479 4260 507 4293 m
533 4261 642 4294 emmone
665 4244 751 4333 modu
764 4246 882 4295 divinitas
902 4261 919 4293 ιι
942 4243 1019 4293 eibos
1042 4241 1091 4290 illis
1115 4238 1286 4290 oonwloribus
1319 4265 1321 4270 ,

55 4317 124 4370 [letto
147 4321 263 4469 deinqlo
286 4326 422 4393 prolato
443 4336 467 4377 et
489 4336 675 4379 conmemorare
694 4302 824 4380 narrabat.
860 4329 952 4380 Facilis
978 4327 1027 4380 luit
1047 4326 1158 4378 librariis
1177 4326 1285 4376 aberre-

55 4404 148 4455 tion—
173 4405 213 4456 Ed
